1904 3256
423 296 506 339 668
887 314 928 350 Q.
962 313 1163 342 Ηοκᾼτιι
1200 313 1369 342 susem

645 402 760 452 Quid
780 404 862 443 iste
881 404 964 444 fert
982 403 1220 444 tumultus?
1251 409 1294 445 et
1312 406 1419 458 quid
1441 406 1625 449 omnium

700 468 862 508 Vultus
881 468 926 508 in
944 482 1075 510 unum
1093 482 1163 510 me
1188 473 1363 512 truces?

645 533 730 573 Per
748 533 909 574 liberos
926 542 983 583 te,
1001 534 1062 588 (si
1084 540 1239 578 vocata
1258 539 1466 591 partubus
1812 543 1840 582 5

701 598 866 640 Lucina
886 601 998 640 veris
1020 599 1183 654 affuit,)

419 710 484 740 vult
498 710 549 741 ille
562 710 732 749 strepitus?
778 711 832 744 Vel
846 722 988 753 quorsum
1000 714 1102 752 facies
1115 714 1246 746 omnium
1259 715 1392 748 istarum
1405 720 1550 756 apparent
1566 717 1722 750 terribiles
1735 719 1842 750 adver·

417 761 468 782 sus
482 761 528 782 me
541 751 659 784 solum?
704 753 744 783 Te
758 763 810 784 oro
828 764 884 794 per
895 755 994 798 filios,
1010 756 1038 786 si
1051 755 1157 788 Diana
1169 756 1263 798 affuit
1280 757 1359 789 veris
1378 759 1527 799 partubus
1540 760 1692 800 invocata,
1710 769 1766 799 per
1788 770 1842 792 va-

1013 833 1249 847 eeeeeeeeeee

418 881 532 921 rentii,
557 882 638 914 item
665 882 778 914 Acron
801 884 834 915 in
858 884 939 925 Reg.
969 886 1042 917 Soc.
1067 887 1180 921 Zarot,
1206 888 1344 920 Mediol.
1361 891 1454 920 1477.
1472 891 1565 921 1486.
1597 889 1739 921 Venett.
1751 891 1844 921 1477.

419 925 511 954 1478.
530 926 623 955 1479.
648 925 854 958 vet.comb.
871 927 960 958 Dan.
984 928 1104 961 Heius.
1129 934 1164 960 et
1186 930 1299 962 Maitt.
1322 931 1364 961 At
1387 941 1404 960 ο
1428 931 1636 971 D.11uidquid
1656 931 1690 962 in
1711 941 1739 962 c.
1759 932 1844 970 regit

419 966 567 996 nonnulli
583 976 636 1006 ap.
653 966 767 998 Bentl.
786 977 898 998 omnes
916 969 1059 1001 Blandd.
1077 980 1130 1010 ap.
1140 971 1242 1011 Cruq.
1259 971 1376 1012 reliqui
1392 972 1547 1004 Torrent.
1565 973 1658 1004 Harl.
1669 975 1699 1004 1.
1716 975 1747 1004 3.
1763 976 1794 1004 4.
1809 975 1842 1004 6.

418 1015 534 1037 omnes
561 1007 722 1046 Lambini,
747 1009 886 1040 Venett.
914 1013 1007 1042 1483.
1037 1015 1132 1043 1488.
1158 1016 1251 1044 1503.
1281 1013 1395 1045 Lamb.
1417 1014 1519 1054 Cruq.
1545 1014 1704 1046 Torrent.
1727 1014 1841 1045 Bentl.

417 1047 539 1088 Delph.
564 1050 734 1081 Schrevel.
761 1051 904 1091 Cuning.
931 1052 1052 1083 Sanad.
1078 1055 1226 1094 Towers,
1257 1055 1403 1090 Francis,
1430 1055 1548 1087 Jones.
1574 1056 1676 1087 Baxt.
1702 1055 1842 1096 Bipont.

418 1088 562 1120 Wetzel.
581 1091 716 1122 Mitsch.
732 1091 866 1124 Wakef.
882 1093 988 1128 Kidd.
1009 1098 1044 1124 et
1065 1095 1182 1127 Comb.
1225 1095 1339 1135 Atque
1354 1096 1402 1127 ita
1418 1096 1544 1129 citatur
1559 1097 1676 1128 Servio
1691 1097 1735 1128 ad
1748 1097 1844 1135 Virg-

417 1129 492 1160 AEn.
509 1139 574 1162 vu.
589 1134 663 1164 363.
679 1138 714 1163 et
728 1141 777 1164 tx.
793 1136 864 1165 144.
888 1135 967 1174 quin
984 1139 1019 1165 et
1034 1135 1168 1167 Donato
1183 1136 1225 1166 ad
1239 1137 1378 1168 Terent.
1396 1137 1500 1169 Andr.
1517 1146 1567 1169 ιν.
1582 1141 1611 1168 l.
1626 1140 1679 1168 40.
1701 1138 1747 1169 At
1761 1147 1778 1168 o
1798 1138 1843 1169 D.

417 1171 554 1211 quisquis
575 1173 608 1203 in
633 1183 660 1204 c.
682 1174 764 1212 regit
785 1173 927 1206 Ala—3
951 1176 1047 1206 Harl.
1069 1179 1101 1208 4.
1124 1179 1156 1208 6.
1177 1177 1302 1208 Venet.
1328 1187 1384 1217 ap.
1412 1178 1518 1209 Zeun.
1545 1179 1706 1210 Glarean.
1731 1178 1842 1210 Bond.

416 1212 586 1244 Schrevel.
601 1214 723 1253 Delph.
740 1219 776 1245 et
790 1216 832 1246 al.
850 1220 932 1246 vett.
955 1220 1010 1247 aut
1023 1218 1097 1257 quid
1111 1218 1265 1254 omnium‚·
1289 1218 1385 1249 Harl.
1397 1221 1432 1249 -1.
1447 1221 1480 1251 2.
1494 1222 1526 1250 3.
1538 1229 1654 1250 omnes
1668 1229 1723 1260 ap.
1740 1220 1842 1260 Cruq.

418 1258 454 1283 et
468 1253 546 1284 edd.
564 1259 706 1286 recentt.
722 1259 752 1286 et
765 1257 839 1295 quid
852 1258 997 1288 omnium.
1036 1261 1045 1274 ‘
1057 1258 1203 1291 Quidam
1218 1259 1299 1290 libri
1314 1259 1439 1290 habent
1449 1262 1504 1291 aut
1519 1260 1610 1301 quia:
1631 1259 1691 1291 sed
1704 1264 1844 1301 utraque

417 1295 586 1334 particula
601 1296 744 1327 delenda
759 1303 829 1328 est:
847 1303 965 1330 neutra
979 1299 1067 1330 enim
1083 1300 1311 1340 gravissimam
1326 1301 1422 1341 pueri
1435 1300 1518 1332 iram
1533 1301 1692 1342 exprimit
1705 1311 1714 1332 ε
1729 1302 1843 1333 verum

418 1338 545 1368 utravis
561 1337 675 1370 addita
697 1348 771 1370 eam
793 1339 995 1372 moderatur.
1039 1341 1152 1374 Quare
1167 1342 1344 1382 legendum
1360 1343 1477 1383 ecquid,
1500 1347 1537 1374 et
1561 1343 1609 1374 ita
1629 1343 1752 1374 liabent
1766 1343 1844 1375 edd.

417 1376 656 1411 Ascensianae.'
681 1380 816 1419 Cuning.
874 1382 972 1413 Hanc
1005 1383 1181 1414 lectionem
1205 1389 1408 1425 receperunt
1434 1384 1559 1416 Sanad.
1588 1389 1626 1417 et
1654 1385 1844 1419 rewers.-

1063 1466 1202 1498 NOTAE

459 1523 606 1554 Metrum
621 1523 709 1555 idem
726 1524 815 1566 quod
833 1526 939 1566 Epod.
952 1535 977 1558 1.

459 1574 476 1602 1
493 1567 568 1603 At‘o
582 1573 733 1614 Deorum]
748 1575 861 1606 Julius
876 1575 1039 1616 Scaliger,
1054 1577 1104 1608 vir

416 1621 538 1662 alioqui
555 1631 712 1662 summus,
730 1623 820 1664 (quis
836 1625 953 1656 credat
964 1625 994 1666 ?)
1019 1626 1105 1657 hanc

418 1669 517 1700 Oden
561 1671 705 1710 pessime
747 1672 924 1711 intellexit,
962 1674 1104 1713 pessime

415 1718 552 1758 carpsit.
595 1718 748 1759 Singulas
774 1720 847 1759 ejus
862 1721 1104 1762 cavillationes,

414 1767 534 1807 lector,
560 1777 738 1809 cognosce,
760 1774 795 1800 et
811 1769 940 1810 judica,
967 1771 1008 1801 ad
1032 1771 1105 1802 loca

416 1817 548 1856 singula
562 1819 697 1857 relatas,
707 1829 746 1850 ac
762 1820 795 1850 ni
812 1819 922 1860 fallor,
935 1821 1039 1861 probe
1055 1821 1103 1852 di-

415 1866 513 1896 lutas.
555 1866 603 1898 At
624 1877 693 1899 rem
711 1873 814 1900 totam
830 1869 1010 1909 diligenter
1026 1874 1103 1901 ante

417 1915 552 1954 accipe:
576 1924 638 1947 nec
665 1916 753 1947 enim
778 1922 871 1948 caret
895 1917 1102 1949 difficultati-

418 1962 500 2001 bus;
524 1968 560 1994 et
575 1964 725 2005 quaedam
749 1975 827 1998 sane
853 1967 1039 2006 supplenda
1060 1977 1102 1997 ex

417 2021 590 2052 magorum
619 2014 793 2046 institutis.
853 2015 940 2046 Haec
976 2025 1103 2046 summa

417 2064 479 2092 cst.
523 2062 735 2094 Conveniunt
750 2063 790 2094 ad
809 2063 1004 2094 veneficium
1023 2074 1102 2104 qua-

417 2114 494 2141 tuor
506 2121 608 2152 sagae,
624 2121 762 2152 quarum
774 2112 916 2144 Canidia
927 2113 1101 2152 Princeps,

416 2170 491 2201 quae
512 2160 554 2192 de
567 2162 657 2192 Varo
672 2171 747 2193 suos
770 2171 898 2193 amores
921 2168 1102 2202 spernente

416 2210 544 2249 ulcisci,
567 2210 727 2252 illumque
751 2211 793 2242 ad
818 2220 853 2241 se
883 2211 1016 2242 trahere
1043 2220 1103 2251 per

415 2257 664 2290 incantamenta
679 2260 869 2300 satagebat.
902 2260 1020 2302 Itaque
1036 2261 1101 2301 pri-

415 2315 504 2337 mum
520 2316 562 2337 ex
577 2307 709 2338 elixatis
726 2313 794 2339 tum
817 2308 928 2340 herbis
946 2313 1014 2340 tum
1030 2310 1102 2340 aliis

417 2355 518 2387 rebus
540 2363 758 2396 unguentum,
789 2367 850 2389 seu
876 2360 1102 2398 pharmacum,

417 2404 569 2444 conficit;
591 2405 740 2446 illudque
757 2405 895 2438 adhibet
911 2407 953 2438 ad
969 2417 1102 2438 ceream

418 2453 500 2484 Vari
526 2454 717 2494 imaginem,
740 2464 837 2495 quam
860 2454 902 2486 de
923 2464 1015 2486 more
1034 2455 1102 2486 illic

417 2503 521 2534 statui
545 2503 822 2544 supponendum;
853 2508 924 2535 rata
947 2504 1101 2535 nimirum

416 2552 556 2591 perinde
574 2553 607 2583 in
623 2552 747 2583 Varum
763 2562 876 2593 agere,
899 2562 938 2584 ac
958 2553 986 2583 si
1009 2553 1103 2584 ades·

417 2605 483 2639 set,
505 2605 540 2632 et
561 2605 734 2641 unguento
755 2601 812 2632 illo
833 2601 906 2641 ipse
922 2600 1102 2642 perfunde-

417 2653 520 2680 retur.
563 2649 610 2680 At
625 2659 698 2681 cum
715 2649 950 2682 animadvertit
961 2645 1102 2682 Canidia

414 2697 508 2737 prins
522 2698 586 2730 hoc
602 2698 707 2729 minus
718 2699 862 2731 valuisse
877 2699 1101 2730 incantamen-

413 2752 496 2781 tum,
512 2746 602 2787 quod
617 2748 728 2779 Varus
744 2748 922 2780 contrariis
943 2758 980 2779 se
1003 2748 1100 2788 phar-

414 2796 518 2828 macis
542 2796 798 2837 praemuniisset,
827 2801 898 2829 tum
921 2806 999 2828 vero
1019 2798 1102 2829 alte-

1158 1538 1228 1560 rum
1245 1533 1341 1570 parat
1361 1529 1541 1570 efficacius,
1566 1539 1606 1562 ac
1626 1530 1717 1562 velut
1731 1534 1843 1562 extre-

1157 1588 1244 1611 mum
1279 1579 1475 1620 remedium,
1508 1579 1639 1611 scilicet
1669 1580 1841 1620 philtrium,

1157 1637 1215 1658 seu
1239 1628 1407 1668 potionem
1433 1627 1628 1659 amatorium
1649 1637 1669 1659 e
1689 1628 1842 1660 medullis

1157 1679 1192 1706 et
1213 1675 1333 1714 jecore
1359 1676 1454 1716 pueri
1478 1681 1577 1708 terrae
1601 1675 1730 1715 infossi,
1744 1685 1842 1716 quern

1157 1733 1198 1753 ex
1225 1723 1335 1754 inedia
1356 1724 1596 1757 contabescere
1621 1729 1659 1758 et
1686 1725 1842 1765 expirare

1157 1771 1295 1804 faciunt.
1339 1772 1423 1804 Haec
1443 1772 1552 1805 omnia
1571 1782 1670 1813 porro
1685 1773 1769 1805 mire
1785 1773 1842 1804 de-

1156 1821 1273 1852 scribit
1286 1830 1325 1852 ac
1341 1821 1434 1852 varie
1449 1826 1590 1852 exornat
1606 1821 1727 1854 Poeta.
1765 1822 1842 1854 Jam

1157 1869 1286 1908 singula
1299 1869 1524 1909 inspiciamus.

1198 1919 1216 1947 3
1241 1917 1327 1952 Quid
1346 1917 1405 1948 iste
1417 1918 1488 1954 fert
1510 1920 1671 1960 tumultus,
1695 1919 1765 1959 Asa]
1786 1919 1845 1950 In·

1156 1965 1291 1996 ducitur
1306 1965 1444 2006 loquens
1457 1975 1552 2006 puer,
1569 1976 1666 2007 quem
1682 1967 1840 1999 veneficae

1155 2014 1220 2046 illae
1244 2018 1379 2054 raptum
1407 2020 1508 2046 terrae
1539 2015 1688 2047 infodere
1711 2020 1841 2056 parant,

1155 2063 1196 2093 ad
1231 2062 1475 2094 conficiendum
1497 2073 1540 2095 ex
1569 2065 1639 2105 ejus
1673 2065 1842 2098 intestinis

1156 2112 1326 2152 philtrium,
1340 2122 1398 2143 seu
1415 2113 1536 2144 amoris
1551 2114 1717 2154 poculum.
1756 2115 1838 2146 Tru-

1156 2162 1307 2193 culentas
1322 2171 1399 2193 vero
1417 2160 1521 2193 facies
1531 2172 1761 2203 expavescens
1777 2164 1842 2195 ista

1156 2208 1296 2250 profert.

1196 2261 1215 2288 6
1238 2257 1277 2288 Si
1303 2261 1408 2288 vocata
1439 2258 1587 2298 partubus
1614 2259 1734 2290 Lucina
1760 2259 1842 2291 veris

1154 2306 1262 2348 afflit]
1286 2306 1372 2337 Haec
1397 2307 1456 2342 ait,
1481 2308 1636 2347 quoniam
1663 2309 1840 2349 suppositi-

1157 2357 1221 2387 tios
1246 2355 1345 2386 foetus
1362 2354 1497 2386 alebant
1523 2356 1690 2387 interdum
1714 2356 1839 2388 venefi-

1155 2415 1217 2446 cae,
1235 2404 1276 2435 ad
1300 2413 1360 2435 sua
1381 2404 1549 2435 scelerata
1570 2404 1707 2435 consilia
1731 2404 1841 2435 utiles.

1154 2454 1242 2484 Vide
1257 2453 1365 2492 Epod.
1389 2459 1478 2482 xvn.
1501 2455 1536 2482 et
1557 2452 1638 2484 Not.
1652 2451 1693 2483 ad
1710 2462 1767 2484 eas
1784 2463 1838 2484 vo·

1155 2512 1224 2542 ces,
1245 2503 1254 2520 ‘
1269 2507 1386 2532 venter
1401 2499 1632 2541 partumeius.'

1196 2555 1217 2582 6
1239 2550 1372 2590 Lucina]
1415 2549 1456 2580 In
1493 2554 1592 2590 partu
1619 2549 1839 2582 invocabatur

1155 2602 1279 2639 Diana,
1303 2604 1341 2631 ut
1370 2598 1503 2629 adesset
1529 2602 1598 2629 tum
1626 2600 1839 2640 parturienti,

1155 2655 1226 2683 tum
1255 2648 1434 2691 prodeunti
1463 2648 1497 2678 in
1525 2647 1636 2679 lucem
1662 2647 1837 2680 infantulo.

1153 2699 1244 2730 Hinc
1279 2706 1474 2738 cognomen,
1497 2696 1628 2729 Lucina.
1669 2697 1757 2730 Vide
1783 2706 1854 2744 111.v

1154 2748 1220 2780 Od.
1235 2750 1288 2779 22.
