1904 3256
413 263 497 304 754
985 270 1255 300 APPEanx.

413 365 500 396 Item
526 365 655 397 decima
680 366 809 405 quarta,
833 361 963 391 decima
988 360 1116 401 quinta,
1140 365 1259 402 quarta
1281 365 1315 392 et
1338 361 1508 393 vicesima.
1551 362 1734 395 Tricesima
1748 372 1827 396 vero

414 418 524 457 prima
538 417 621 448 adeo
636 414 791 454 assurgit,
806 417 844 443 ut
855 412 955 443 facile
971 412 1093 453 probet
1101 413 1270 453 judicium
1287 418 1442 445 nostrum.
1487 414 1562 445 Nec
1577 413 1713 446 Inferior
1729 417 1827 447 trice-

415 469 499 499 sima
515 469 641 509 quinta.

455 520 464 536 ‘
481 521 586 550 Porro
600 518 656 548 lib.
668 526 708 547 ιι.
724 515 829 556 prima
843 515 920 547 Ode
936 520 990 547 est
1004 516 1178 557 altiloqua‚
1201 516 1289 548 sicut
1303 521 1339 548 et
1353 517 1470 559 quinta
1484 517 1626 549 decima.
1649 517 1718 548 Par
1731 516 1828 558 spiri-

415 574 469 601 tus
482 571 516 601 in
529 567 776 600 undevicesima
791 568 873 598 etin
888 568 1055 606 sequenti.

454 623 464 639 ‘
485 622 551 652 Sed
578 624 613 651 et
635 620 693 650 lib.
714 627 773 650 111.
802 619 909 659 prima
932 619 1066 650 dicendi
1087 628 1210 660 genere
1225 620 1401 660 magnifico
1421 624 1548 651 structa
1570 623 1634 660 est,
1655 620 1782 660 pariter
1795 623 1830 651 et

415 672 571 704 secunda.
613 671 727 701 Tertia
739 679 819 702 vero
834 670 1037 710 gravissima.
1080 671 1208 703 Quarta
1233 680 1294 702 nec
1318 671 1466 702 Pindaro
1483 671 1587 710 cedit,
1602 681 1640 702 ac
1656 681 1698 702 ne
1713 671 1829 711 quinta

414 725 560 765 quidem.
605 722 696 755 Quin
725 727 822 753 sexta
850 732 981 763 quoque
1008 722 1168 754 altissime
1196 727 1300 754 sonat.
1343 723 1443 754 Haud
1473 723 1571 763 paulo
1597 723 1704 753 minor
1732 727 1829 753 sexta
1865 717 1869 721 ¹

415 776 554 807 decima.
600 773 648 805 At
663 774 820 805 vicesima
842 783 930 804 nona
944 774 1064 814 incipit
1079 774 1263 805 lenissime:
1287 778 1356 805 tum
1379 784 1457 805 vero
1478 783 1608 814 semper
1628 774 1774 813 assurgit
1788 781 1828 804 eo

414 835 531 867 usque,
558 835 623 865 quo
647 834 745 856 nemo
771 825 910 855 aliorum
935 825 1113 865 pervenire
1135 826 1250 865 possit.
1293 825 1420 856 Ultima
1439 826 1588 866 ejusdem
1605 825 1682 856 libri
1697 826 1829 856 miscuit

414 879 516 910 etiam
532 876 654 908 fastum
671 886 747 908 eum
762 877 948 916 majestate.

456 932 466 948 ‘
483 930 611 962 Quarta
626 929 682 960 lib.
698 937 747 959 ιν.
763 927 915 968 profecto
927 928 1067 959 aliarum
1083 929 1164 960 nulli
1180 929 1270 960 cedit
1291 929 1583 970 magniloquentia.
1626 930 1734 961 Quam
1754 938 1828 970 quae

413 982 575 1022 sequitur,
604 980 736 1011 tametsi
764 988 804 1010 eo
826 989 893 1010 non
921 981 1058 1020 aspirat,
1079 982 1112 1012 in
1136 981 1254 1012 eadem
1276 986 1387 1012 tamen
1404 981 1479 1012 luce
1494 984 1667 1012 versatur:
1691 980 1780 1011 sicut
1794 985 1831 1012 et

412 1038 519 1073 sexta,
533 1042 606 1072 quae
622 1031 718 1062 simul
733 1031 842 1062 nitore
857 1031 1001 1072 quodam
1017 1032 1200 1062 venustatis
1217 1031 1352 1071 perfusa
1367 1036 1430 1064 est.
1474 1032 1573 1063 Nona
1587 1032 1683 1063 altior
1692 1036 1728 1062 et
1738 1041 1831 1062 seve-

413 1084 502 1115 rior:
526 1083 630 1124 qualis
647 1087 682 1114 et
695 1087 816 1124 quarta
831 1083 958 1114 decima
971 1093 980 1114 ι
1005 1091 1067 1114 nec
1082 1083 1189 1114 minor
1204 1092 1276 1114 eam
1293 1093 1448 1124 sequens.

453 1137 464 1153 ⁴
480 1137 564 1168 Quae
582 1144 756 1166 recensere
778 1138 914 1166 coactus
940 1144 1023 1175 sum,
1045 1140 1084 1166 ut
1107 1136 1213 1166 virum
1237 1136 1414 1166 maximum
1439 1139 1540 1176 atque
1553 1135 1655 1165 etiam
1669 1143 1743 1165 cnm
1759 1133 1830 1174 ipso

412 1187 564 1219 Pindaro
591 1187 625 1217 in
646 1186 738 1218 hisce
760 1185 997 1217 conferendum
1023 1195 1043 1216 a
1065 1187 1231 1218 calumnia
1253 1186 1470 1217 vindicarem.
1514 1186 1602 1217 Nam
1626 1189 1661 1216 et
1682 1184 1832 1216 Pindaro

413 1239 601 1272 accuratior
614 1243 680 1279 est,
693 1243 729 1270 et
745 1239 920 1270 sententiis
935 1239 1100 1279 crebrior,
1115 1249 1225 1281 neque
1241 1239 1318 1276 sibi,
1333 1243 1371 1271 ut
1386 1239 1455 1278 ille,
1470 1238 1644 1279 indulgens
1657 1248 1668 1276 ;
1690 1237 1749 1268 sed
1765 1247 1830 1268 non

413 1293 486 1323 sine
510 1291 672 1322 auditoris
695 1291 896 1330 reverentia,
919 1291 1027 1322 audax
1050 1291 1091 1321 ad
1115 1300 1187 1322 eam
1210 1290 1436 1330 praestandam
1458 1289 1731 1330 magnitudinem,
1755 1298 1830 1329 quae

411 1352 520 1383 neque
536 1343 585 1373 illi
599 1342 705 1382 oneri,
720 1346 757 1372 ut
773 1341 867 1372 nobis
881 1341 1040 1372 miraculo
1054 1342 1108 1372 sit.
1151 1341 1192 1372 In
1205 1351 1244 1372 eo
1257 1342 1337 1372 nihil
1353 1342 1464 1372 laxum
1478 1345 1543 1378 est,
1555 1341 1636 1372 nihil
1650 1341 1720 1372 hiat
1733 1351 1740 1370 τ
1762 1349 1830 1371 om-

411 1394 466 1425 nia
481 1394 664 1431 cohaerent,
678 1393 726 1423 ita
741 1397 778 1423 ut
794 1402 894 1423 unum
910 1397 982 1423 tota
997 1393 1056 1423 illa
1070 1401 1143 1424 esse
1158 1393 1346 1427 videantur.

455 1445 466 1462 ‘
477 1446 608 1476 ceterae
626 1445 807 1476 Cantiones
823 1445 946 1484 partim
962 1444 995 1475 in
1009 1445 1125 1475 humili
1140 1443 1272 1476 dicendi
1288 1444 1391 1483 stylo,
1403 1448 1462 1475 ut:

792 1496 887 1526 Vitas
902 1495 1058 1526 hinnuleo
1074 1505 1126 1526 me
1142 1496 1255 1526 similis
1272 1495 1388 1534 Chloe',
1402 1497 1465 1526 &c.

413 1551 459 1582 Et
793 1547 847 1577 Ne
863 1547 906 1577 sit
920 1546 1049 1577 ancillae
1067 1546 1128 1577 tibi
1145 1555 1236 1577 amor
1253 1546 1385 1586 pudori,
1399 1548 1462 1576 &c-

413 1600 500 1632 Aliae
515 1599 548 1629 in
563 1596 737 1636 mediocri,
750 1601 786 1627 ut
800 1597 864 1627 illae
879 1607 887 1627 :

791 1648 963 1679 Maecenas
979 1649 1084 1680 atavis
1102 1649 1191 1680 edite
1213 1648 1362 1689 regibus,
1382 1650 1444 1680 &c.

411 1704 457 1735 Et
793 1701 911 1731 Otium
928 1701 1030 1733 Divos
1046 1705 1145 1741 rogat
1159 1701 1193 1732 in
1210 1701 1351 1741 patenti,
1365 1703 1430 1732 &Q

455 1753 615 1791 ‘0mnes‚
638 1752 786 1792 inquam,
809 1756 911 1782 tantae
927 1757 1004 1783 sunt
1015 1753 1212 1792 venustatis,
1227 1757 1264 1784 ut
1279 1757 1314 1784 et
1330 1752 1408 1783 mihi
1423 1756 1458 1783 et
1471 1753 1545 1784 aliis
1560 1751 1829 1793 prudentioribus

413 1813 543 1836 omnem
560 1803 746 1834 ademerint
761 1812 855 1842 spem
871 1803 985 1833 talium
999 1804 1197 1835 studiorum.

452 1855 567 1886 ‘Inter
577 1854 658 1885 alias
670 1863 760 1890 vero,
773 1853 855 1884 duas
869 1853 1089 1884 animadverti
1101 1854 1219 1894 quibus
1233 1864 1275 1885 ne
1287 1854 1484 1885 ambrosiam
1502 1854 1632 1895 quidem
1644 1858 1702 1886 aut
1712 1859 1828 1887 nectar

412 1906 563 1939 dulciora
577 1910 703 1945 putem.
746 1904 867 1935 Altera
882 1909 932 1935 est
945 1897 1045 1936 tertia
1058 1905 1117 1936 lib.
1134 1914 1182 1936 xv.
1206 1906 1215 1922 ‘
1231 1907 1339 1937 Quem
1356 1910 1392 1936 tu
1408 1906 1645 1946 Melpomene,'
1662 1909 1726 1937 ὅτε.
1769 1907 1827 1937 ΑΙ-

413 1966 486 1990 tera
501 1966 588 1988 nona
603 1956 659 1987 lib.
675 1964 730 1986 ιη.
751 1956 886 1986 ‘Donec
911 1960 1025 1995 gratus
1047 1965 1136 1987 eram
1159 1956 1244 1987 tibi.¹
1287 1957 1433 1989 Quarum
1459 1957 1582 1988 similes
1606 1958 1715 1988 malim
1735 1967 1755 1988 a
1774 1967 1826 1988 me

411 2008 624 2049 compositas,
638 2017 734 2048 quam
749 2007 1022 2047 Pythionicarum
1035 2008 1156 2038 multas
1168 2007 1307 2038 Pindari
1322 2013 1356 2038 et
1373 2008 1403 2038 N
1408 2009 1671 2040 emeonicarum:
1687 2017 1826 2050 quarum

411 2060 534 2091 similes
550 2059 661 2090 malim
676 2059 902 2099 composuisse
918 2067 1015 2098 quam
1032 2067 1106 2089 esse
1122 2058 1223 2090 totius
1237 2058 1491 2090 Tarraconensis
1507 2068 1578 2091 rex.

454 2111 523 2142 ‘At
538 2110 670 2142 tametsi
689 2115 756 2141 tam
772 2109 946 2150 magnifice
960 2109 1002 2140 de
1026 2110 1161 2141 Horatii
1183 2110 1390 2141 Carminibus
1414 2110 1544 2142 sentio:
1568 2115 1678 2142 tamen
1701 2109 1828 2142 dabunt

410 2163 552 2204 ingenuo
580 2162 745 2203 nobilique
771 2162 890 2203 pudori
917 2166 1029 2194 nostro
1058 2161 1185 2193 veniam
1210 2161 1362 2197 studiosi,
1387 2162 1492 2194 sicubi
1516 2162 1616 2194 etiam
1638 2162 1824 2203 optavimus

412 2215 564 2258 potiora!
