1904 3256
349 265 436 305 712*
822 281 863 317 Q.
896 278 1097 309 uonA'rn
1133 278 1303 307 1:1,Acm

469 369 614 410 Ureris
636 370 730 423 ipse
750 371 902 419 miser3
934 370 1050 421 quod
1072 370 1109 409 si
1128 382 1213 409 non
1233 370 1451 422 pulchrior
1472 372 1583 424 ignis
1644 378 1650 385 ’

517 435 729 476 Accendit
748 436 974 475 obsessam
995 434 1130 484 Ilion,

460 500 614 540 Gaude
635 503 749 539 sorte
769 503 871 549 tua3
900 512 968 539 me
989 499 1202 549 libertina,
1219 513 1358 554 neque
1380 514 1464 542 uno
1646 537 1650 540 Δ
1716 505 1771 544 15

516 566 742 614 Contenta,
764 564 935 618 Phryne
954 569 1159 606 macerat.

347 675 374 703 si
397 683 455 703 mm
471 672 637 709 formosior
661 672 746 709 ignis
770 673 916 703 cremavit
943 672 1065 711 Trojam
1089 675 1304 713 expugnatam,
1325 674 1431 704 loetare
1454 675 1491 704 de
1515 677 1568 704 tua
1591 674 1773 706 conditione.

352 714 434 744 Nam
449 714 512 744 urit
528 723 574 744 me
590 713 716 752 Phryne
731 713 876 744 libertina
892 723 951 744 uno
966 718 1099 745 amtore
1113 715 1236 745 minime
1249 717 1398 745 contenta.

952 792 1188 810 ocoeoeeeeee‘o

347 849 442 879 cem?
471 849 679 886 Wsslces--lss
704 849 781 880 Nic.
799 849 959 880 Heinsius
976 850 1008 880 in
1025 850 1197 882 Addendis
1214 849 1255 880 ad
1273 849 1376 881 Ovid.
1391 858 1425 890 p.
1441 851 1514 880 435.
1537 849 1620 889 legit
1634 859 1688 880 nec
1706 851 1774 890 pul-

349 891 543 922 chriam—15
569 891 636 921 Nec
651 901 709 921 uno
727 890 824 922 Harl·
839 894 871 922 1.
885 894 917 923 4.
933 895 964 922 6.

998 965 1135 996 NOTAE

394 1029 431 1057 13
460 1026 567 1057 Ureris
587 1026 650 1066 ipse
673 1027 781 1066 miser]
804 1026 835 1057 O
851 1027 1035 1067 Maecenas,
1088 1028 1194 1059 cinia·
1186 1027 1213 1068 ‚)
1246 1027 1334 1059 unde
1364 1026 1427 1058 tibi
1449 1026 1608 1095 gratulor.
1650 1026 1774 1068 Virgll.

351 1077 485 1116 propria
499 1076 631 1117 quidem
647 1076 856 1116 experientia
879 1077 964 1107 nosti
986 1087 1036 1107 sa·
1088 1078 1098 1094 ‘
1113 1077 1235 1107 Meus·
1227 1077 1311 1116 ignis
1327 1075 1516 1116 Amyntas!

351 1126 394 1155 tis
410 1125 488 1165 quid
507 1134 597 1155 amor
612 1125 737 1165 possit3
762 1125 865 1156 debes
881 1135 960 1166 ergo
977 1125 1037 1156 mi·
1132 1127 1170 1155 16
1195 1125 1334 1164 Phryne]
1375 1124 1486 1164 Hujus
1513 1125 1655 1156 nominis
1684 1126 1774 1166 apud

351 1174 384 1204 hi
403 1173 607 1204 condonare.
1091 1175 1230 1205 Graecos
1247 1173 1360 1212 plures
1370 1171 1466 1203 fuere
1481 1174 1687 1205 meretrices.
1702 1175 1778 1206 Una

396 1223 485 1257 Quod
506 1223 534 1252 si
559 1231 618 1252 non
639 1222 795 1262 pulchrior
811 1222 911 1262 ignis]
934 1221 1037 1263 Atqui
1091 1233 1162 1264 prae
1181 1223 1304 1258 ceteris
1324 1221 1480 1253 iaudatur
1505 1222 1626 1254 Athen.
1646 1231 1729 1254 xm.
1744 1226 1776 1255 θ.

352 1271 497 1311 Helena,
512 1281 587 1312 quae
603 1281 706 1302 causa
726 1270 790 1302 fuit
806 1271 929 1302 excidii
945 1277 979 1302 et
994 1271 1040 1302 in·
1092 1282 1164 1314 quae
1190 1271 1369 1302 multorum
1393 1271 1564 1303 criminum
1589 1281 1648 1304 rea
1667 1276 1777 1305 tamen

352 1321 462 1351 cendii
480 1320 570 1351 urbis
585 1321 706 1360 Trojae,
731 1315 795 1351 non
811 1324 884 1351 erat
900 1320 1041 1351 nobilior
1093 1321 1245 1353 absoluta
1266 1326 1318 1351 est
1334 1320 1534 1361 ajudicibus
1549 1322 1618 1363 ejus
1633 1316 1779 1364 pulchri-

354 1374 412 1399 aut
427 1370 595 1408 pulchrior
610 1379 650 1399 ea
666 1370 802 1400 muliere
820 1378 917 1408 quam
934 1373 967 1398 tu
985 1369 1041 1399 de·
1093 1370 1211 1402 tudine
1223 1370 1380 1410 singulari
1395 1369 1517 1409 captis.

354 1417 468 1457 μοι-ΞΜ
488 1417 666 1457 (Terentia
687 1426 820 1457 nempe,
841 1427 914 1457 quae
937 1422 972 1448 et
989 1418 1041 1448 Li-

935 1563 1063 1604 ODE
1093 1563 1204 1604 XV.

785 1663 851 1691 AD
884 1663 911 1691 N
925 1662 1102 1692 EAERAM
1129 1662 1352 1699 ,AMICAM-

456 1731 618 1763 Horatius
633 1732 779 1772 perjurae
795 1733 910 1764 amicae
926 1736 962 1764 et
978 1733 1092 1773 rapaci
1109 1732 1260 1764 nuntium
1275 1742 1310 1763 se
1326 1732 1502 1763 missurum
1518 1731 1676 1763 minatur.

475 1806 592 1845 Nox
615 1809 722 1855 erat,
742 1809 784 1845 et
803 1806 917 1846 coelo
936 1806 1130 1858 fulgebat
1146 1807 1250 1847 luna
1270 1818 1421 1848 sereno

529 1870 644 1910 Inter
661 1871 827 1911 minora
847 1872 1004 1921 sidera,

471 1934 582 1975 Cum
605 1940 666 1984 tu,
685 1948 930 1988 magnorum
951 1948 1110 1976 numen
1129 1937 1290 1977 laesura
1310 1936 1518 1984 Deorum,

476 2032 478 2034 v
527 1999 581 2040 In
602 2001 733 2042 verba
747 2001 931 2054 jurabas
953 2014 1062 2050 mea,

408 2114 478 2144 Nox
498 2118 577 2149 erat,
592 2116 622 2145 et
634 2113 725 2145 Luna
743 2113 874 2144 micabat
894 2113 976 2144 inter
995 2116 1079 2143 astra
1100 2113 1230 2151 minora,
1245 2114 1320 2143 mdo
1341 2113 1463 2153 quidem
1487 2113 1575 2150 ae're;
1596 2114 1715 2152 quando
1736 2115 1783 2150 eu,

361 2155 513 2187 violatura
526 2165 636 2187 numen
655 2165 833 2195 magnorum
847 2156 998 2196 Deorum,
1021 2156 1053 2185 in
1071 2164 1136 2185 mea
1152 2155 1244 2185 verba
1258 2155 1398 2195 jurabas,
1410 2154 1548 2185 mollibus
1560 2155 1690 2185 brachiis
1702 2163 1781 2185 com-

954 2236 1187 2249 eeeeeeeeeeee

401 2291 509 2322 Deest
524 2291 596 2322 haec
612 2291 687 2321 Ode
707 2291 852 2322 Editioni
869 2291 991 2323 Sanad.
994 2295 1055 2322 —3
1071 2293 1079 2309 ‘
1094 2290 1314 2322 Doclissimus
1331 2289 1408 2320 Nic.
1425 2287 1594 2328 Heinsius,
1611 2290 1724 2328 Forte,
1734 2287 1783 2318 in

364 2333 451 2374 quit,
465 2334 580 2363 lusura.
625 2332 690 2363 Sed
708 2333 787 2363 nihil
802 2338 852 2363 est
867 2343 963 2373 opus.
1007 2334 1017 2351 ‘
1031 2333 1175 2371 Ludere,
1178 2332 1186 2344 ’
1205 2333 1215 2350 ‘
1227 2330 1368 2371 fanen-ej
1389 2331 1538 2361 l‘oedere
1555 2329 1664 2361 Deos’
1687 2337 1783 2369 aeqne

364 2373 498 2422 quidem
514 2374 602 2414 apud
618 2378 770 2404 auctores
784 2379 977 2406 occurrunt.
1020 2375 1086 2405 Sed
1109 2373 1276 2405 ‘laedere'
1299 2373 1364 2411 hic,
1387 2376 1425 2403 ut
1446 2371 1566 2402 fortius
1588 2370 1724 2402 verbnm
1747 2374 1784 2400 et

363 2415 521 2455 atrocius,
536 2415 710 2447 sententiae
728 2416 832 2455 magis
845 2415 1021 2453 convenit3
1043 2420 1078 2446 et
1093 2416 1250 2446 Neaeram
1267 2414 1406 2455 perjurii
1421 2414 1470 2444 sui
1485 2421 1584 2453 poena
1598 2411 1702 2452 magis
1717 2415 1784 2443 ter-

1000 2497 1140 2529 NOTAE

402 2561 552 2592 Men-um
569 2560 676 2592 simile
690 2560 801 2601 Epod.
815 2560 971 2592 anteced.
1101 2559 1184 2591 dunt
1197 2557 1332 2590 oculos!

402 2614 417 2640 1
444 2612 520 2641 Nox
539 2613 618 2650 erut,
635 2610 704 2650 850.]
729 2610 887 2648 Noctem,
907 2609 1047 2649 Lunam,
1141 2611 1161 2638 2
1184 2608 1271 2639 Inter
1298 2606 1417 2637 minora
1441 2604 1557 2644 sidera]
1579 2604 1638 2636 Sic
1664 2612 1689 2636 ι.
1716 2604 1784 2637 Od.

358 2658 480 2697 sidera,
497 2662 601 2689 testes
625 2658 762 2689 adhibet
789 2657 924 2698 perjurii
945 2658 1045 2689 Neae-
1099 2660 1150 2688 12.
1192 2657 1202 2673 ‘
1216 2656 1311 2687 Inter
1325 2655 1419 2695 ignea
1434 2654 1527 2685 Luna
1541 2653 1707 2685 minores!

358 2718 416 2739 τω.
451 2708 605 2740 Juvenal.
630 2708 698 2739 Sat.
727 2716 808 2738 vm.
835 2710 906 2738 150.
950 2707 960 2723 ‘
977 2706 1043 2737 Sed
1139 2707 1158 2736 3
1182 2705 1368 2743 Magnorum
1394 2701 1548 2741 Deorum]
1578 2701 1721 2733 Veneri·
1747 2703 1783 2732 et

358 2758 451 2788 Luna
465 2756 576 2795 videt;
601 2757 660 2787 sed
683 2755 792 2787 sidera
808 2759 914 2787 testes
929 2755 1042 2787 Inteu·
1097 2754 1282 2795 Cupidinis,
1293 2753 1388 2785 aiunt
1401 2751 1556 2794 quidam:
1580 2751 1697 2783 melius
1710 2750 1777 2786 alii,
