1930 3242
439 272 525 315 946

439 374 507 416 Ac
530 380 728 417 venerata
747 374 896 423 Ceres,
917 374 980 415 ita
999 375 1141 415 culmo
1162 380 1352 427 surgeret
1371 376 1475 426 alto,

439 440 666 494 Explicuit
684 441 785 480 vino
808 443 1040 481 contractae
1062 441 1179 481 seria
1197 441 1363 483 frontis.
1398 438 1401 441 ’

439 506 615 554 Saeviat‚
635 510 762 558 atque
783 518 923 547 novos
941 511 1119 547 moveat
1138 507 1311 547 fortuna
1330 507 1541 548 tumultus
1555 521 1580 562 ;,

440 571 662 620 Quantum
682 570 779 611 hinc
798 571 1052 612 imminuet?
1082 575 1243 624 quanto
1264 577 1340 613 aut
1359 585 1439 624 ego
1459 573 1649 625 parcius),
1665 576 1741 614 aut
1758 587 1853 623 voS,
1870 604 1873 606 -

439 636 477 676 Ο
499 637 635 688 pueri,
653 637 858 685 nituistis,
878 641 925 678 ut
944 637 1028 678 huc
1047 649 1190 678 novus
1211 637 1353 678 incola
1374 638 1489 679 venit
1503 639 1522 678 ‘t

438 701 555 742 Nam
576 703 764 754 propriae
786 702 952 744 telluris
971 703 1119 744 herum
1138 707 1291 744 natura
1304 716 1453 756 neque
1472 704 1607 753 illum,

901 286 945 322 Q.
976 283 1180 314 noum:
1216 283 1385 314 rmocr

1773 444 1854 485 125

435 816 593 854 magistro.
622 817 762 858 Denique
779 818 883 856 Ceres,
896 821 1008 856 rogata
1021 820 1056 848 ut
1071 818 1180 848 celsam
1190 818 1318 850 aristam
1331 820 1476 858 erigeret,
1490 819 1561 850 vino
1571 819 1751 859 porrigebat
1760 818 1854 856 sron·

435 860 496 887 tem
509 868 648 897 rugosam
662 863 692 890 et
708 859 868 890 solicitam.
911 860 998 898 Ergo
1010 868 1075 890 sors
1087 860 1264 890 adversetur
1277 870 1411 900 novaque
1431 861 1508 892 bella
1529 861 1686 901 moliatur,
1701 860 1855 900 quidinde

434 899 572 936 auferet?
616 901 737 935 Quanto
752 902 852 931 minus
865 902 912 931 vel
925 910 991 939 ego,
1005 901 1052 930 vel
1063 910 1127 936 vos,
1140 910 1157 930 o
1169 901 1268 940 pueri,
1286 902 1490 942 cultisuistis,
1501 912 1541 934 ex
1554 912 1611 942 quo
1625 911 1718 932 novus
1729 901 1853 941 inquili-

435 948 490 970 um
503 941 582 972 istuc
596 942 745 973 accessit?
780 942 906 973 Etenim
921 941 1039 982 proprii
1053 942 1125 981 agri
1137 942 1291 974 dominum
1304 952 1397 983 neque
1410 944 1502 983 huuc,
1513 953 1608 984 neque
1623 952 1680 983 me,
1692 952 1746 974 nec
1759 943 1854 973 ullum

1031 1032 1259 1046 mtto

1147 1054 1159 1061 .

433 1088 538 1116 -124
560 1086 607 1117 Ac
621 1091 750 1118 ventura
765 1087 904 1118 Mediol.
923 1090 1016 1118 1477.
1038 1088 1049 1105 ⁴
1061 1088 1224 1128 Cruquius
1236 1092 1272 1119 et
1287 1087 1462 1119 Lambinus
1473 1087 1520 1119 sic
1535 1087 1719 1118 dederuut:
1743 1086 1792 1117 Ac
1806 1096 1855 1117 ve·

434 1131 542 1158 nei-ato
559 1128 662 1166 Ceres,
675 1129 723 1159 uti
742 1130 838 1159 culmo
851 1132 991 1168 surgeret
1004 1129 1077 1160 olto.
1100 1129 1144 1160 Et
1156 1138 1263 1168 nuper
1280 1129 1330 1159 vir
1342 1128 1512 1160 eruditus:
1535 1128 1584 1159 Ac
1597 1131 1738 1160 veneratu
1753 1129 1858 1167 Ceres,

432 1168 479 1198 ita
494 1170 589 1199 culmo
601 1170 648 1200 uti
662 1173 802 1209 surgeret
814 1171 897 1201 atto.-
920 1170 1015 1200 obliti
1029 1170 1161 1202 scilicet
1177 1170 1370 1202 vocabulum
1392 1171 1439 1201 uti
1462 1171 1680 1210 posteriorem
1694 1169 1855 1209 syllabam

432 1218 566 1250 semper
582 1211 780 1250 producere.
825 1211 999 1242 Editioues
1017 1211 1146 1251 priscae,
1171 1217 1207 1243 et
1231 1212 1446 1248 membranae,
1467 1212 1596 1251 opinor,
1617 1219 1745 1248 omnes,
1761 1215 1855 1240 certe

434 1255 557 1282 nostrae
574 1252 732 1283 exhibent
745 1263 752 1283 :
775 1253 821 1284 ita
836 1254 931 1283 culmo
945 1256 1086 1292 surgeret
1099 1254 1182 1284 alto:
1204 1252 1414 1284 rectissime!
1430 1253 1537 1284 Bentl.
1558 1256 1593 1283 ut
1605 1253 1702 1287 culmo
1714 1251 1854 1283 Mediol-

434 1294 527 1323 1502.
547 1293 684 1330 Talbot,
709 1294 806 1330 Pine,
832 1299 867 1325 et
893 1294 1044 1342 Sandby.
1086 1294 1133 1326 ita
1156 1295 1253 1325 culmo
1279 1295 1418 1326 Mediol.
1445 1296 1537 1326 1477.
1566 1293 1710 1332 Cuning.
1732 1292 1855 1324 Sanno.

434 1333 575 1366 Wetzel.
599 1339 635 1366 et
659 1338 909 1366 recentt.—l27
932 1335 1097 1367 ‘Quidam
1122 1335 1197 1366 libri
1221 1335 1436 1375 manuscripti
1452 1335 1590 1376 habent,
1608 1335 1765 1370 Quantum
1785 1334 1856 1364 hinc

433 1375 588 1406 eminuet?
607 1375 694 1406 nude
712 1377 882 1415 conjicere
898 1376 1016 1416 possis,
1034 1376 1209 1415 legendum
1225 1376 1402 1407 deminuet!
1425 1377 1648 1408 Lamb.—128
1668 1377 1678 1393 ⁸
1692 1375 1783 1406 Male
1798 1375 1855 1415 qni

435 1424 495 1454 pro
510 1415 650 1446 nituistis
661 1416 714 1446 hic
731 1417 852 1448 vicistis
864 1417 990 1456 legunt.
1007 1426 1195 1457 quanquam
1213 1426 1276 1447 non
1293 1427 1358 1448 uno
1371 1417 1405 1447 in
1421 1417 1494 1449 cod.
1507 1418 1554 1448 sic
1569 1415 1705 1456 reperi.’
1716 1416 1855 1447 Torrent-

433 1459 538 1487 —132
562 1461 570 1474 ¹
585 1457 707 1488 Nescio
733 1467 834 1498 quare
861 1462 936 1497 post
959 1458 1155 1489 Lambinum
1182 1463 1217 1489 et
1242 1458 1424 1500 Cruquium
1447 1459 1521 1498 jam
1543 1466 1657 1489 omnes
1681 1456 1753 1488 fere
1775 1456 1853 1487 edd.

433 1497 592 1529 Postremo
606 1498 658 1529 bic
674 1498 879 1538 praet'erant3
901 1499 1042 1530 Venetae
1058 1499 1145 1530 enim
1161 1505 1196 1530 et
1220 1499 1436 1539 Locheriana,
1459 1505 1494 1531 et
1519 1499 1718 1530 membranae
1739 1506 1855 1529 omnes

433 1543 522 1569 notae
538 1539 698 1578 melioris,
709 1540 924 1570 Postremum?
940 1540 1054 1571 Bentl.
1079 1541 1273 1571 Postremum
1287 1541 1381 1572 Harl.
1397 1543 1427 1572 3.
1442 1543 1474 1572 6.
1489 1540 1629 1572 Mediol.
1644 1541 1724 1571 Vet.
1738 1539 1855 1571 Comb.

433 1579 591 1610 Glarean.
609 1579 728 1611 Heius.
742 1581 781 1611 R.
798 1581 914 1619 Steph.
932 1581 1089 1619 Rutgers.
1111 1581 1220 1612 Bond.
1235 1581 1402 1613 Schrevel.
1419 1582 1558 1613 Wetzel.
1574 1582 1695 1612 Sanad.
1710 1581 1856 1618 Francis,

435 1619 612 1652 Heindorf.
626 1620 759 1652 Wakef.
781 1626 815 1652 et
837 1621 941 1652 Kidd.
987 1622 1144 1652 Postremo
1169 1622 1266 1653 Harl.
1282 1625 1314 1653 2.
1328 1625 1361 1654 4.
1385 1622 1474 1654 Han.
1490 1625 1521 1654 l.
1544 1622 1643 1654 Gott.
1665 1623 1749 1654 Exc.
1773 1621 1853 1652 Sax.

1082 1693 1220 1725 NOTAE

1175 1765 1231 1788 ιιι.
1249 1759 1323 1789 460.
1352 1756 1362 1774 ‘
1375 1757 1542 1789 Venerata
1565 1755 1722 1788 sacerdos
1735 1758 1761 1787 :'
1781 1764 1855 1795 pas-

1173 1806 1243 1836 siva
1257 1806 1512 1846 significatione,
1531 1810 1569 1837 ut
1584 1805 1645 1836 boc
1659 1803 1795 1836 Horatii
1808 1804 1854 1834 lo-

434 1755 599 1796 magistra]
615 1756 717 1787 Nulla
728 1756 818 1788 archi
824 1757 931 1797 posia,
943 1756 1033 1787 nuno
1043 1765 1122 1788 con-

434 1803 512 1834 vivii
539 1813 618 1843 rege
642 1804 779 1836 bibendi
807 1805 938 1836 modum
969 1805 1122 1844 praescri·

435 1852 553 1882 bente:
572 1853 630 1883 sed
644 1854 737 1893 quasi
750 1854 825 1893 ipsa
835 1862 947 1893 cuppa
955 1853 1121 1884 duntaxat

435 1899 581 1938 domina,
599 1900 797 1939 putabamus
813 1901 854 1931 ad
878 1900 1066 1938 arbitrium,
1081 1900 1119 1930 li-

433 1949 526 1987 bere,
541 1953 700 1989 quantum
718 1949 881 1988 placeret.
918 1950 973 1979 De
989 1958 1068 1988 rege
1080 1958 1119 1980 ac

433 1996 565 2037 legibus
579 1997 734 2037 convivii,
750 2006 773 2028 ι.
785 1996 894 2029 Od.4.
909 2002 944 2028 et
957 2006 998 2027 11.
1010 1996 1077 2027 Od.
1088 1999 1118 2028 7.

435 2045 578 2078 Quidam
601 2046 718 2086 legunt
741 2047 840 2086 culpa,
857 2050 892 2076 nt
907 2045 964 2086 qui
980 2054 1118 2086 peccas-

435 2100 486 2125 set
500 2094 658 2126 adversus
674 2095 766 2134 leges
778 2094 921 2125 convivii
938 2098 974 2125 et
988 2102 1118 2134 sympo-

435 2143 586 2184 siarchae‚
609 2145 642 2174 in
666 2153 797 2183 poenam
814 2144 946 2174 haurire
963 2141 1117 2183 cyathum

428 2192 627 2232 juberetur:
651 2191 860 2233 afferuntque
887 2193 998 2223 Plaut.
1013 2192 1119 2223 Stich.

433 2242 444 2261 ‘
461 2241 527 2277 Qui
557 2241 707 2281 peccarit
736 2243 856 2281 poculo
885 2240 1122 2273 mulctabitur!

435 2289 560 2321 Verum
573 2290 646 2321 haec
662 2299 776 2330 parum
792 2295 978 2331 congruunt
994 2289 1119 2330 simpli·

436 2338 533 2370 citati
551 2339 682 2370 rusticae
697 2345 734 2370 et
749 2340 894 2370 moribus
910 2339 1028 2371 Ofelli.

481 2389 578 2428 Culpa
597 2387 736 2428 [Cappa]
773 2389 802 2420 Α
827 2388 940 2429 κύββα,
962 2390 1119 2429 poculum:

439 2436 587 2476 Hesych.
612 2436 702 2468 Gan.
716 2446 774 2469 une
787 2448 908 2478 ωυρμ.

479 2488 541 2516 124
571 2485 719 2517 Vener-ota
732 2487 838 2527 Ceres]
861 2485 1120 2526 Religiosaliba-

437 2534 528 2565 tione
543 2535 700 2566 Cererem
716 2536 970 2578 venerabamur,
986 2545 1025 2568 ac
1046 2545 1121 2576 pre-

437 2583 595 2615 cabamur
617 2588 655 2615 ut
678 2586 821 2625 amplam
838 2586 936 2617 daret
956 2594 1095 2616 messem
1108 2580 1129 2615 τ’

439 2637 574 2672 tumque
589 2632 672 2663 bona
688 2643 747 2674 spe
770 2640 936 2675 concepta
957 2634 1118 2666 hilaritati

438 2679 701 2720 indulgebamus.
743 2681 882 2725 Antiqui
903 2683 914 2700 ‘
928 2681 1068 2714 venero'
1082 2686 1118 2713 et

437 2731 447 2747 ⁴
462 2730 617 2761 veneror'
645 2731 811 2763 dixerunt.
854 2733 972 2772 virgil.
987 2730 1116 2762 AEneid.

1173 1862 1226 1884 co.

1216 1904 1276 1932 126
1298 1902 1428 1942 Saeviat,
1449 1906 1539 1943 atque
1553 1911 1656 1940 novoe,
1674 1900 1744 1942 &cd
1773 1900 1855 1931 For-

1172 1953 1283 1981 tunam
1307 1956 1402 1981 recte
1428 1956 1588 1991 provocat
1604 1949 1750 1989 Ofellus,
1772 1953 1782 1967 ¹
1797 1958 1854 1980 an-

1172 2004 1302 2039 gustam
1340 2001 1535 2041 pauperiem
1571 2001 1641 2041 pati
1653 2000 1663 2015 '
1693 2004 1855 2032 assuetus.

1172 2047 1226 2078 Ad
1257 2057 1325 2078 rem
1350 2049 1483 2080 omnino
1512 2050 1640 2081 Seneca
1667 2049 1776 2089 Epist.
1803 2051 1855 2080 18.

1171 2099 1181 2115 ‘
1198 2098 1296 2130 Quod
1321 2099 1517 2131 necessitati
1546 2103 1597 2132 sat
1627 2104 1679 2131 est
1707 2099 1855 2131 Fortuna

1171 2146 1273 2177 debet
1289 2147 1389 2178 etiarn
1404 2147 1513 2179 irata!

1213 2197 1274 2226 127
1293 2196 1416 2230 Quanto
1429 2201 1483 2228 aut
1496 2206 1552 2236 ego
1562 2196 1698 2237 porcius,
1711 2195 1779 2236 ξω]
1799 2195 1852 2226 Ex

1172 2253 1237 2284 quo
1261 2244 1450 2275 Umbrenus
1477 2249 1572 2276 tenet
1595 2253 1710 2284 agrurn
1730 2252 1854 2282 meum,

1173 2302 1214 2324 an
1229 2292 1386 2323 Fortunae
1401 2293 1502 2332 ictus,
1515 2302 1556 2323 an
1572 2291 1768 2325 diminutum
1785 2292 1852 2322 vic-

1172 2345 1240 2372 tum
1256 2339 1436 2372 sensimus?
1459 2349 1499 2371 an
1523 2340 1673 2380 corporis
1698 2340 1790 2371 color
1813 2349 1852 2371 ac

1172 2390 1260 2421 nitor
1272 2389 1439 2429 deperiit?
1474 2389 1580 2420 Immo
1591 2388 1659 2420 cibi
1677 2387 1856 2428 parabiles,

1172 2443 1210 2470 ut
1224 2442 1313 2477 ante,
1326 2437 1360 2468 in
1372 2441 1506 2478 promtu
1517 2446 1650 2477 semper
1662 2435 1830 2468 affuerunt
1840 2447 1851 2467 :

1172 2487 1285 2518 eadem
1302 2486 1432 2517 vivendi
1445 2486 1630 2526 agendique
1641 2485 1744 2517 ratio:
1761 2485 1851 2517 idem

1173 2536 1310 2567 animus.

1211 2586 1273 2616 129
1289 2585 1371 2616 Nom
1380 2584 1514 2625 proprioe
1529 2584 1646 2616 telluris
1660 2582 1854 2623 winsten]

1170 2633 1240 2664 cic.
1257 2632 1358 2664 Offic.
1373 2643 1397 2665 1.
1413 2643 1444 2665 n.
1458 2635 1510 2664 21.
1532 2635 1542 2651 ⁸
1557 2633 1643 2664 Sunt
1657 2636 1768 2664 antem
1783 2631 1851 2672 pri-

1170 2686 1247 2712 vata
1261 2682 1352 2712 nulla
1368 2686 1506 2713 natura:
1529 2681 1588 2713 sed
1602 2685 1661 2713 aut
1677 2681 1782 2712 veteri
1794 2690 1853 2711 oc·

1169 2731 1362 2772 cupatione,
1376 2735 1414 2763 ut
1433 2731 1488 2773 qui
1504 2730 1668 2773 quondam
1689 2730 1723 2762 in
1744 2738 1850 2761 vacua
