1956 3236
642 293 917 324 SERMONUM
951 294 1046 326 un.
1077 295 1108 325 1.
1137 284 1178 324 4.
1546 286 1632 329 823

191 388 427 444 Accipiam
448 388 652 439 tabulas;
682 387 810 429 detur
829 388 957 449 uobis
978 388 1120 438 locuS,
1141 388 1263 437 hora,
1335 367 1338 372 Ι
1576 390 1632 431 15

192 499 279 530 modo
293 510 304 530 .·
324 500 503 540 assignetur
515 500 603 531 nobis
614 500 709 539 locus,
722 500 809 540 hora,
823 500 1032 531 observatores
1047 509 1058 532 .-
1079 499 1238 531 videamus
1252 502 1321 531 uter
1330 500 1420 540 plura
1431 498 1563 530 scribere
1579 508 1632 529 va-

795 591 1031 605 eeeeeeeeeeee

191 657 262 688 rius
287 657 464 694 Maximus,
487 666 528 689 υ.
544 660 575 688 8.
592 660 624 688 2.
647 657 826 688 ‘Valerius
854 657 1033 697 sponsione
1060 656 1232 687 Lutatium
1260 655 1470 696 provocavit,
1499 654 1545 687 Ni
1571 664 1633 686 suo

193 698 299 730 ductu
315 699 446 730 Punica
459 700 575 730 cla-«sis
591 704 680 730 esset
699 699 884 739 oppressa?
921 698 1102 730 Petronius
1115 698 1269 739 Tragurii
1285 703 1461 739 repertus:
1481 698 1491 714 ‘
1505 698 1551 728 Et
1565 707 1633 728 coe-

193 741 245 781 pit
270 741 412 772 subinde
436 742 604 772 dominnm
624 749 719 772 suum
736 742 915 781 sponsione
932 749 1132 782 provocare,
1155 741 1199 771 Ni
1216 741 1370 780 prasinus
1386 739 1543 779 proximis
1559 739 1633 770 Cir—

193 783 350 814 censibus
365 783 505 824 primam
523 783 691 825 palmam!
738 784 847 815 Recte
862 783 981 823 opinor
1004 784 1077 813 haec
1098 782 1309 822 procedunt:
1338 781 1399 813 sed
1425 781 1509 822 quid
1528 781 1633 812 facia-

192 833 268 856 mus
282 824 339 856 illo
355 825 501 856 minimo?
546 827 653 857 Deest
675 826 839 864 siqnidem
866 825 1020 864 pecuniae
1048 833 1188 860 summa,
1208 833 1307 864 quam
1331 824 1491 863 perderet
1514 823 1556 862 is,
1577 823 1634 864 qui

192 867 373 906 sponsione
401 868 608 899 vinceretur.
654 867 819 898 Asconius
837 867 1006 898 Pedianus
1023 867 1054 896 in
1070 866 1250 897 Verrinam
1267 866 1309 897 de
1324 866 1481 896 Praetura
1498 865 1635 896 Urbana

192 917 227 950 p.
244 910 318 940 loo.
341 913 350 926 ‘
366 909 554 950 Sponsione
571 911 643 949 ipse
661 915 864 949 provocatur
880 909 924 939 ab
939 908 1156 945 adversario,’
1181 915 1287 939 certae
1304 908 1456 947 pecnuiae
1473 912 1532 938 aut
1546 908 1637 938 aesti-

191 950 362 990 muttonis,
384 953 394 969 ‘
410 962 511 993 quam
535 953 683 992 amittat,
707 952 752 983 Ni
774 961 835 983 sua
859 953 903 982 sit
928 951 1108 981 haereditas
1130 950 1173 980 de
1192 959 1260 990 qua
1274 949 1473 981 contendit-⁹
1514 948 1637 980 Cicero

190 991 266 1033 ipse
287 993 320 1024 iu
336 993 478 1026 Verrem
501 994 544 1025 de
569 995 766 1032 Frumento,
793 1003 824 1024 c..
839 996 892 1024 58.
914 993 923 1011 ‘
942 994 983 1024 P.
998 992 1190 1024 Scandilius
1205 992 1347 1023 eandem
1364 991 1576 1032 sponsionem
1593 991 1636 1022 de

191 1034 357 1067 societate
380 1034 484 1068 fecit:
508 1036 600 1068 facta
623 1042 676 1068 est
703 1036 839 1076 sponsio
860 1035 1061 1067 Sestertium
1084 1035 1230 1075 quinque
1251 1033 1424 1065 millibus.’
1479 1033 1576 1064 Idem
1601 1033 1636 1064 in

193 1076 338 1109 eundem
354 1077 397 1108 de
412 1079 610 1119 Suppliciis,
633 1088 663 1109 c.
680 1081 732 1109 54.
755 1080 764 1096 ‘
782 1078 914 1118 Cogere
937 1087 1014 1109 eum
1037 1077 1156 1117 coepit,
1175 1076 1375 1108 Sestertium
1393 1075 1524 1106 duobus
1539 1075 1637 1105 milli·

193 1118 257 1150 bns
271 1121 483 1158 sponsionem
500 1120 615 1152 facere
632 1130 707 1151 cnm
724 1121 846 1153 lictore
863 1129 936 1159 suo,
958 1120 1004 1151 Ni
1021 1118 1121 1150 furtis
1137 1124 1301 1159 quaestum
1319 1117 1474 1149 faceret!
1517 1116 1635 1156 Vides,

193 1161 326 1199 opinor,
351 1167 478 1193 certam
505 1163 658 1203 pecnniae
687 1171 847 1192 summam
874 1163 908 1192 in
938 1161 1171 1201 sponsionibus
1199 1161 1340 1201 exprimi
1367 1160 1489 1191 solere.
1544 1158 1636 1191 Quid

194 1203 301 1242 ergo?
345 1203 526 1235 Levissinm
553 1205 606 1235 vel
631 1205 730 1244 plane
756 1204 848 1234 nulla
871 1204 1060 1234 mutatione
1084 1202 1243 1244 (totidem
1266 1203 1354 1234 enim
1369 1206 1449 1233 sunt
1462 1201 1636 1232 literarum

193 1243 338 1285 duetus)
353 1255 473 1276 novam
489 1246 666 1277 lectionem
683 1255 726 1276 ex
742 1245 942 1285 conjectura
956 1244 1060 1276 affero
1073 1255 1082 1284 ;
1101 1250 1202 1284 atque
1217 1245 1303 1276 adeo
1317 1245 1390 1285 ipse
1404 1244 1522 1284 quavis
1536 1253 1637 1283 spou-

194 1285 288 1316 sione
309 1287 478 1319 lacessere
503 1288 621 1325 ausim,
643 1288 689 1319 Ni
707 1297 787 1318 vera
803 1293 838 1319 et
854 1287 993 1318 indubia
1009 1288 1067 1328 sit,
1094 1287 1257 1328 Crispinus
1279 1297 1400 1317 nummo
1414 1296 1462 1317 mc
1481 1288 1636 1325 provocat.

196 1327 289 1359 Nihil
303 1329 427 1361 clarius
443 1331 639 1370 argutiusve
655 1329 722 1360 dici
751 1335 876 1369 potest.
921 1330 1071 1370 Oblique
1087 1330 1174 1360 enim
1192 1329 1384 1368 Crispinum
1402 1329 1525 1367 tangit,
1540 1328 1636 1368 quasi

195 1378 339 1410 egenum
363 1377 396 1402 et
419 1372 630 1403 mendicum:
657 1372 713 1411 qni
737 1381 804 1402 nou
831 1371 954 1411 majore
971 1373 1127 1411 pignore,
1142 1381 1242 1412 quam
1260 1380 1325 1401 uuo
1341 1379 1489 1408 nummo,
1501 1374 1636 1400 certare

195 1411 351 1444 voluerit.
395 1414 575 1444 Servorum
592 1413 679 1443 enim
694 1415 732 1442 et
748 1413 1030 1453 pauperculorum
1046 1417 1132 1450 erat,
1147 1421 1282 1443 nummo
1301 1412 1498 1451 sponsiones
1513 1410 1637 1441 tacere.

193 1451 339 1484 Plautus
364 1454 510 1493 Epidico
536 1455 612 1484 Act.
629 1463 664 1484 v.
681 1456 713 1484 ὓ.
730 1457 783 1485 32,
805 1454 892 1494 sqq.'
917 1454 1026 1484 Bentl.
1069 1454 1248 1484 Bentleins
1269 1453 1458 1484 deridicule
1483 1453 1637 1492 reposuit

192 1503 327 1532 nummo,
344 1505 452 1536 neque
480 1495 564 1526 vidit
586 1496 712 1526 minimo
734 1495 800 1526 dici
832 1505 893 1536 pro
914 1496 923 1512 ‘
943 1496 1077 1526 minimo
1107 1495 1237 1533 digito!
1279 1495 1393 1536 Atque
1418 1494 1472 1526 hic
1499 1494 1636 1535 quidem

191 1540 309 1575 gestus
323 1538 412 1577 apud
427 1543 598 1568 nostrates
615 1537 717 1568 etiam
733 1537 832 1568 hodie
849 1537 1023 1568 familiaris
1037 1542 1102 1575 est,
1117 1537 1175 1568 ubi
1193 1547 1253 1578 per
1269 1543 1477 1569 contemtum
1492 1537 1636 1577 aliquem

192 1577 408 1611 advocamus.
454 1580 572 1610 Mirari
589 1589 719 1621 nequeo
735 1580 841 1611 virum
858 1581 1014 1611 acerrimi
1033 1580 1157 1619 judicii
1180 1590 1245 1612 non
1269 1580 1458 1612 attendisse
1475 1579 1516 1609 ad
1532 1579 1634 1610 Scho-

191 1619 316 1652 liasteu
331 1621 504 1654 veterem:
526 1623 631 1654 Baxt.
676 1623 686 1639 ‘
700 1621 872 1662 Attendit,
889 1623 948 1654 sed
965 1623 1170 1663 improbavit
1185 1622 1318 1653 merito.
1365 1623 1427 1653 Est
1442 1626 1560 1661 aperte
1582 1621 1636 1652 liic

191 1661 237 1694 de
253 1663 432 1703 sponsione
448 1669 483 1695 et
504 1664 721 1705 responsione
745 1674 854 1695 sermo
873 1665 1053 1705 (Germani
1069 1669 1192 1696 vocant
1205 1665 1273 1696 eine
1290 1663 1412 1705 Wette)
1428 1673 1526 1704 quem
1543 1664 1636 1694 clare

191 1702 346 1737 indicant
360 1707 463 1737 verba
479 1707 560 1738 Vet.
586 1707 699 1738 Schol.
725 1706 768 1738 ab
790 1707 864 1747 ipso
886 1707 1036 1738 Baxtero
1056 1707 1197 1746 prolata.
1242 1707 1403 1737 Ceterum
1419 1715 1494 1736 cum
1509 1705 1636 1736 minimo

192 1751 231 1778 et
243 1757 365 1779 nummo
382 1749 522 1780 totidem
538 1749 670 1780 lineolis
687 1749 1025 1789 perpendicularibns
1041 1754 1211 1788 constent,
1235 1748 1453 1779 blandissima
1477 1757 1557 1778 sane
1585 1753 1638 1779 est

190 1790 406 1822 emendatio:
430 1800 494 1822 nec
518 1796 632 1822 tamen
648 1793 850 1831 necessaria,
863 1801 938 1823 cnm
955 1791 1011 1832 qui
1026 1801 1148 1822 nummo
1163 1796 1325 1831 provocet
1341 1791 1496 1825 alterum,
1509 1789 1637 1820 minimo

191 1830 282 1864 idem
300 1839 476 1873 provocet,
490 1834 523 1865 id
542 1838 607 1872 est,
623 1834 748 1875 jubeat
762 1833 826 1865 sibi
842 1834 1013 1864 minimum
1030 1844 1057 1865 s.
1076 1843 1244 1864 nummum
1259 1833 1448 1873 responderi,
1459 1833 1637 1872 repromit-

192 1873 232 1909 ti,
244 1883 319 1905 cum
337 1876 510 1917 aliquanto
536 1877 610 1917 plus
637 1877 710 1916 ipse
736 1876 904 1916 spondeat
919 1876 1178 1917 promittatque,
1192 1881 1306 1906 certus
1324 1884 1444 1914 nempe
1462 1874 1636 1905 victoriae!

195 1916 378 1950 Ceam—15
402 1917 562 1959 Accipiam
584 1918 655 1957 jam
682 1918 797 1949 tubulis
822 1918 920 1949 Gott.
954 1917 1117 1958 Accipiam
1140 1918 1254 1948 tabulis
1284 1917 1382 1948 Harl.
1397 1919 1429 1947 4.
1445 1919 1478 1947 7.
1501 1921 1535 1947 et
1557 1916 1635 1948 edd.

191 1963 279 2001 yett.
293 1968 349 2000 ap.
364 1960 470 1992 Genu.
514 1964 523 1978 ⁸
540 1961 595 1992 Ita
610 1960 666 1991 ed.
680 1960 814 1991 Veneta
838 1960 993 2000 princeps
1008 1960 1153 2001 (Venet.
1172 1959 1286 1999 1478.)
1301 1969 1377 1990 cum
1394 1959 1520 1999 majore
1539 1964 1636 1998 parte

193 1999 366 2040 codicum3
392 2001 479 2043 quod
497 2004 703 2043 interpretes
719 2002 871 2044 plerique
889 2003 1036 2042 amplexi
1053 2006 1141 2034 sunt.
1180 2000 1227 2032 At
1244 2002 1351 2032 altera
1367 2001 1509 2042 (Venet.
1525 2002 1637 2041 1490.)

194 2050 271 2077 cum
288 2044 430 2077 Lacher.
444 2050 480 2076 et
502 2045 706 2076 membranis
725 2045 827 2075 etiam
854 2054 920 2075 nou
945 2045 1074 2085 paucis,
1095 2044 1209 2084 Accipe
1221 2043 1292 2082 jam
1316 2043 1450 2075 tubulus.
1497 2044 1559 2075 Cui
1577 2053 1636 2074 cur

193 2083 336 2116 atterum
353 2087 580 2126 praetulerint,
602 2097 670 2118 nou
691 2096 825 2126 possum
849 2096 915 2116 non
941 2087 1111 2118 demirari.
1157 2087 1244 2118 Haec
1260 2086 1349 2117 enim
1367 2086 1469 2117 lectio
1484 2087 1638 2125 μιμητικῷ

193 2125 394 2159 charactme
411 2134 651 2167 provocantem
667 2128 709 2158 ad
725 2128 938 2159 scribendum
955 2130 1144 2169 Crispinum
1163 2129 1302 2169 pulchre
1315 2129 1476 2160 ostendit.
1510 2128 1635 2168 Accipe,

184 2167 257 2206 ,iem
269 2169 371 2210 accipe
385 2170 516 2201 tabulas.
559 2171 612 2201 Ex
629 2170 834 2210 repetitione
849 2170 937 2201 enim
952 2172 1127 2212 conjicias,
1142 2181 1241 2212 quam
1263 2181 1341 2202 acer
1364 2171 1408 2203 sit
1431 2170 1471 2202 ad
1496 2176 1636 2202 conten·

194 2210 335 2242 tionem.
390 2211 468 2244 Jam
490 2221 592 2252 nuuc,
622 2213 681 2250 ait,
704 2213 842 2252 accipe:
874 2212 986 2252 jactat
1007 2214 1097 2245 enim
1120 2214 1386 2253 extemporalem
1410 2214 1567 2245 carminis
1590 2212 1637 2243 sa-

194 2252 382 2292 cultatem3
421 2259 457 2285 et
488 2260 635 2294 veretur,
663 2264 706 2284 ne
737 2254 900 2285 Horatius
929 2259 1101 2287 certamen
1128 2254 1281 2296 effugiat,
1308 2256 1336 2286 si
1366 2256 1400 2287 in
1432 2256 1522 2286 aliud
1554 2262 1636 2286 tem-

193 2302 258 2339 pus
273 2294 462 2327 differatur.
510 2297 632 2337 Neque
653 2305 733 2327 vero
748 2306 831 2334 opus
846 2303 899 2328 est
915 2297 973 2329 illo
987 2298 1168 2338 Accipiam:
1192 2297 1367 2338 Crispinus
1390 2299 1492 2336 enim,
1514 2303 1636 2338 utpote

191 2343 408 2378 provocator,
445 2339 543 2370 domo
581 2348 694 2370 secum
733 2339 865 2369 tabulas
896 2341 1070 2377 extulisse,
1095 2346 1129 2370 et
1156 2340 1188 2370 in
1215 2339 1289 2371 sinu
1316 2346 1451 2381 paratas
1479 2340 1636 2371 habuisse

160 2383 162 2386 ’
192 2379 383 2410 censendus
408 2386 471 2412 est.
525 2381 633 2412 Porro
657 2386 692 2411 et
715 2382 829 2420 plures
855 2382 990 2412 codices
1015 2382 1140 2413 habent
1162 2383 1295 2419 dentum
1321 2384 1400 2424 quia
1417 2382 1637 2423 sequebatur,

192 2421 310 2461 credo,
340 2423 566 2454 nominativus
595 2423 746 2463 pluralis,
773 2425 921 2455 custodes.
964 2424 1029 2455 Sed
1058 2425 1241 2455 retinemus
1263 2427 1354 2456 detur
1379 2435 1455 2455 cum
1479 2423 1636 2454 editioni-

191 2461 258 2494 bus
288 2465 430 2504 priscis;
470 2465 572 2506 idque
600 2475 642 2496 ex
667 2466 734 2494 stili
761 2465 939 2496 Horatiani
970 2466 1092 2506 geni03
1116 2472 1152 2497 nt
1180 2466 1308 2497 videbis
1339 2467 1372 2496 in
1404 2465 1504 2496 Notis
1536 2464 1579 2494 ad
1610 2471 1637 2495 1.

192 2503 264 2539 od.
286 2508 340 2537 24.
361 2507 404 2538 8!
432 2508 539 2539 Bentl-
583 2512 592 2526 ‘
609 2508 768 2546 Accipiam
793 2509 906 2547 magis,
922 2509 1024 2539 etiam
1050 2509 1125 2539 ideo
1148 2509 1274 2548 placet,
1289 2507 1378 2549 quod
1396 2506 1438 2536 ad
1466 2516 1534 2537 rem
1563 2515 1638 2546 per-

195 2546 296 2587 tinet,
327 2548 429 2581 etiarn
460 2550 652 2590 Crispinum
683 2549 814 2580 tabulas
842 2559 868 2580 s.
905 2551 1087 2591 pugillares
1117 2551 1294 2590 accipere:
1335 2549 1446 2588 agitur
1481 2548 1570 2579 enim
1593 2548 1636 2595 de

846 2643 984 2676 No'rAE

199 2688 271 2744 pini
284 2703 462 2736 Horatium
477 2708 691 2746 provocantis
702 2706 744 2738 ad
758 2711 887 2739 extem·
986 2709 1024 2738 15
1038 2706 1168 2746 [Accipe
1180 2705 1250 2743 jam
1263 2704 1396 2745 tabulas]
1415 2705 1548 2744 Legunt
1564 2706 1636 2745 alii,

200 2754 325 2796 pontis
342 2756 532 2794 scriptionis
550 2763 734 2790 certamen.
778 2759 836 2790 Sic
852 2763 887 2789 et
943 2756 1102 2796 Accipiam
1116 2755 1251 2786 tabulas.
1292 2754 1392 2785 Prior
1407 2759 1520 2786 tamen
1533 2755 1636 2787 lectio

199 2804 390 2837 Martialem
403 2804 532 2837 Statius
546 2806 730 2840 lacessivit.
943 2805 1192 2837 vehementiam
1213 2804 1354 2836 hominis
1370 2809 1497 2836 temere
1514 2814 1553 2837 ac
1569 2810 1635 2836 sto·
