1904 3256
618 272 894 304 SERMONUM
931 274 1028 304 ma.
1063 274 1092 304 1.
1121 264 1162 304 2.
1527 265 1611 307 793

163 363 262 406 Nec
277 364 418 419 magis
439 365 554 412 huic,
575 363 689 406 inter
708 368 861 407 niveos
881 366 1134 422 viridesque
1154 367 1334 421 lapillos
1555 368 1611 410 80

163 431 230 473 Sit
247 432 368 482 licet,
389 431 491 481 hoc,
511 430 731 481 Cerinthe,
755 437 831 473 tuo
854 436 1051 475 tenerum
1070 437 1139 475 est
1155 433 1312 485 femur,
1334 438 1413 477 aut
1431 446 1531 476 crus

164 498 377 550 Rectius3
408 503 543 551 atque
563 498 697 539 etiam
717 500 877 541 melius
899 513 1103 555 persaepe
1122 504 1298 554 togatae.

163 564 293 607 Adde
312 565 413 615 huc,
430 565 551 618 quod
565 578 756 606 mercem
776 566 871 608 sine
890 567 1006 609 fucis
1027 572 1192 621 gestat3
1212 571 1382 622 aperte,

165 631 299 682 Quod
319 632 477 673 venale
497 632 644 681 habet,
663 632 877 684 ostendit;
907 646 1002 682 nec,
1021 634 1060 674 si
1080 635 1190 688 quid
1211 634 1387 676 honesti
1405 637 1486 686 est,

163 699 194 740 J
198 703 317 742 aetat
335 699 555 752 habetque
574 699 740 753 palam,
763 699 922 752 quaerit
940 713 1030 753 quo
1051 702 1199 754 turpia
1220 702 1343 742 celet.
1556 702 1615 745 85

165 765 364 820 Regibus
383 766 455 807 hie
475 778 573 807 mos
592 770 677 816 est,
697 767 775 807 ubi
795 779 934 820 equos
951 772 1222 819 mercantur3
1254 773 1435 821 opertos

164 905 252 929 exre
265 897 437 938 colligitur.
482 898 649 930 Enimvero
663 907 724 929 ηοπ
740 901 787 929 est
808 898 878 930 huic
900 899 1022 930 mollius
1034 899 1155 939 femur,
1169 903 1223 930 aut
1245 910 1317 931 crus
1338 900 1507 938 decentius,
1530 900 1618 933 inter

163 939 282 980 lapillos
295 940 439 971 candidos
451 951 488 972 ac
502 941 618 972 virides
630 951 642 977 ;
666 939 726 981 (Id
740 950 812 971 vero
826 945 913 972 tuum
927 941 971 972 sit
986 942 1057 972 licet
1073 952 1090 972 ο
1108 943 1256 973 Cerinthe
1267 943 1296 983 ‚·)
1312 943 1403 974 immo
1418 943 1533 983 soepius
1544 944 1615 984 pul-

162 981 267 1013 chrias
280 985 327 1013 est
337 982 473 1024 plebeioe.
516 982 606 1014 Adde
629 983 708 1023 quod
730 982 795 1013 hoec
815 993 943 1015 mercem
961 988 1069 1024 portat
1093 985 1174 1015 haud
1193 984 1354 1022 fucatam.-
1378 996 1426 1024 ac,
1441 986 1470 1017 si
1484 986 1619 1026 quidest

163 1028 335 1061 mustum,
349 1025 431 1056 haud
445 1026 585 1056 venditat
601 1029 633 1056 et
646 1028 782 1056 ostentat
792 1036 803 1055 .-
823 1035 920 1066 neque
933 1027 1051 1064 satagit
1066 1028 1218 1058 occultare
1231 1029 1311 1067 quod
1322 1038 1453 1068 pravum
1467 1031 1524 1059 est.
1548 1027 1617 1058 Ista

165 1069 212 1098 eet
231 1069 414 1099 cmuemdo
428 1067 588 1109 affitibus,
600 1069 721 1108 quando
735 1070 837 1099 emunt
853 1078 945 1109 equos
955 1079 968 1106 ;
984 1068 1116 1100 obtectos
1131 1070 1340 1111 considerant,
1355 1080 1393 1102 ne
1407 1069 1511 1108 savies
1522 1070 1618 1112 (quod

777 1162 934 1176 οθιΙΙΝΝ
938 1163 1017 1176 noo

167 1228 282 1260 Bentl.
302 1232 338 1260 et
353 1228 459 1260 Kidd.
473 1231 509 1260 tu
522 1228 551 1260 si
564 1229 748 1260 moda—80
772 1229 889 1260 Codex
905 1229 992 1261 Coll.
1006 1228 1131 1261 Triuit.
1154 1240 1208 1270 ap.
1233 1230 1350 1262 Bentl.
1366 1230 1436 1262 huic
1449 1229 1556 1261 niveos
1568 1228 1619 1261 in-

168 1275 217 1303 ter
240 1270 520 1311 viridesque.-81.
545 1274 586 1302 82
610 1272 619 1288 ‘
634 1271 707 1302 Nos
737 1272 824 1303 bunc
849 1272 960 1303 locum
985 1272 1078 1313 prius
1108 1273 1387 1311 emendabimus;
1410 1272 1535 1304 deinde
1565 1281 1620 1303 re·

168 1323 243 1344 rum
266 1313 474 1353 singularum
505 1314 654 1344 rationes
679 1313 882 1345 reddemus:
922 1314 972 1344 sic
993 1315 1111 1354 itaque
1132 1315 1273 1354 legimus
1298 1319 1334 1346 et
1359 1315 1618 1355 distinguimus:

167 1355 222 1387 Sit
236 1356 320 1394 ticet,
339 1355 368 1385 0
383 1355 541 1390 Cerintke,
557 1358 609 1385 tuo
624 1358 649 1386 t.
665 1364 692 1386 e.
698 1355 820 1393 femur,
834 1367 864 1386 α.
880 1366 907 1388 c.
923 1356 1056 1386 Rectius
1062 1366 1076 1393 ;
1098 1366 1128 1387 α.
1145 1366 1171 1386 e.
1187 1367 1229 1387 m.
1243 1366 1275 1396 p.
1292 1360 1408 1395 togata·
1422 1359 1480 1387 est.
1525 1356 1619 1387 Scri-

168 1396 317 1429 bendum
341 1401 394 1427 est
411 1397 583 1432 Cerintke;
605 1405 684 1435 non,
708 1400 746 1427 ut
767 1397 922 1436 plerique
943 1396 1045 1428 codd.
1072 1401 1108 1428 et
1135 1398 1251 1428 Flacci
1275 1403 1310 1428 et
1333 1397 1465 1428 Tibulli
1490 1397 1621 1429 habent

169 1438 331 1477 cher-inte,
346 1438 399 1469 vel
418 1437 601 1468 Cherinthe:
625 1442 679 1468 est
703 1438 793 1468 enim
817 1447 836 1468 a
861 1438 922 1469 Gr.
951 1437 1110 1478 Κήρινθος.
1156 1439 1280 1480 Porro,
1307 1440 1337 1469 0
1361 1439 1523 1478 Cer-inme,
1550 1447 1619 1471 non

106 1519 108 1521 ι
165 1481 232 1522 hoc,
248 1478 437 1521 preferunt
449 1479 516 1510 duo
529 1479 670 1520 Cruquii
685 1484 721 1510 et
735 1479 877 1511 totidem
890 1480 1094 1511 Bersmanni
1108 1480 1259 1520 codices,
1272 1482 1490 1523 optimusque
1502 1486 1621 1513 noster

166 1522 376 1563 Reginensis.
420 1522 535 1553 Facile
562 1526 676 1553 autem
701 1522 731 1552 0
747 1522 782 1553 in
797 1522 853 1553 hoc
879 1532 899 1554 a
922 1522 1085 1554 Librariis
1109 1528 1276 1555 mutatum
1293 1528 1359 1564 est,
1376 1524 1457 1565 quia
1471 1533 1619 1566 sequens

165 1564 366 1597 vocabulum
381 1574 402 1596 a
417 1564 518 1596 litera
536 1565 563 1596 C
578 1565 757 1605 inciperet.
786 1565 844 1596 Sic
861 1564 964 1596 Ovid.
978 1565 1079 1598 Trist.
1095 1574 1151 1597 ιιι.
1167 1568 1198 1596 3.
1213 1569 1268 1598 27.
1292 1566 1301 1583 ‘
1318 1567 1467 1607 liquet,o
1483 1566 1620 1597 carissi-

164 1616 231 1648 ma,
245 1607 340 1638 nobis
355 1606 507 1646 Tempus
522 1607 576 1647 agi
591 1606 664 1638 sine
681 1617 734 1637 me
747 1616 813 1638 non
831 1607 893 1638 nisi
910 1607 1006 1639 triste
1023 1607 1107 1639 tibi.’
1136 1607 1279 1638 Plurimi
1296 1609 1397 1639 codd.
1412 1610 1422 1626 ‘
1435 1609 1498 1640 boc
1515 1608 1621 1639 caris-

166 1649 280 1681 sima?
294 1654 330 1681 et
351 1649 401 1681 ita
416 1649 495 1680 alibi
512 1649 647 1690 passim.
689 1649 754 1680 Tuo
769 1654 880 1681 autem
898 1649 1037 1689 babent,
1051 1658 1118 1680 nou
1134 1653 1234 1687 tuum,
1249 1650 1398 1680 Turnebi
1415 1655 1450 1681 et
1466 1650 1621 1681 Lambini

165 1693 295 1734 aliquot
309 1701 386 1724 cum
403 1691 602 1723 colbertino
618 1698 746 1723 nostro.
791 1691 882 1722 Cave
906 1700 987 1722 vero
1015 1691 1136 1723 credas
1152 1692 1235 1722 illud
1254 1695 1341 1722 tuum
1358 1691 1525 1722 Prisciani
1541 1701 1619 1724 auc-

166 1735 305 1766 toritate
327 1733 474 1773 firmari3
501 1744 577 1766 cum
603 1733 690 1765 citet
713 1743 756 1765 ex
779 1733 938 1773 Horatio,
954 1734 1082 1775 Femur,
1101 1734 1263 1773 Cerinthe,
1278 1738 1376 1765 tuum.
1422 1734 1502 1766 Non
1518 1733 1621 1771 enim,

166 1777 256 1819 quod
271 1778 345 1818 ipse
361 1776 470 1817 videti,
485 1786 526 1808 eo
542 1776 660 1808 ordine
676 1780 712 1807 et
726 1776 838 1815 modo,
854 1786 919 1818 quo
935 1776 1026 1816 apud
1043 1780 1218 1807 auctorem
1236 1781 1370 1816 extant,
1386 1776 1490 1808 verba
1504 1776 1621 1808 lauda-

167 1819 236 1860 vit;
258 1819 318 1852 sed
333 1820 401 1850 suis
417 1819 532 1851 usibus
550 1819 709 1850 variando
725 1818 1015 1850 accommodavit:
1039 1819 1141 1860 idque
1158 1818 1239 1859 jure
1254 1828 1336 1857 suo;
1354 1818 1483 1859 qnippe
1497 1824 1531 1850 et
1547 1828 1622 1855 nos,

166 1862 223 1904 qui
246 1865 298 1894 tm»
316 1862 471 1903 legimus,
487 1861 632 1893 cerinthi
646 1861 755 1898 femur·
774 1861 1007 1901 intelligimus.
1052 1861 1210 1902 Denique
1237 1865 1316 1901 post
1331 1864 1449 1900 togata:
1463 1864 1511 1892 est
1526 1861 1621 1893 exhi·

165 1904 267 1937 betur
281 1905 315 1936 iu
331 1904 520 1936 Blandiniis
536 1902 763 1945 Cruquianis.'
786 1904 895 1935 Bentl.
942 1904 951 1921 ‘
969 1903 1129 1935 Bentleio
1151 1903 1280 1943 placuit
1303 1904 1352 1934 ita
1375 1904 1463 1935 bunc
1488 1913 1621 1935 versum

168 1947 363 1984 emendare,
381 1947 435 1979 Sit
448 1948 533 1986 licet,
549 1947 579 1977 0
596 1946 755 1984 Cerintho,
771 1949 837 1977 tuo.
882 1945 962 1977 Non
979 1945 1116 1977 videtur
1131 1945 1211 1976 mihi
1236 1945 1360 1977 vidisse
1374 1949 1463 1977 tuum
1476 1946 1542 1978 dici
1559 1955 1622 1988 pro

166 1991 176 2007 ‘
191 1990 290 2031 quale
306 1990 422 2022 tuum.’
466 1989 606 2031 AEqnari
633 1990 736 2020 voluit
761 1988 817 2020 hic
845 1988 997 2020 Cerinthi
1026 1988 1138 2020 femur
1166 1987 1354 2019 femoribus
1383 1994 1624 2028 inatronaruin,

170 2031 272 2062 immo
287 2036 323 2064 et
339 2031 503 2072 preferri.
548 2032 641 2063 Nihil
658 2031 731 2072 opis
746 2036 799 2062 est
814 2040 834 2062 a
850 2031 1106 2072 Mannscripus.
1151 2031 1198 2062 Et
1213 2030 1363 2062 Bentleii
1378 2031 1507 2063 Textus
1523 2031 1622 2063 nimis

171 2073 341 2106 involutus
357 2078 392 2105 et
407 2073 572 2105 obscurus
588 2070 747 2104 videtur!
763 2073 864 2104 Baxt.
892 2074 901 2090 ⁴
921 2073 1013 2105 Huic
1029 2073 1133 2105 nobili
1150 2077 1327 2113 matronae,
1341 2074 1423 2105 licet
1438 2074 1557 2115 jaceat
1572 2074 1623 2105 in-

170 2119 225 2147 ter
240 2125 390 2156 gemmas
406 2120 442 2147 et
455 2117 670 2156 margaritas,
694 2114 803 2146 femur
824 2114 901 2146 ideo
927 2124 994 2147 non
1017 2121 1069 2147 est
1094 2116 1202 2156 magis
1223 2121 1394 2156 tenerum,
1415 2126 1526 2158 neque
1542 2126 1622 2149 crus

170 2159 294 2190 rectius
312 2168 412 2199 quam
429 2163 535 2194 tuum,
552 2157 727 2189 Cerinthe.
772 2157 840 2189 Sic.
865 2162 951 2189 vett.
979 2158 1104 2189 Scholl.
1127 2159 1137 2176 ‘
1157 2159 1268 2191 Quam
1296 2159 1411 2190 tuum'
1437 2159 1527 2191 idem
1556 2165 1623 2198 est,

170 2200 261 2241 quod
278 2203 348 2232 tuo.-
372 2205 410 2232 ut
425 2200 574 2232 restituit
588 2199 737 2231 feliciter
752 2200 943 2231 Bentleius.
978 2200 1077 2233 Quod
1093 2204 1207 2232 autem
1222 2201 1278 2231 hoe
1293 2201 1326 2231 in
1343 2211 1360 2231 ο
1374 2201 1529 2239 mutavit,
1540 2201 1624 2232 nihil

170 2252 255 2283 opus
273 2243 429 2274 videtur:
453 2247 505 2274 est
521 2243 610 2274 enim
623 2243 680 2274 Ιιοσ
693 2242 782 2274 idem
798 2242 886 2284 quod
904 2247 912 2260 ⁸
926 2242 1027 2279 ideo,'
1048 2244 1056 2260 ‘
1071 2243 1115 2274 ob
1131 2242 1222 2279 hoc‚’
1237 2243 1313 2275 &c.’
1331 2244 1431 2275 Gesn-
1467 2244 1538 2285 (Sit
1552 2245 1624 2275 licet

169 2285 224 2316 hoc
236 2286 385 2317 Cerinthe
397 2284 498 2326 tuum)
514 2290 567 2316 est
582 2285 686 2317 lectio
702 2285 851 2325 vulgata.
882 2289 945 2316 tuae
960 2285 1051 2326 conj.
1066 2286 1298 2325 Cuning.-83
1312 2285 1402 2317 Adde
1416 2287 1471 2318 hoc
1486 2287 1581 2318 Harl.
1591 2288 1626 2317 2.

170 2328 250 2368 quoa
274 2337 388 2360 merces
415 2328 512 2360 Harl.
528 2330 647 2360 7.-84
671 2328 769 2359 Harl.
786 2330 817 2359 3.
831 2330 862 2358 4.
876 2330 908 2358 6.
924 2329 955 2359 7.
977 2333 1013 2359 et
1035 2327 1115 2359 edd.
1140 2329 1310 2359 nonnullae
1337 2329 1444 2368 antiq.
1475 2338 1572 2369 neque
1596 2327 1626 2358 si

171 2370 265 2412 quim·
286 2374 323 2402 et
348 2371 396 2402 sic
426 2371 542 2403 Bentl.
568 2375 604 2402 et
631 2369 826 2402 Kidd.—86
848 2370 946 2402 Unus
974 2375 1010 2401 et
1037 2370 1125 2402 alter
1151 2371 1262 2402 codex
1285 2371 1469 2408 Torrentii,
1494 2371 1625 2412 aliquot

824 2475 967 2507 NOTAE

217 2553 259 2582 8⁰
283 2552 400 2584 Nioeos
415 2552 590 2594 viridesque
604 2551 742 2593 tapinos]
764 2551 870 2583 Unio·
925 2552 1004 2582 bat:
1030 2549 1190 2590 Sulpitiae
1217 2547 1327 2579 Servii
1348 2546 1427 2578 ffliae
1451 2547 1486 2578 in
1508 2548 1626 2588 primia

177 2609 239 2631 nen
251 2604 287 2631 et
303 2602 510 2642 smaragdos.
924 2610 1037 2631 carus.
1084 2600 1137 2629 De
1153 2607 1194 2629 eo
1210 2597 1362 2629 Tibullus
1378 2597 1497 2629 multa.

221 2651 260 2680 st
285 2648 338 2680 Sic
361 2650 445 2689 licet,
469 2652 535 2692 hoc,
556 2652 718 2690 Cerinthe,
740 2650 810 2691 tuo]
834 2650 870 2681 Is
968 2652 1009 2681 83
1033 2647 1188 2688 Men-em]
1213 2647 1345 2688 Corpus
1366 2647 1626 2685 mercenarium,

177 2702 255 2729 erat
279 2702 405 2729 amator
430 2701 558 2739 pariter
581 2707 618 2733 et
640 2701 774 2733 deliciae
802 2710 871 2731 ma·
927 2700 1020 2740 turpi
1036 2703 1169 2740 quaestu
1185 2697 1315 2728 venale.

178 2754 351 2780 nonarum
375 2750 499 2781 mundo
516 2752 672 2783 muliebri
691 2751 872 2794 splenden·
968 2752 1010 2781 86
1032 2747 1188 2788 Regibus]
1212 2746 1354 2778 Nobiles
1371 2756 1410 2777 ac
1426 2745 1550 2779 divites
1567 2757 1627 2789 np-

178 2798 284 2830 tium:
302 2797 464 2838 singulari
480 2797 593 2832 formae
606 2801 716 2841 gratia
731 2805 872 2843 praesta-
928 2800 1098 2842 pellantur
1113 2806 1205 2839 saepe
1220 2805 1318 2837 reges
1331 2795 1376 2828 ob
1389 2797 1576 2838 potentiam
1589 2802 1626 2832 et
