<?xml version="1.0" encoding="UTF-8"?>
<!DOCTYPE html PUBLIC "-//W3C//DTD XHTML 1.0 Transitional//EN"
    "http://www.w3.org/TR/xhtml1/DTD/xhtml1-transitional.dtd">
<html xmlns="http://www.w3.org/1999/xhtml" xml:lang="en" lang="en">
 <head>
  <title>
</title>
<meta http-equiv="Content-Type" content="text/html;charset=utf-8" />
  <meta name='ocr-system' content='tesseract 3.04.00' />
  <meta name='ocr-capabilities' content='ocr_page ocr_carea ocr_par ocr_line ocrx_word'/>
</head>
<body>
  <div class='ocr_page' id='page_1' title='image "./operazeune02horauoft_0276.png"; bbox 0 0 1956 3236; ppageno 0'>
   <div class='ocr_carea' id='block_1_1' title="bbox 376 274 458 315">
    <p class='ocr_par' dir='ltr' id='par_1_1' title="bbox 376 274 458 315">
     <span class='ocr_line' id='line_1_1' title="bbox 376 274 458 315; baseline 0.012 -1"><span class='ocrx_word' id='word_1_1' title='bbox 376 274 458 315; x_wconf 78' lang='lat'>816</span> 
     </span>
    </p>
   </div>
   <div class='ocr_carea' id='block_1_2' title="bbox 839 283 1322 325">
    <p class='ocr_par' dir='ltr' id='par_1_2' title="bbox 839 283 1322 325">
     <span class='ocr_line' id='line_1_2' title="bbox 839 283 1322 325; baseline -0.008 -9"><span class='ocrx_word' id='word_1_2' title='bbox 839 286 881 325; x_wconf 75' lang='lat' dir='ltr'>Q-</span> <span class='ocrx_word' id='word_1_3' title='bbox 913 283 1117 316; x_wconf 75' lang='lat' dir='ltr'>HonATu</span> <span class='ocrx_word' id='word_1_4' title='bbox 1153 283 1322 313; x_wconf 74' lang='lat' dir='ltr'><strong>FLAGGI</strong></span> 
     </span>
    </p>
   </div>
   <div class='ocr_carea' id='block_1_3' title="bbox 376 375 1497 556">
    <p class='ocr_par' dir='ltr' id='par_1_3' title="bbox 376 375 1497 556">
     <span class='ocr_line' id='line_1_3' title="bbox 376 375 1497 426; baseline -0.001 -11"><span class='ocrx_word' id='word_1_5' title='bbox 376 375 581 426; x_wconf 81' lang='lat' dir='ltr'>Verbera,</span> <span class='ocrx_word' id='word_1_6' title='bbox 603 389 686 417; x_wconf 90' lang='lat' dir='ltr'>non</span> <span class='ocrx_word' id='word_1_7' title='bbox 708 389 879 424; x_wconf 83' lang='lat' dir='ltr'>vereor3</span> <span class='ocrx_word' id='word_1_8' title='bbox 910 388 1006 414; x_wconf 86' lang='lat' dir='ltr'>cum</span> <span class='ocrx_word' id='word_1_9' title='bbox 1029 375 1150 414; x_wconf 83' lang='lat' dir='ltr'>dicas</span> <span class='ocrx_word' id='word_1_10' title='bbox 1171 386 1266 414; x_wconf 86' lang='lat' dir='ltr'>esse</span> <span class='ocrx_word' id='word_1_11' title='bbox 1287 387 1412 426; x_wconf 87' lang='lat' dir='ltr'>pares</span> <span class='ocrx_word' id='word_1_12' title='bbox 1433 386 1497 414; x_wconf 89' lang='lat' dir='ltr'>res</span> 
     </span>
     <span class='ocr_line' id='line_1_4' title="bbox 379 439 1371 491; baseline -0.001 -10"><span class='ocrx_word' id='word_1_13' title='bbox 379 441 511 482; x_wconf 83' lang='lat' dir='ltr'>Furta</span> <span class='ocrx_word' id='word_1_14' title='bbox 529 441 775 488; x_wconf 88' lang='lat' dir='ltr'>latrociniis,</span> <span class='ocrx_word' id='word_1_15' title='bbox 797 443 839 478; x_wconf 89' lang='lat' dir='ltr'>et</span> <span class='ocrx_word' id='word_1_16' title='bbox 859 439 1023 489; x_wconf 82' lang='lat' dir='ltr'>magnis</span> <span class='ocrx_word' id='word_1_17' title='bbox 1043 451 1178 491; x_wconf 85' lang='lat' dir='ltr'>parva</span> <span class='ocrx_word' id='word_1_18' title='bbox 1198 439 1371 480; x_wconf 85' lang='lat' dir='ltr'>mineris</span> 
     </span>
     <span class='ocr_line' id='line_1_5' title="bbox 378 503 1345 556; baseline -0.003 -9"><span class='ocrx_word' id='word_1_19' title='bbox 378 506 510 547; x_wconf 85' lang='lat' dir='ltr'>Falce</span> <span class='ocrx_word' id='word_1_20' title='bbox 530 507 761 546; x_wconf 88' lang='lat' dir='ltr'>recisurum</span> <span class='ocrx_word' id='word_1_21' title='bbox 784 503 913 542; x_wconf 89' lang='lat' dir='ltr'><strong>simili</strong></span> <span class='ocrx_word' id='word_1_22' title='bbox 934 507 993 552; x_wconf 88' lang='lat' dir='ltr'>te,</span> <span class='ocrx_word' id='word_1_23' title='bbox 1014 504 1052 543; x_wconf 88' lang='lat' dir='ltr'>si</span> <span class='ocrx_word' id='word_1_24' title='bbox 1075 504 1152 543; x_wconf 89' lang='lat' dir='ltr'>tibi</span> <span class='ocrx_word' id='word_1_25' title='bbox 1174 516 1345 556; x_wconf 87' lang='lat' dir='ltr'>regnum</span> 
     </span>
    </p>
   </div>
   <div class='ocr_carea' id='block_1_4' title="bbox 375 566 856 611">
    <p class='ocr_par' dir='ltr' id='par_1_4' title="bbox 375 566 856 611">
     <span class='ocr_line' id='line_1_6' title="bbox 375 566 856 611; baseline -0.015 1"><span class='ocrx_word' id='word_1_26' title='bbox 375 571 629 611; x_wconf 83' lang='lat' dir='ltr'><strong>Permittant</strong></span> <span class='ocrx_word' id='word_1_27' title='bbox 646 566 856 607; x_wconf 89' lang='lat' dir='ltr'>homines.</span> 
     </span>
    </p>
   </div>
   <div class='ocr_carea' id='block_1_5' title="bbox 378 696 925 749">
    <p class='ocr_par' dir='ltr' id='par_1_5' title="bbox 378 696 925 749">
     <span class='ocr_line' id='line_1_7' title="bbox 378 696 925 749; baseline -0.007 -10"><span class='ocrx_word' id='word_1_28' title='bbox 378 700 466 740; x_wconf 90' lang='lat' dir='ltr'>Cur</span> <span class='ocrx_word' id='word_1_29' title='bbox 484 701 610 749; x_wconf 83' lang='lat' dir='ltr'>optas</span> <span class='ocrx_word' id='word_1_30' title='bbox 628 696 743 748; x_wconf 89' lang='lat' dir='ltr'>quod</span> <span class='ocrx_word' id='word_1_31' title='bbox 763 697 925 736; x_wconf 67' lang='lat' dir='ltr'>habes?</span> 
     </span>
    </p>
   </div>
   <div class='ocr_carea' id='block_1_6' title="bbox 378 567 1495 685">
    <p class='ocr_par' dir='ltr' id='par_1_6' title="bbox 378 567 1495 685">
     <span class='ocr_line' id='line_1_8' title="bbox 915 567 1495 620; baseline 0.003 -13"><span class='ocrx_word' id='word_1_32' title='bbox 915 567 961 607; x_wconf 90' lang='lat' dir='ltr'>Si</span> <span class='ocrx_word' id='word_1_33' title='bbox 982 567 1106 608; x_wconf 88' lang='lat' dir='ltr'>dives</span> <span class='ocrx_word' id='word_1_34' title='bbox 1126 570 1196 620; x_wconf 91' lang='lat' dir='ltr'>qui</span> <span class='ocrx_word' id='word_1_35' title='bbox 1219 570 1394 620; x_wconf 84' lang='lat' dir='ltr'>sapiens</span> <span class='ocrx_word' id='word_1_36' title='bbox 1414 573 1495 617; x_wconf 89' lang='lat' dir='ltr'>est,</span> 
     </span>
     <span class='ocr_line' id='line_1_9' title="bbox 378 632 1466 685; baseline 0 -10"><span class='ocrx_word' id='word_1_37' title='bbox 378 636 432 675; x_wconf 88' lang='lat' dir='ltr'>Et</span> <span class='ocrx_word' id='word_1_38' title='bbox 451 639 567 674; x_wconf 87' lang='lat' dir='ltr'>sutor</span> <span class='ocrx_word' id='word_1_39' title='bbox 587 634 740 680; x_wconf 80' lang='lat' dir='ltr'>bonuS,</span> <span class='ocrx_word' id='word_1_40' title='bbox 761 636 806 671; x_wconf 87' lang='lat' dir='ltr'>et</span> <span class='ocrx_word' id='word_1_41' title='bbox 825 633 946 672; x_wconf 88' lang='lat' dir='ltr'>solus</span> <span class='ocrx_word' id='word_1_42' title='bbox 965 632 1194 681; x_wconf 86' lang='lat' dir='ltr'>formosus,</span> <span class='ocrx_word' id='word_1_43' title='bbox 1216 638 1260 673; x_wconf 88' lang='lat' dir='ltr'>et</span> <span class='ocrx_word' id='word_1_44' title='bbox 1281 638 1346 674; x_wconf 88' lang='lat' dir='ltr'>est</span> <span class='ocrx_word' id='word_1_45' title='bbox 1367 646 1466 685; x_wconf 80' lang='lat' dir='ltr'>rex;</span> 
     </span>
    </p>
   </div>
   <div class='ocr_carea' id='block_1_7' title="bbox 1705 634 1788 676">
    <p class='ocr_par' dir='ltr' id='par_1_7' title="bbox 1705 634 1788 676">
     <span class='ocr_line' id='line_1_10' title="bbox 1705 634 1788 676; baseline 0.012 -1"><span class='ocrx_word' id='word_1_46' title='bbox 1705 634 1788 676; x_wconf 82' lang='lat'>125</span> 
     </span>
    </p>
   </div>
   <div class='ocr_carea' id='block_1_8' title="bbox 984 696 1722 753">
    <p class='ocr_par' dir='ltr' id='par_1_8' title="bbox 984 696 1722 753">
     <span class='ocr_line' id='line_1_11' title="bbox 984 696 1722 753; baseline 0.008 -18"><span class='ocrx_word' id='word_1_47' title='bbox 984 696 1018 743; x_wconf 64' lang='grc' dir='ltr'>ἹῙ</span> <span class='ocrx_word' id='word_1_48' title='bbox 1044 697 1140 736; x_wconf 88' lang='lat' dir='ltr'>Non</span> <span class='ocrx_word' id='word_1_49' title='bbox 1161 699 1276 738; x_wconf 89' lang='lat' dir='ltr'>nosti</span> <span class='ocrx_word' id='word_1_50' title='bbox 1298 700 1396 750; x_wconf 88' lang='lat' dir='ltr'>qnid</span> <span class='ocrx_word' id='word_1_51' title='bbox 1418 703 1551 752; x_wconf 82' lang='lat' dir='ltr'>pater,</span> <span class='ocrx_word' id='word_1_52' title='bbox 1570 701 1722 753; x_wconf 88' lang='lat' dir='ltr'>inquit,</span> 
     </span>
    </p>
   </div>
   <div class='ocr_carea' id='block_1_9' title="bbox 379 761 1584 816">
    <p class='ocr_par' dir='ltr' id='par_1_9' title="bbox 379 761 1584 816">
     <span class='ocr_line' id='line_1_12' title="bbox 379 761 1584 816; baseline 0 -12"><span class='ocrx_word' id='word_1_53' title='bbox 379 763 649 814; x_wconf 88' lang='lat' dir='ltr'>Chrysippus</span> <span class='ocrx_word' id='word_1_54' title='bbox 670 761 810 802; x_wconf 85' lang='lat' dir='ltr'>dicat:</span> <span class='ocrx_word' id='word_1_55' title='bbox 843 762 1027 813; x_wconf 87' lang='lat' dir='ltr'>Sapiens</span> <span class='ocrx_word' id='word_1_56' title='bbox 1049 762 1248 814; x_wconf 84' lang='lat' dir='ltr'>crepidas</span> <span class='ocrx_word' id='word_1_57' title='bbox 1269 763 1353 803; x_wconf 89' lang='lat' dir='ltr'>sibi</span> <span class='ocrx_word' id='word_1_58' title='bbox 1372 777 1584 816; x_wconf 88' lang='lat' dir='ltr'>nunquam</span> 
     </span>
    </p>
   </div>
   <div class='ocr_carea' id='block_1_10' title="bbox 380 826 1394 880">
    <p class='ocr_par' dir='ltr' id='par_1_10' title="bbox 380 826 1394 880">
     <span class='ocr_line' id='line_1_13' title="bbox 380 826 1394 880; baseline -0.002 -11"><span class='ocrx_word' id='word_1_59' title='bbox 380 829 476 870; x_wconf 90' lang='lat' dir='ltr'>Nec</span> <span class='ocrx_word' id='word_1_60' title='bbox 497 826 642 866; x_wconf 85' lang='lat' dir='ltr'>soleas</span> <span class='ocrx_word' id='word_1_61' title='bbox 661 826 790 876; x_wconf 85' lang='lat' dir='ltr'>fecit3</span> <span class='ocrx_word' id='word_1_62' title='bbox 821 831 940 867; x_wconf 88' lang='lat' dir='ltr'>sutor</span> <span class='ocrx_word' id='word_1_63' title='bbox 958 832 1101 867; x_wconf 84' lang='lat' dir='ltr'>tamen</span> <span class='ocrx_word' id='word_1_64' title='bbox 1121 832 1191 867; x_wconf 82' lang='lat' dir='ltr'>est</span> <span class='ocrx_word' id='word_1_65' title='bbox 1207 828 1394 880; x_wconf 83' lang='lat' dir='ltr'>sapiens.</span> 
     </span>
    </p>
   </div>
   <div class='ocr_carea' id='block_1_11' title="bbox 1450 828 1644 878">
    <p class='ocr_par' dir='ltr' id='par_1_11' title="bbox 1450 828 1644 878">
     <span class='ocr_line' id='line_1_14' title="bbox 1450 828 1644 878; baseline 0 -9"><span class='ocrx_word' id='word_1_66' title='bbox 1450 828 1485 876; x_wconf 66' lang='grc' dir='ltr'><strong>Ἥ</strong></span> <span class='ocrx_word' id='word_1_67' title='bbox 1508 829 1644 878; x_wconf 67' lang='lat' dir='ltr'>Quo?</span> 
     </span>
    </p>
   </div>
   <div class='ocr_carea' id='block_1_12' title="bbox 370 941 1798 1146">
    <p class='ocr_par' dir='ltr' id='par_1_12' title="bbox 370 941 1798 1146">
     <span class='ocr_line' id='line_1_15' title="bbox 377 941 1792 982; baseline 0.001 -11"><span class='ocrx_word' id='word_1_68' title='bbox 377 941 521 979; x_wconf 72' lang='lat' dir='ltr'>gatiam,-</span> <span class='ocrx_word' id='word_1_69' title='bbox 542 941 690 980; x_wconf 76' lang='lat' dir='ltr'>siquidem</span> <span class='ocrx_word' id='word_1_70' title='bbox 711 951 861 971; x_wconf 70' lang='lat' dir='ltr'>assereres</span> <span class='ocrx_word' id='word_1_71' title='bbox 881 942 1011 980; x_wconf 56' lang='lat' dir='ltr'>aqualia</span> <span class='ocrx_word' id='word_1_72' title='bbox 1036 950 1098 971; x_wconf 84' lang='lat' dir='ltr'>esse</span> <span class='ocrx_word' id='word_1_73' title='bbox 1122 942 1290 973; x_wconf 76' lang='lat' dir='ltr'>latrociniis</span> <span class='ocrx_word' id='word_1_74' title='bbox 1303 943 1416 980; x_wconf 58' lang='lat' dir='ltr'>surim·</span> <span class='ocrx_word' id='word_1_75' title='bbox 1438 947 1468 974; x_wconf 84' lang='lat' dir='ltr'>et</span> <span class='ocrx_word' id='word_1_76' title='bbox 1480 943 1634 982; x_wconf 66' lang='lat' dir='ltr'>praedicaeu</span> <span class='ocrx_word' id='word_1_77' title='bbox 1646 943 1748 973; x_wconf 79' lang='lat' dir='ltr'>eodem</span> <span class='ocrx_word' id='word_1_78' title='bbox 1762 945 1792 972; x_wconf 74' lang='lat' dir='ltr'>te</span> 
     </span>
     <span class='ocr_line' id='line_1_16' title="bbox 370 982 1794 1022; baseline 0.001 -10"><span class='ocrx_word' id='word_1_79' title='bbox 370 982 456 1019; x_wconf 82' lang='lat' dir='ltr'>jalce</span> <span class='ocrx_word' id='word_1_80' title='bbox 469 985 697 1022; x_wconf 77' lang='lat' dir='ltr'><strong><em>amputaturum</em></strong></span> <span class='ocrx_word' id='word_1_81' title='bbox 711 992 821 1020; x_wconf 80' lang='lat' dir='ltr'>magna</span> <span class='ocrx_word' id='word_1_82' title='bbox 836 986 865 1012; x_wconf 77' lang='lat' dir='ltr'>et</span> <span class='ocrx_word' id='word_1_83' title='bbox 883 992 978 1022; x_wconf 75' lang='lat' dir='ltr'>parvo</span> <span class='ocrx_word' id='word_1_84' title='bbox 993 982 1132 1020; x_wconf 77' lang='lat' dir='ltr'>crimina,</span> <span class='ocrx_word' id='word_1_85' title='bbox 1146 983 1175 1012; x_wconf 84' lang='lat' dir='ltr'>si</span> <span class='ocrx_word' id='word_1_86' title='bbox 1189 993 1316 1020; x_wconf 83' lang='lat' dir='ltr'>regnum</span> <span class='ocrx_word' id='word_1_87' title='bbox 1331 984 1388 1014; x_wconf 74' lang='lat' dir='ltr'>tibi</span> <span class='ocrx_word' id='word_1_88' title='bbox 1401 985 1537 1021; x_wconf 60' lang='lat' dir='ltr'>deferant</span> <span class='ocrx_word' id='word_1_89' title='bbox 1549 984 1690 1015; x_wconf 81' lang='lat' dir='ltr'>homines.</span> <span class='ocrx_word' id='word_1_90' title='bbox 1731 983 1794 1013; x_wconf 72' lang='lat' dir='ltr'>At-</span> 
     </span>
     <span class='ocr_line' id='line_1_17' title="bbox 379 1023 1794 1065; baseline 0.001 -12"><span class='ocrx_word' id='word_1_91' title='bbox 379 1024 458 1054; x_wconf 84' lang='lat' dir='ltr'>enim</span> <span class='ocrx_word' id='word_1_92' title='bbox 472 1024 500 1054; x_wconf 83' lang='lat' dir='ltr'>si</span> <span class='ocrx_word' id='word_1_93' title='bbox 514 1024 635 1062; x_wconf 77' lang='lat' dir='ltr'>sapiens</span> <span class='ocrx_word' id='word_1_94' title='bbox 649 1025 774 1063; x_wconf 78' lang='lat' dir='ltr'>quisque</span> <span class='ocrx_word' id='word_1_95' title='bbox 787 1026 833 1053; x_wconf 85' lang='lat' dir='ltr'>est</span> <span class='ocrx_word' id='word_1_96' title='bbox 845 1023 1013 1062; x_wconf 79' lang='lat' dir='ltr'>opulentus,</span> <span class='ocrx_word' id='word_1_97' title='bbox 1028 1027 1057 1054; x_wconf 80' lang='lat' dir='ltr'>et</span> <span class='ocrx_word' id='word_1_98' title='bbox 1071 1026 1188 1063; x_wconf 77' lang='lat' dir='ltr'>peritus</span> <span class='ocrx_word' id='word_1_99' title='bbox 1200 1027 1298 1061; x_wconf 76' lang='lat' dir='ltr'>sutor,</span> <span class='ocrx_word' id='word_1_100' title='bbox 1313 1028 1342 1055; x_wconf 82' lang='lat' dir='ltr'>et</span> <span class='ocrx_word' id='word_1_101' title='bbox 1356 1026 1436 1055; x_wconf 81' lang='lat' dir='ltr'>solus</span> <span class='ocrx_word' id='word_1_102' title='bbox 1450 1025 1584 1065; x_wconf 74' lang='lat' dir='ltr'>pulcher,</span> <span class='ocrx_word' id='word_1_103' title='bbox 1597 1025 1688 1055; x_wconf 77' lang='lat' dir='ltr'>immo</span> <span class='ocrx_word' id='word_1_104' title='bbox 1701 1024 1794 1055; x_wconf 76' lang='lat' dir='ltr'>etiam</span> 
     </span>
     <span class='ocr_line' id='line_1_18' title="bbox 380 1064 1795 1105; baseline -0.001 -10"><span class='ocrx_word' id='word_1_105' title='bbox 380 1075 447 1099; x_wconf 79' lang='lat' dir='ltr'>rex,</span> <span class='ocrx_word' id='word_1_106' title='bbox 462 1074 555 1104; x_wconf 84' lang='lat' dir='ltr'>quare</span> <span class='ocrx_word' id='word_1_107' title='bbox 567 1064 646 1104; x_wconf 79' lang='lat' dir='ltr'>petis</span> <span class='ocrx_word' id='word_1_108' title='bbox 659 1065 691 1095; x_wconf 74' lang='lat' dir='ltr'>id</span> <span class='ocrx_word' id='word_1_109' title='bbox 705 1066 784 1104; x_wconf 77' lang='lat' dir='ltr'>quod</span> <span class='ocrx_word' id='word_1_110' title='bbox 802 1065 938 1104; x_wconf 81' lang='lat' dir='ltr'>possides</span> <span class='ocrx_word' id='word_1_111' title='bbox 948 1064 964 1096; x_wconf 64' lang='grc' dir='ltr'>ζ’</span> <span class='ocrx_word' id='word_1_112' title='bbox 1009 1065 1086 1103; x_wconf 75' lang='grc' dir='ltr'><strong><em>ΟΙιε,</em></strong></span> <span class='ocrx_word' id='word_1_113' title='bbox 1100 1067 1259 1104; x_wconf 79' lang='lat' dir='ltr'><em>respondet</em></span> <span class='ocrx_word' id='word_1_114' title='bbox 1271 1066 1340 1096; x_wconf 79' lang='lat' dir='ltr'>ille.-</span> <span class='ocrx_word' id='word_1_115' title='bbox 1362 1075 1548 1105; x_wconf 76' lang='lat' dir='ltr'>nequaquam</span> <span class='ocrx_word' id='word_1_116' title='bbox 1561 1066 1710 1104; x_wconf 67' lang='lat' dir='ltr'>intelligis</span> <span class='ocrx_word' id='word_1_117' title='bbox 1722 1065 1795 1104; x_wconf 75' lang='lat' dir='ltr'>quid</span> 
     </span>
     <span class='ocr_line' id='line_1_19' title="bbox 380 1104 1798 1146; baseline -0.001 -11"><span class='ocrx_word' id='word_1_118' title='bbox 380 1107 520 1145; x_wconf 78' lang='lat' dir='ltr'>loquatur</span> <span class='ocrx_word' id='word_1_119' title='bbox 545 1106 693 1144; x_wconf 74' lang='lat' dir='ltr'>magister</span> <span class='ocrx_word' id='word_1_120' title='bbox 715 1106 914 1145; x_wconf 78' lang='lat' dir='ltr'>Chrysippus.</span> <span class='ocrx_word' id='word_1_121' title='bbox 958 1104 1086 1144; x_wconf 81' lang='lat' dir='ltr'>Sapiens</span> <span class='ocrx_word' id='word_1_122' title='bbox 1109 1115 1262 1145; x_wconf 78' lang='lat' dir='ltr'>nunquam</span> <span class='ocrx_word' id='word_1_123' title='bbox 1281 1107 1340 1136; x_wconf 79' lang='lat' dir='ltr'>sibi</span> <span class='ocrx_word' id='word_1_124' title='bbox 1353 1107 1432 1144; x_wconf 75' lang='lat' dir='ltr'>fecit</span> <span class='ocrx_word' id='word_1_125' title='bbox 1447 1107 1584 1146; x_wconf 76' lang='lat' dir='ltr'>crepidas</span> <span class='ocrx_word' id='word_1_126' title='bbox 1607 1110 1662 1138; x_wconf 78' lang='lat' dir='ltr'>aut</span> <span class='ocrx_word' id='word_1_127' title='bbox 1678 1107 1798 1140; x_wconf 75' lang='lat' dir='ltr'>soleas,-</span> 
     </span>
    </p>
   </div>
   <div class='ocr_carea' id='block_1_13' title="bbox 381 1146 1052 1187">
    <p class='ocr_par' dir='ltr' id='par_1_13' title="bbox 381 1146 1052 1187">
     <span class='ocr_line' id='line_1_20' title="bbox 381 1146 1052 1187; baseline 0 -11"><span class='ocrx_word' id='word_1_128' title='bbox 381 1147 499 1187; x_wconf 75' lang='lat' dir='ltr'>sapiens</span> <span class='ocrx_word' id='word_1_129' title='bbox 514 1150 613 1178; x_wconf 76' lang='lat' dir='ltr'>tamen</span> <span class='ocrx_word' id='word_1_130' title='bbox 628 1150 712 1177; x_wconf 78' lang='lat' dir='ltr'>sutor</span> <span class='ocrx_word' id='word_1_131' title='bbox 726 1150 782 1177; x_wconf 86' lang='lat' dir='ltr'>est.</span> <span class='ocrx_word' id='word_1_132' title='bbox 829 1147 900 1181; x_wconf 74' lang='lat' dir='ltr'>Qua</span> <span class='ocrx_word' id='word_1_133' title='bbox 915 1146 1052 1176; x_wconf 75' lang='lat' dir='ltr'>ratione?</span> 
     </span>
    </p>
   </div>
   <div class='ocr_carea' id='block_1_14' title="bbox 974 1236 1090 1248">
    <p class='ocr_par' dir='ltr' id='par_1_14' title="bbox 974 1236 1090 1248">
     <span class='ocr_line' id='line_1_21' title="bbox 974 1236 1090 1248; baseline 0 0"><span class='ocrx_word' id='word_1_134' title='bbox 974 1236 1090 1248; x_wconf 64' lang='lat' dir='ltr'>‘eme</span> 
     </span>
    </p>
   </div>
   <div class='ocr_carea' id='block_1_15' title="bbox 1095 1146 1796 1185">
    <p class='ocr_par' dir='ltr' id='par_1_15' title="bbox 1095 1146 1796 1185">
     <span class='ocr_line' id='line_1_22' title="bbox 1095 1146 1796 1185; baseline 0 -9"><span class='ocrx_word' id='word_1_135' title='bbox 1095 1146 1351 1181; x_wconf 79' lang='lat' dir='ltr'><strong><em>Quemadmodum</em></strong></span> <span class='ocrx_word' id='word_1_136' title='bbox 1373 1148 1444 1178; x_wconf 82' lang='lat' dir='ltr'>licet</span> <span class='ocrx_word' id='word_1_137' title='bbox 1464 1150 1563 1178; x_wconf 78' lang='lat' dir='ltr'>taceat</span> <span class='ocrx_word' id='word_1_138' title='bbox 1577 1147 1796 1185; x_wconf 69' lang='lat' dir='ltr'><em>Hermogenes,</em></span> 
     </span>
    </p>
   </div>
   <div class='ocr_carea' id='block_1_16' title="bbox 1092 1235 1207 1248">
    <p class='ocr_par' dir='ltr' id='par_1_16' title="bbox 1092 1235 1207 1248">
     <span class='ocr_line' id='line_1_23' title="bbox 1092 1235 1207 1248; baseline -0.009 0"><span class='ocrx_word' id='word_1_139' title='bbox 1092 1235 1207 1248; x_wconf 54' lang='lat' dir='ltr'>ccccc</span> 
     </span>
    </p>
   </div>
   <div class='ocr_carea' id='block_1_17' title="bbox 382 1289 1799 1353">
    <p class='ocr_par' dir='ltr' id='par_1_17' title="bbox 382 1289 1799 1353">
     <span class='ocr_line' id='line_1_24' title="bbox 382 1289 1799 1353; baseline -0.001 -33"><span class='ocrx_word' id='word_1_140' title='bbox 382 1292 472 1330; x_wconf 84' lang='lat' dir='ltr'>ning.</span> <span class='ocrx_word' id='word_1_141' title='bbox 497 1300 538 1321; x_wconf 88' lang='lat' dir='ltr'>ex</span> <span class='ocrx_word' id='word_1_142' title='bbox 563 1291 750 1353; x_wconf 50' lang='lat' dir='ltr'>corbiam-ra</span> <span class='ocrx_word' id='word_1_143' title='bbox 767 1290 827 1321; x_wconf 79' lang='lat' dir='ltr'>Dis</span> <span class='ocrx_word' id='word_1_144' title='bbox 848 1290 1132 1329; x_wconf 77' lang='lat' dir='ltr'>sublegerit.—12s</span> <span class='ocrx_word' id='word_1_145' title='bbox 1155 1291 1165 1308; x_wconf 79' lang='lat'><strong>⁴</strong></span> <span class='ocrx_word' id='word_1_146' title='bbox 1181 1290 1234 1321; x_wconf 81' lang='lat' dir='ltr'>Ita</span> <span class='ocrx_word' id='word_1_147' title='bbox 1249 1290 1380 1329; x_wconf 84' lang='lat' dir='ltr'>quidem</span> <span class='ocrx_word' id='word_1_148' title='bbox 1397 1289 1499 1320; x_wconf 87' lang='lat' dir='ltr'>editi:</span> <span class='ocrx_word' id='word_1_149' title='bbox 1523 1292 1607 1319; x_wconf 70' lang='lat' dir='ltr'>sistor</span> <span class='ocrx_word' id='word_1_150' title='bbox 1629 1291 1729 1319; x_wconf 76' lang='lat' dir='ltr'>tomen</span> <span class='ocrx_word' id='word_1_151' title='bbox 1754 1290 1799 1318; x_wconf 73' lang='lat' dir='ltr'>est</span> 
     </span>
    </p>
   </div>
   <div class='ocr_carea' id='block_1_18' title="bbox 383 1333 607 1371">
    <p class='ocr_par' dir='ltr' id='par_1_18' title="bbox 383 1333 607 1371">
     <span class='ocr_line' id='line_1_25' title="bbox 383 1333 607 1371; baseline 0 -9"><span class='ocrx_word' id='word_1_152' title='bbox 383 1333 514 1371; x_wconf 75' lang='lat' dir='ltr'>sapiens.</span> <span class='ocrx_word' id='word_1_153' title='bbox 539 1333 607 1367; x_wconf 83' lang='lat' dir='ltr'>Quo</span> 
     </span>
    </p>
   </div>
   <div class='ocr_carea' id='block_1_19' title="bbox 382 1331 1799 1413">
    <p class='ocr_par' dir='ltr' id='par_1_19' title="bbox 382 1331 1799 1413">
     <span class='ocr_line' id='line_1_26' title="bbox 654 1331 1799 1372; baseline -0.002 -10"><span class='ocrx_word' id='word_1_154' title='bbox 654 1333 711 1362; x_wconf 86' lang='lat' dir='ltr'>sed</span> <span class='ocrx_word' id='word_1_155' title='bbox 729 1333 802 1371; x_wconf 82' lang='lat' dir='ltr'>lege</span> <span class='ocrx_word' id='word_1_156' title='bbox 819 1341 894 1362; x_wconf 89' lang='lat' dir='ltr'>cum</span> <span class='ocrx_word' id='word_1_157' title='bbox 914 1331 1031 1362; x_wconf 82' lang='lat' dir='ltr'>Bianti.</span> <span class='ocrx_word' id='word_1_158' title='bbox 1044 1332 1179 1372; x_wconf 86' lang='lat' dir='ltr'>Cruquii</span> <span class='ocrx_word' id='word_1_159' title='bbox 1194 1337 1226 1362; x_wconf 87' lang='lat' dir='ltr'>et</span> <span class='ocrx_word' id='word_1_160' title='bbox 1241 1332 1315 1362; x_wconf 88' lang='lat' dir='ltr'>cod.</span> <span class='ocrx_word' id='word_1_161' title='bbox 1331 1331 1586 1370; x_wconf 73' lang='lat' dir='ltr'>Colleg.Trinit;</span> <span class='ocrx_word' id='word_1_162' title='bbox 1599 1332 1685 1360; x_wconf 73' lang='lat' dir='ltr'>sutor·</span> <span class='ocrx_word' id='word_1_163' title='bbox 1697 1333 1799 1360; x_wconf 71' lang='lat' dir='ltr'>tumen</span> 
     </span>
     <span class='ocr_line' id='line_1_27' title="bbox 382 1372 1494 1413; baseline 0 -12"><span class='ocrx_word' id='word_1_164' title='bbox 382 1377 426 1403; x_wconf 78' lang='lat' dir='ltr'>est</span> <span class='ocrx_word' id='word_1_165' title='bbox 440 1374 570 1411; x_wconf 78' lang='lat' dir='ltr'>sapiens.</span> <span class='ocrx_word' id='word_1_166' title='bbox 597 1373 678 1407; x_wconf 75' lang='lat' dir='ltr'>Qui?</span> <span class='ocrx_word' id='word_1_167' title='bbox 720 1372 759 1402; x_wconf 88' lang='lat' dir='ltr'>Id</span> <span class='ocrx_word' id='word_1_168' title='bbox 776 1378 846 1402; x_wconf 84' lang='lat' dir='ltr'>est:</span> <span class='ocrx_word' id='word_1_169' title='bbox 861 1373 1038 1412; x_wconf 88' lang='lat' dir='ltr'>quomodo,</span> <span class='ocrx_word' id='word_1_170' title='bbox 1050 1382 1115 1413; x_wconf 87' lang='lat' dir='ltr'>qno</span> <span class='ocrx_word' id='word_1_171' title='bbox 1138 1377 1251 1412; x_wconf 86' lang='lat' dir='ltr'>pacto,</span> <span class='ocrx_word' id='word_1_172' title='bbox 1264 1382 1327 1413; x_wconf 81' lang='lat' dir='ltr'>qua</span> <span class='ocrx_word' id='word_1_173' title='bbox 1344 1372 1494 1403; x_wconf 77' lang='lat' dir='ltr'>ratione?</span> 
     </span>
    </p>
   </div>
   <div class='ocr_carea' id='block_1_20' title="bbox 1537 1369 1798 1401">
    <p class='ocr_par' dir='ltr' id='par_1_20' title="bbox 1537 1369 1798 1401">
     <span class='ocr_line' id='line_1_28' title="bbox 1537 1369 1798 1401; baseline -0.008 0"><span class='ocrx_word' id='word_1_174' title='bbox 1537 1372 1676 1401; x_wconf 88' lang='lat' dir='ltr'>Terent.</span> <span class='ocrx_word' id='word_1_175' title='bbox 1693 1369 1798 1401; x_wconf 86' lang='lat' dir='ltr'>Andr.</span> 
     </span>
    </p>
   </div>
   <div class='ocr_carea' id='block_1_21' title="bbox 383 1410 1798 1454">
    <p class='ocr_par' dir='ltr' id='par_1_21' title="bbox 383 1410 1798 1454">
     <span class='ocr_line' id='line_1_29' title="bbox 383 1410 1798 1454; baseline -0.003 -10"><span class='ocrx_word' id='word_1_176' title='bbox 383 1422 415 1443; x_wconf 89' lang='lat' dir='ltr'>v.</span> <span class='ocrx_word' id='word_1_177' title='bbox 427 1416 458 1444; x_wconf 78' lang='lat'>4.</span> <span class='ocrx_word' id='word_1_178' title='bbox 474 1416 526 1445; x_wconf 83' lang='lat'>50.</span> <span class='ocrx_word' id='word_1_179' title='bbox 570 1413 615 1444; x_wconf 84' lang='lat' dir='ltr'>At</span> <span class='ocrx_word' id='word_1_180' title='bbox 635 1414 702 1447; x_wconf 79' lang='lat' dir='ltr'>Quo</span> <span class='ocrx_word' id='word_1_181' title='bbox 717 1422 881 1453; x_wconf 82' lang='lat' dir='ltr'>nunquam</span> <span class='ocrx_word' id='word_1_182' title='bbox 898 1415 998 1452; x_wconf 83' lang='lat' dir='ltr'>vaiet,</span> <span class='ocrx_word' id='word_1_183' title='bbox 1020 1423 1085 1453; x_wconf 89' lang='lat' dir='ltr'>quo</span> <span class='ocrx_word' id='word_1_184' title='bbox 1102 1414 1220 1454; x_wconf 82' lang='lat' dir='ltr'>pacto?</span> <span class='ocrx_word' id='word_1_185' title='bbox 1243 1413 1315 1453; x_wconf 88' lang='lat' dir='ltr'>sed,</span> <span class='ocrx_word' id='word_1_186' title='bbox 1330 1422 1426 1453; x_wconf 87' lang='lat' dir='ltr'>quem</span> <span class='ocrx_word' id='word_1_187' title='bbox 1441 1412 1483 1443; x_wconf 79' lang='lat' dir='ltr'>ad</span> <span class='ocrx_word' id='word_1_188' title='bbox 1504 1411 1627 1443; x_wconf 83' lang='lat' dir='ltr'>finem?</span> <span class='ocrx_word' id='word_1_189' title='bbox 1645 1411 1733 1452; x_wconf 90' lang='lat' dir='ltr'>quod</span> <span class='ocrx_word' id='word_1_190' title='bbox 1757 1410 1798 1440; x_wconf 73' lang='lat' dir='ltr'>ab</span> 
     </span>
    </p>
   </div>
   <div class='ocr_carea' id='block_1_22' title="bbox 1028 1506 1165 1538">
    <p class='ocr_par' dir='ltr' id='par_1_22' title="bbox 1028 1506 1165 1538">
     <span class='ocr_line' id='line_1_30' title="bbox 1028 1506 1165 1538; baseline 0 -1"><span class='ocrx_word' id='word_1_191' title='bbox 1028 1506 1165 1538; x_wconf 83' lang='lat' dir='ltr'><strong>NOTAE</strong></span> 
     </span>
    </p>
   </div>
   <div class='ocr_carea' id='block_1_23' title="bbox 384 1559 1076 2776">
    <p class='ocr_par' dir='ltr' id='par_1_23' title="bbox 384 1559 1070 1848">
     <span class='ocr_line' id='line_1_31' title="bbox 425 1559 1069 1606; baseline 0.003 -10"><span class='ocrx_word' id='word_1_192' title='bbox 425 1568 486 1596; x_wconf 81' lang='lat'>122</span> <span class='ocrx_word' id='word_1_193' title='bbox 512 1566 611 1597; x_wconf 81' lang='lat' dir='ltr'>Furta</span> <span class='ocrx_word' id='word_1_194' title='bbox 626 1566 809 1605; x_wconf 74' lang='lat' dir='ltr'>latrociniis]</span> <span class='ocrx_word' id='word_1_195' title='bbox 843 1559 946 1597; x_wconf 76' lang='lat' dir='ltr'>Fu‘res</span> <span class='ocrx_word' id='word_1_196' title='bbox 962 1572 1069 1606; x_wconf 83' lang='lat' dir='ltr'>agunt</span> 
     </span>
     <span class='ocr_line' id='line_1_32' title="bbox 384 1615 1068 1653; baseline -0.001 -8"><span class='ocrx_word' id='word_1_197' title='bbox 384 1615 481 1652; x_wconf 81' lang='lat' dir='ltr'>ciam,</span> <span class='ocrx_word' id='word_1_198' title='bbox 491 1618 525 1644; x_wconf 86' lang='lat' dir='ltr'>et</span> <span class='ocrx_word' id='word_1_199' title='bbox 539 1615 726 1653; x_wconf 85' lang='lat' dir='ltr'>surripiunt</span> <span class='ocrx_word' id='word_1_200' title='bbox 742 1615 830 1653; x_wconf 82' lang='lat' dir='ltr'>apud</span> <span class='ocrx_word' id='word_1_201' title='bbox 843 1615 1009 1645; x_wconf 79' lang='lat' dir='ltr'>incautos:</span> <span class='ocrx_word' id='word_1_202' title='bbox 1020 1615 1068 1644; x_wconf 76' lang='lat' dir='ltr'>la-</span> 
     </span>
     <span class='ocr_line' id='line_1_33' title="bbox 385 1661 1069 1701; baseline 0 -9"><span class='ocrx_word' id='word_1_203' title='bbox 385 1668 499 1692; x_wconf 86' lang='lat' dir='ltr'>trones</span> <span class='ocrx_word' id='word_1_204' title='bbox 515 1663 580 1692; x_wconf 89' lang='lat' dir='ltr'>vim</span> <span class='ocrx_word' id='word_1_205' title='bbox 598 1665 747 1701; x_wconf 80' lang='lat' dir='ltr'>apertam</span> <span class='ocrx_word' id='word_1_206' title='bbox 763 1661 933 1692; x_wconf 82' lang='lat' dir='ltr'>adhibent.</span> <span class='ocrx_word' id='word_1_207' title='bbox 956 1662 1069 1694; x_wconf 77' lang='lat' dir='ltr'>Quan-</span> 
     </span>
     <span class='ocr_line' id='line_1_34' title="bbox 386 1710 1070 1751; baseline -0.001 -10"><span class='ocrx_word' id='word_1_208' title='bbox 386 1715 421 1741; x_wconf 90' lang='lat' dir='ltr'>to</span> <span class='ocrx_word' id='word_1_209' title='bbox 438 1719 516 1741; x_wconf 87' lang='lat' dir='ltr'>vero</span> <span class='ocrx_word' id='word_1_210' title='bbox 531 1711 563 1741; x_wconf 87' lang='lat' dir='ltr'>hi</span> <span class='ocrx_word' id='word_1_211' title='bbox 585 1719 681 1751; x_wconf 81' lang='lat' dir='ltr'>quarn</span> <span class='ocrx_word' id='word_1_212' title='bbox 697 1710 746 1740; x_wconf 89' lang='lat' dir='ltr'>illi</span> <span class='ocrx_word' id='word_1_213' title='bbox 762 1711 974 1745; x_wconf 82' lang='lat' dir='ltr'>nocentiores</span> <span class='ocrx_word' id='word_1_214' title='bbox 990 1712 1070 1746; x_wconf 88' lang='lat' dir='ltr'>sint,</span> 
     </span>
     <span class='ocr_line' id='line_1_35' title="bbox 385 1760 1070 1800; baseline 0 -9"><span class='ocrx_word' id='word_1_215' title='bbox 385 1770 482 1791; x_wconf 89' lang='lat' dir='ltr'>nemo</span> <span class='ocrx_word' id='word_1_216' title='bbox 505 1769 568 1791; x_wconf 90' lang='lat' dir='ltr'>non</span> <span class='ocrx_word' id='word_1_217' title='bbox 589 1760 711 1791; x_wconf 81' lang='lat' dir='ltr'>sentit:</span> <span class='ocrx_word' id='word_1_218' title='bbox 737 1760 826 1800; x_wconf 90' lang='lat' dir='ltr'>quod</span> <span class='ocrx_word' id='word_1_219' title='bbox 844 1764 953 1791; x_wconf 84' lang='lat' dir='ltr'>tamen</span> <span class='ocrx_word' id='word_1_220' title='bbox 967 1760 1070 1791; x_wconf 88' lang='lat' dir='ltr'>Stoici</span> 
     </span>
     <span class='ocr_line' id='line_1_36' title="bbox 387 1809 567 1848; baseline -0.006 -9"><span class='ocrx_word' id='word_1_221' title='bbox 387 1809 567 1848; x_wconf 77' lang='lat' dir='ltr'>negabant.</span> 
     </span>
    </p>

    <p class='ocr_par' dir='ltr' id='par_1_24' title="bbox 387 1857 1072 2082">
     <span class='ocr_line' id='line_1_37' title="bbox 429 1857 1069 1897; baseline -0.002 -10"><span class='ocrx_word' id='word_1_222' title='bbox 429 1859 489 1887; x_wconf 79' lang='lat'>123</span> <span class='ocrx_word' id='word_1_223' title='bbox 513 1857 605 1887; x_wconf 84' lang='lat' dir='ltr'>Falce</span> <span class='ocrx_word' id='word_1_224' title='bbox 613 1857 722 1896; x_wconf 77' lang='lat' dir='ltr'>simili]</span> <span class='ocrx_word' id='word_1_225' title='bbox 734 1857 863 1897; x_wconf 83' lang='lat' dir='ltr'>AEquali</span> <span class='ocrx_word' id='word_1_226' title='bbox 876 1858 1069 1896; x_wconf 83' lang='lat' dir='ltr'>severitate,</span> 
     </span>
     <span class='ocr_line' id='line_1_38' title="bbox 387 1905 1069 1944; baseline 0.001 -10"><span class='ocrx_word' id='word_1_227' title='bbox 387 1914 517 1944; x_wconf 82' lang='lat' dir='ltr'>poenani</span> <span class='ocrx_word' id='word_1_228' title='bbox 551 1905 691 1935; x_wconf 84' lang='lat' dir='ltr'>eandem</span> <span class='ocrx_word' id='word_1_229' title='bbox 714 1906 906 1943; x_wconf 80' lang='lat' dir='ltr'>statuendo,</span> <span class='ocrx_word' id='word_1_230' title='bbox 935 1915 1069 1944; x_wconf 85' lang='lat' dir='ltr'>gravem</span> 
     </span>
     <span class='ocr_line' id='line_1_39' title="bbox 387 1953 1071 1993; baseline 0.001 -10"><span class='ocrx_word' id='word_1_231' title='bbox 387 1953 531 1990; x_wconf 74' lang='lat' dir='ltr'>scilicet,</span> <span class='ocrx_word' id='word_1_232' title='bbox 548 1957 614 1983; x_wconf 82' lang='lat' dir='ltr'>tam</span> <span class='ocrx_word' id='word_1_233' title='bbox 641 1953 750 1992; x_wconf 79' lang='lat' dir='ltr'>parvis</span> <span class='ocrx_word' id='word_1_234' title='bbox 773 1963 867 1992; x_wconf 75' lang='lat' dir='ltr'>quain</span> <span class='ocrx_word' id='word_1_235' title='bbox 892 1954 1071 1993; x_wconf 79' lang='lat' dir='ltr'>majoribus</span> 
     </span>
     <span class='ocr_line' id='line_1_40' title="bbox 387 2001 1072 2042; baseline 0.001 -10"><span class='ocrx_word' id='word_1_236' title='bbox 387 2002 561 2042; x_wconf 79' lang='lat' dir='ltr'>peccatis:</span> <span class='ocrx_word' id='word_1_237' title='bbox 585 2001 673 2042; x_wconf 90' lang='lat' dir='ltr'>quod</span> <span class='ocrx_word' id='word_1_238' title='bbox 698 2001 816 2031; x_wconf 82' lang='lat' dir='ltr'>rationi</span> <span class='ocrx_word' id='word_1_239' title='bbox 840 2007 1015 2042; x_wconf 81' lang='lat' dir='ltr'>repugnat,</span> <span class='ocrx_word' id='word_1_240' title='bbox 1034 2008 1072 2034; x_wconf 87' lang='lat' dir='ltr'>ut</span> 
     </span>
     <span class='ocr_line' id='line_1_41' title="bbox 390 2051 688 2082; baseline 0.003 -1"><span class='ocrx_word' id='word_1_241' title='bbox 390 2057 467 2082; x_wconf 83' lang='lat' dir='ltr'>ante</span> <span class='ocrx_word' id='word_1_242' title='bbox 483 2051 608 2082; x_wconf 88' lang='lat' dir='ltr'>dictum</span> <span class='ocrx_word' id='word_1_243' title='bbox 625 2056 688 2082; x_wconf 91' lang='lat' dir='ltr'>est.</span> 
     </span>
    </p>

    <p class='ocr_par' dir='ltr' id='par_1_25' title="bbox 389 2100 1074 2286">
     <span class='ocr_line' id='line_1_42' title="bbox 431 2100 1072 2142; baseline 0.002 -11"><span class='ocrx_word' id='word_1_244' title='bbox 431 2103 491 2131; x_wconf 79' lang='lat'>124</span> <span class='ocrx_word' id='word_1_245' title='bbox 515 2100 553 2130; x_wconf 82' lang='lat' dir='ltr'>Si</span> <span class='ocrx_word' id='word_1_246' title='bbox 574 2101 656 2131; x_wconf 80' lang='lat' dir='ltr'>dives</span> <span class='ocrx_word' id='word_1_247' title='bbox 682 2103 734 2140; x_wconf 80' lang='lat' dir='ltr'>qui</span> <span class='ocrx_word' id='word_1_248' title='bbox 758 2103 890 2142; x_wconf 79' lang='lat' dir='ltr'>sapiens,</span> <span class='ocrx_word' id='word_1_249' title='bbox 914 2102 982 2142; x_wconf 58' lang='lat'>⁸5⁶²]</span> <span class='ocrx_word' id='word_1_250' title='bbox 1022 2101 1072 2132; x_wconf 87' lang='lat' dir='ltr'>Ex</span> 
     </span>
     <span class='ocr_line' id='line_1_43' title="bbox 389 2149 1072 2181; baseline -0.001 -1"><span class='ocrx_word' id='word_1_251' title='bbox 389 2149 563 2180; x_wconf 83' lang='lat' dir='ltr'>occasione</span> <span class='ocrx_word' id='word_1_252' title='bbox 599 2149 730 2180; x_wconf 83' lang='lat' dir='ltr'>deridet</span> <span class='ocrx_word' id='word_1_253' title='bbox 766 2151 854 2180; x_wconf 79' lang='lat' dir='ltr'>alind</span> <span class='ocrx_word' id='word_1_254' title='bbox 885 2151 1072 2181; x_wconf 84' lang='lat' dir='ltr'>Stoicorum</span> 
     </span>
     <span class='ocr_line' id='line_1_44' title="bbox 390 2197 1074 2238; baseline 0.004 -12"><span class='ocrx_word' id='word_1_255' title='bbox 390 2197 560 2237; x_wconf 82' lang='lat' dir='ltr'>placitum,</span> <span class='ocrx_word' id='word_1_256' title='bbox 580 2199 706 2229; x_wconf 85' lang='lat' dir='ltr'>‘solum</span> <span class='ocrx_word' id='word_1_257' title='bbox 731 2199 915 2238; x_wconf 78' lang='lat' dir='ltr'>sapientem</span> <span class='ocrx_word' id='word_1_258' title='bbox 935 2208 1008 2230; x_wconf 90' lang='lat' dir='ltr'>esse</span> <span class='ocrx_word' id='word_1_259' title='bbox 1024 2208 1074 2229; x_wconf 89' lang='lat' dir='ltr'>re-</span> 
     </span>
     <span class='ocr_line' id='line_1_45' title="bbox 391 2247 661 2286; baseline 0 -9"><span class='ocrx_word' id='word_1_260' title='bbox 391 2256 466 2286; x_wconf 83' lang='lat' dir='ltr'>gem</span> <span class='ocrx_word' id='word_1_261' title='bbox 482 2251 516 2277; x_wconf 88' lang='lat' dir='ltr'>et</span> <span class='ocrx_word' id='word_1_262' title='bbox 529 2247 661 2277; x_wconf 68' lang='lat' dir='ltr'>omnia:</span> 
     </span>
    </p>

    <p class='ocr_par' dir='ltr' id='par_1_26' title="bbox 391 2295 1074 2432">
     <span class='ocr_line' id='line_1_46' title="bbox 435 2295 1074 2336; baseline 0.003 -12"><span class='ocrx_word' id='word_1_263' title='bbox 435 2297 494 2325; x_wconf 80' lang='lat'>126</span> <span class='ocrx_word' id='word_1_264' title='bbox 518 2295 590 2325; x_wconf 83' lang='lat' dir='ltr'>Non</span> <span class='ocrx_word' id='word_1_265' title='bbox 615 2296 694 2325; x_wconf 78' lang='lat' dir='ltr'>nosti</span> <span class='ocrx_word' id='word_1_266' title='bbox 725 2296 809 2335; x_wconf 83' lang='lat' dir='ltr'>quid,</span> <span class='ocrx_word' id='word_1_267' title='bbox 838 2296 906 2336; x_wconf 58' lang='grc' dir='ltr'>ξω]</span> <span class='ocrx_word' id='word_1_268' title='bbox 943 2296 1074 2326; x_wconf 87' lang='lat' dir='ltr'>Stoicus</span> 
     </span>
     <span class='ocr_line' id='line_1_47' title="bbox 391 2343 1074 2384; baseline 0.004 -12"><span class='ocrx_word' id='word_1_269' title='bbox 391 2343 593 2382; x_wconf 80' lang='lat' dir='ltr'>respondet:</span> <span class='ocrx_word' id='word_1_270' title='bbox 619 2343 770 2374; x_wconf 83' lang='lat' dir='ltr'>Mentem</span> <span class='ocrx_word' id='word_1_271' title='bbox 799 2349 833 2374; x_wconf 85' lang='lat' dir='ltr'>et</span> <span class='ocrx_word' id='word_1_272' title='bbox 862 2344 1074 2384; x_wconf 81' lang='lat' dir='ltr'>disciplinam</span> 
     </span>
     <span class='ocr_line' id='line_1_48' title="bbox 393 2393 794 2432; baseline 0.002 -10"><span class='ocrx_word' id='word_1_273' title='bbox 393 2397 541 2430; x_wconf 81' lang='lat' dir='ltr'>nostram</span> <span class='ocrx_word' id='word_1_274' title='bbox 559 2402 674 2432; x_wconf 78' lang='lat' dir='ltr'>parum</span> <span class='ocrx_word' id='word_1_275' title='bbox 689 2393 794 2432; x_wconf 81' lang='lat' dir='ltr'>capis.</span> 
     </span>
    </p>

    <p class='ocr_par' dir='ltr' id='par_1_27' title="bbox 435 2440 999 2481">
     <span class='ocr_line' id='line_1_49' title="bbox 435 2440 999 2481; baseline -0.002 -10"><span class='ocrx_word' id='word_1_276' title='bbox 435 2440 547 2479; x_wconf 80' lang='lat' dir='ltr'>Pater]</span> <span class='ocrx_word' id='word_1_277' title='bbox 570 2442 678 2471; x_wconf 81' lang='lat' dir='ltr'>Sectae</span> <span class='ocrx_word' id='word_1_278' title='bbox 693 2445 814 2472; x_wconf 82' lang='lat' dir='ltr'>nostrae</span> <span class='ocrx_word' id='word_1_279' title='bbox 832 2440 999 2481; x_wconf 88' lang='lat' dir='ltr'>princeps.</span> 
     </span>
    </p>

    <p class='ocr_par' dir='ltr' id='par_1_28' title="bbox 392 2489 1076 2776">
     <span class='ocr_line' id='line_1_50' title="bbox 436 2489 1075 2530; baseline 0 -10"><span class='ocrx_word' id='word_1_280' title='bbox 436 2492 496 2520; x_wconf 82' lang='grc'>127</span> <span class='ocrx_word' id='word_1_281' title='bbox 521 2489 724 2530; x_wconf 74' lang='lat' dir='ltr'>Chrysippus]</span> <span class='ocrx_word' id='word_1_282' title='bbox 759 2490 903 2521; x_wconf 79' lang='lat' dir='ltr'>Zenonis</span> <span class='ocrx_word' id='word_1_283' title='bbox 930 2489 1075 2529; x_wconf 87' lang='lat' dir='ltr'>discipu-</span> 
     </span>
     <span class='ocr_line' id='line_1_51' title="bbox 392 2537 1076 2578; baseline 0 -9"><span class='ocrx_word' id='word_1_284' title='bbox 392 2539 454 2570; x_wconf 87' lang='lat' dir='ltr'>lus.</span> <span class='ocrx_word' id='word_1_285' title='bbox 499 2538 554 2569; x_wconf 90' lang='lat' dir='ltr'>De</span> <span class='ocrx_word' id='word_1_286' title='bbox 585 2548 650 2578; x_wconf 89' lang='lat' dir='ltr'>quo</span> <span class='ocrx_word' id='word_1_287' title='bbox 673 2537 785 2570; x_wconf 65' lang='lat' dir='ltr'>Laeli-t.</span> <span class='ocrx_word' id='word_1_288' title='bbox 811 2538 870 2569; x_wconf 87' lang='lat' dir='ltr'>lib.</span> <span class='ocrx_word' id='word_1_289' title='bbox 893 2547 957 2569; x_wconf 86' lang='lat' dir='ltr'>vn.</span> <span class='ocrx_word' id='word_1_290' title='bbox 978 2539 987 2555; x_wconf 91' lang='lat'>‘</span> <span class='ocrx_word' id='word_1_291' title='bbox 1003 2539 1076 2570; x_wconf 88' lang='lat' dir='ltr'>Nisi</span> 
     </span>
     <span class='ocr_line' id='line_1_52' title="bbox 394 2587 1076 2628; baseline 0.001 -10"><span class='ocrx_word' id='word_1_292' title='bbox 394 2587 600 2628; x_wconf 87' lang='lat' dir='ltr'>Chrysippus</span> <span class='ocrx_word' id='word_1_293' title='bbox 626 2587 755 2628; x_wconf 80' lang='lat' dir='ltr'>fnisset,</span> <span class='ocrx_word' id='word_1_294' title='bbox 776 2589 922 2628; x_wconf 83' lang='lat' dir='ltr'>porticus</span> <span class='ocrx_word' id='word_1_295' title='bbox 944 2597 1008 2619; x_wconf 88' lang='lat' dir='ltr'>non</span> <span class='ocrx_word' id='word_1_296' title='bbox 1025 2597 1076 2619; x_wconf 90' lang='lat' dir='ltr'>es-</span> 
     </span>
     <span class='ocr_line' id='line_1_53' title="bbox 394 2635 1076 2674; baseline 0 -7"><span class='ocrx_word' id='word_1_297' title='bbox 394 2637 466 2667; x_wconf 67' lang='lat' dir='ltr'>set!</span> <span class='ocrx_word' id='word_1_298' title='bbox 511 2637 581 2674; x_wconf 79' lang='lat' dir='ltr'>Qic.</span> <span class='ocrx_word' id='word_1_299' title='bbox 599 2635 759 2668; x_wconf 82' lang='lat' dir='ltr'>Academ.</span> <span class='ocrx_word' id='word_1_300' title='bbox 775 2637 903 2670; x_wconf 82' lang='lat' dir='ltr'>Quaest.</span> <span class='ocrx_word' id='word_1_301' title='bbox 919 2646 967 2668; x_wconf 79' lang='grc' dir='ltr'>ιν.</span> <span class='ocrx_word' id='word_1_302' title='bbox 979 2646 1012 2668; x_wconf 87' lang='lat' dir='ltr'>n.</span> <span class='ocrx_word' id='word_1_303' title='bbox 1022 2639 1076 2667; x_wconf 82' lang='grc'>78.</span> 
     </span>
     <span class='ocr_line' id='line_1_54' title="bbox 393 2685 1075 2726; baseline 0 -11"><span class='ocrx_word' id='word_1_304' title='bbox 393 2687 403 2703; x_wconf 89' lang='lat'><strong>‘</strong></span> <span class='ocrx_word' id='word_1_305' title='bbox 423 2686 554 2716; x_wconf 86' lang='lat' dir='ltr'>Fulcire</span> <span class='ocrx_word' id='word_1_306' title='bbox 585 2691 722 2726; x_wconf 87' lang='lat' dir='ltr'>putatur</span> <span class='ocrx_word' id='word_1_307' title='bbox 753 2686 916 2726; x_wconf 80' lang='lat' dir='ltr'>porticum</span> <span class='ocrx_word' id='word_1_308' title='bbox 949 2685 1075 2717; x_wconf 83' lang='lat' dir='ltr'>Stoico-</span> 
     </span>
     <span class='ocr_line' id='line_1_55' title="bbox 397 2735 1074 2776; baseline -0.003 -10"><span class='ocrx_word' id='word_1_309' title='bbox 397 2735 491 2766; x_wconf 81' lang='lat' dir='ltr'>rum.’</span> <span class='ocrx_word' id='word_1_310' title='bbox 523 2735 610 2768; x_wconf 87' lang='lat' dir='ltr'>Ibid.</span> <span class='ocrx_word' id='word_1_311' title='bbox 626 2737 722 2776; x_wconf 72' lang='lat' dir='ltr'>paulo</span> <span class='ocrx_word' id='word_1_312' title='bbox 735 2741 810 2767; x_wconf 83' lang='lat' dir='ltr'>ante</span> <span class='ocrx_word' id='word_1_313' title='bbox 821 2747 831 2767; x_wconf 73' lang='grc' dir='ltr'>ε</span> <span class='ocrx_word' id='word_1_314' title='bbox 854 2735 864 2753; x_wconf 90' lang='lat'>‘</span> <span class='ocrx_word' id='word_1_315' title='bbox 877 2737 929 2767; x_wconf 89' lang='lat' dir='ltr'>De</span> <span class='ocrx_word' id='word_1_316' title='bbox 944 2744 984 2767; x_wconf 87' lang='lat' dir='ltr'>eo</span> <span class='ocrx_word' id='word_1_317' title='bbox 996 2742 1074 2775; x_wconf 87' lang='lat' dir='ltr'>que-</span> 
     </span>
    </p>
   </div>
   <div class='ocr_carea' id='block_1_24' title="bbox 1121 1565 1806 2764">
    <p class='ocr_par' dir='ltr' id='par_1_29' title="bbox 1121 1565 1805 2091">
     <span class='ocr_line' id='line_1_56' title="bbox 1122 1565 1801 1599; baseline -0.006 0"><span class='ocrx_word' id='word_1_318' title='bbox 1122 1569 1148 1599; x_wconf 89' lang='lat' dir='ltr'>ri</span> <span class='ocrx_word' id='word_1_319' title='bbox 1175 1570 1282 1599; x_wconf 78' lang='lat' dir='ltr'>solent</span> <span class='ocrx_word' id='word_1_320' title='bbox 1307 1568 1432 1599; x_wconf 87' lang='lat' dir='ltr'>Stoici:</span> <span class='ocrx_word' id='word_1_321' title='bbox 1456 1568 1534 1598; x_wconf 85' lang='lat' dir='ltr'>dnm</span> <span class='ocrx_word' id='word_1_322' title='bbox 1559 1565 1707 1596; x_wconf 82' lang='lat' dir='ltr'>studiosa</span> <span class='ocrx_word' id='word_1_323' title='bbox 1732 1574 1801 1596; x_wconf 88' lang='lat' dir='ltr'>om-</span> 
     </span>
     <span class='ocr_line' id='line_1_57' title="bbox 1121 1616 1804 1656; baseline -0.007 -9"><span class='ocrx_word' id='word_1_324' title='bbox 1121 1617 1177 1647; x_wconf 79' lang='lat' dir='ltr'>nia</span> <span class='ocrx_word' id='word_1_325' title='bbox 1191 1616 1407 1656; x_wconf 84' lang='lat' dir='ltr'>conquisierit</span> <span class='ocrx_word' id='word_1_326' title='bbox 1421 1619 1539 1646; x_wconf 80' lang='lat' dir='ltr'>contra</span> <span class='ocrx_word' id='word_1_327' title='bbox 1549 1623 1663 1644; x_wconf 83' lang='lat' dir='ltr'>sensus</span> <span class='ocrx_word' id='word_1_328' title='bbox 1675 1617 1709 1643; x_wconf 90' lang='lat' dir='ltr'>et</span> <span class='ocrx_word' id='word_1_329' title='bbox 1725 1621 1804 1652; x_wconf 85' lang='lat' dir='ltr'>per-</span> 
     </span>
     <span class='ocr_line' id='line_1_58' title="bbox 1122 1665 1802 1704; baseline -0.004 -9"><span class='ocrx_word' id='word_1_330' title='bbox 1122 1665 1345 1704; x_wconf 81' lang='lat' dir='ltr'>spicuitatem,</span> <span class='ocrx_word' id='word_1_331' title='bbox 1368 1669 1552 1704; x_wconf 82' lang='lat' dir='ltr'>contraque</span> <span class='ocrx_word' id='word_1_332' title='bbox 1571 1671 1701 1694; x_wconf 85' lang='lat' dir='ltr'>omnem</span> <span class='ocrx_word' id='word_1_333' title='bbox 1724 1670 1802 1693; x_wconf 88' lang='lat' dir='ltr'>con-</span> 
     </span>
     <span class='ocr_line' id='line_1_59' title="bbox 1123 1711 1804 1752; baseline -0.004 -9"><span class='ocrx_word' id='word_1_334' title='bbox 1123 1712 1345 1751; x_wconf 81' lang='lat' dir='ltr'>suetudinem,</span> <span class='ocrx_word' id='word_1_335' title='bbox 1368 1717 1549 1752; x_wconf 79' lang='lat' dir='ltr'>contraque</span> <span class='ocrx_word' id='word_1_336' title='bbox 1568 1711 1741 1749; x_wconf 79' lang='lat' dir='ltr'>rationem,</span> <span class='ocrx_word' id='word_1_337' title='bbox 1753 1711 1804 1750; x_wconf 83' lang='lat' dir='ltr'>ip-</span> 
     </span>
     <span class='ocr_line' id='line_1_60' title="bbox 1125 1758 1802 1800; baseline -0.004 -9"><span class='ocrx_word' id='word_1_338' title='bbox 1125 1771 1194 1791; x_wconf 79' lang='lat' dir='ltr'>sum</span> <span class='ocrx_word' id='word_1_339' title='bbox 1223 1761 1286 1791; x_wconf 88' lang='lat' dir='ltr'>sibi</span> <span class='ocrx_word' id='word_1_340' title='bbox 1317 1761 1584 1800; x_wconf 82' lang='lat' dir='ltr'>respondentem,</span> <span class='ocrx_word' id='word_1_341' title='bbox 1611 1758 1802 1790; x_wconf 84' lang='lat' dir='ltr'>inferiorem</span> 
     </span>
     <span class='ocr_line' id='line_1_61' title="bbox 1123 1809 1803 1850; baseline -0.004 -11"><span class='ocrx_word' id='word_1_342' title='bbox 1123 1809 1250 1847; x_wconf 78' lang='lat' dir='ltr'>fuisse3</span> <span class='ocrx_word' id='word_1_343' title='bbox 1277 1810 1388 1850; x_wconf 84' lang='lat' dir='ltr'>itaque</span> <span class='ocrx_word' id='word_1_344' title='bbox 1414 1809 1455 1840; x_wconf 82' lang='lat' dir='ltr'>ab</span> <span class='ocrx_word' id='word_1_345' title='bbox 1477 1819 1518 1840; x_wconf 86' lang='lat' dir='ltr'>eo</span> <span class='ocrx_word' id='word_1_346' title='bbox 1545 1812 1704 1839; x_wconf 75' lang='lat' dir='ltr'>armatum</span> <span class='ocrx_word' id='word_1_347' title='bbox 1730 1816 1803 1837; x_wconf 78' lang='lat' dir='ltr'>esse</span> 
     </span>
     <span class='ocr_line' id='line_1_62' title="bbox 1125 1855 1804 1889; baseline -0.004 -1"><span class='ocrx_word' id='word_1_348' title='bbox 1125 1858 1354 1889; x_wconf 65' lang='lat' dir='ltr'>Carneadem:</span> <span class='ocrx_word' id='word_1_349' title='bbox 1377 1859 1427 1888; x_wconf 86' lang='lat' dir='ltr'>De</span> <span class='ocrx_word' id='word_1_350' title='bbox 1439 1858 1520 1888; x_wconf 77' lang='lat' dir='ltr'>Nat.</span> <span class='ocrx_word' id='word_1_351' title='bbox 1537 1857 1643 1887; x_wconf 85' lang='lat' dir='ltr'>Deor.</span> <span class='ocrx_word' id='word_1_352' title='bbox 1658 1865 1684 1886; x_wconf 84' lang='grc' dir='ltr'>ῐ.</span> <span class='ocrx_word' id='word_1_353' title='bbox 1698 1855 1804 1886; x_wconf 88' lang='lat' dir='ltr'>‘Stoi-</span> 
     </span>
     <span class='ocr_line' id='line_1_63' title="bbox 1123 1903 1804 1936; baseline -0.003 -1"><span class='ocrx_word' id='word_1_354' title='bbox 1123 1914 1235 1936; x_wconf 88' lang='lat' dir='ltr'>corum</span> <span class='ocrx_word' id='word_1_355' title='bbox 1264 1906 1462 1936; x_wconf 83' lang='lat' dir='ltr'>somniorum</span> <span class='ocrx_word' id='word_1_356' title='bbox 1487 1903 1678 1935; x_wconf 78' lang='lat' dir='ltr'>vaferrimus</span> <span class='ocrx_word' id='word_1_357' title='bbox 1701 1903 1804 1934; x_wconf 86' lang='lat' dir='ltr'>inter·</span> 
     </span>
     <span class='ocr_line' id='line_1_64' title="bbox 1124 1953 1804 1994; baseline -0.003 -10"><span class='ocrx_word' id='word_1_358' title='bbox 1124 1954 1223 1993; x_wconf 89' lang='lat' dir='ltr'>pres.’</span> <span class='ocrx_word' id='word_1_359' title='bbox 1268 1955 1311 1984; x_wconf 92' lang='lat' dir='ltr'>Et</span> <span class='ocrx_word' id='word_1_360' title='bbox 1335 1958 1471 1994; x_wconf 78' lang='lat' dir='ltr'>postea:</span> <span class='ocrx_word' id='word_1_361' title='bbox 1504 1958 1512 1971; x_wconf 88' lang='lat'>‘</span> <span class='ocrx_word' id='word_1_362' title='bbox 1526 1954 1617 1985; x_wconf 87' lang='lat' dir='ltr'>Zeno</span> <span class='ocrx_word' id='word_1_363' title='bbox 1647 1953 1804 1991; x_wconf 84' lang='lat' dir='ltr'>Chrysip-</span> 
     </span>
     <span class='ocr_line' id='line_1_65' title="bbox 1125 2000 1805 2044; baseline -0.004 -11"><span class='ocrx_word' id='word_1_364' title='bbox 1125 2013 1201 2042; x_wconf 87' lang='lat' dir='ltr'>pum</span> <span class='ocrx_word' id='word_1_365' title='bbox 1215 2012 1379 2044; x_wconf 76' lang='lat' dir='ltr'>nunquam</span> <span class='ocrx_word' id='word_1_366' title='bbox 1393 2003 1453 2034; x_wconf 84' lang='lat' dir='ltr'>nisi</span> <span class='ocrx_word' id='word_1_367' title='bbox 1466 2003 1669 2042; x_wconf 82' lang='lat' dir='ltr'>Chesippum</span> <span class='ocrx_word' id='word_1_368' title='bbox 1686 2000 1805 2032; x_wconf 56' lang='lat' dir='ltr'>vocnt)</span> 
     </span>
     <span class='ocr_line' id='line_1_66' title="bbox 1124 2050 1800 2091; baseline -0.004 -8"><span class='ocrx_word' id='word_1_369' title='bbox 1124 2051 1265 2083; x_wconf 78' lang='lat' dir='ltr'>Quintil.</span> <span class='ocrx_word' id='word_1_370' title='bbox 1281 2060 1305 2082; x_wconf 84' lang='grc' dir='ltr'>ι.</span> <span class='ocrx_word' id='word_1_371' title='bbox 1322 2055 1351 2082; x_wconf 90' lang='lat'>1.</span> <span class='ocrx_word' id='word_1_372' title='bbox 1368 2056 1402 2082; x_wconf 89' lang='lat' dir='ltr'>et</span> <span class='ocrx_word' id='word_1_373' title='bbox 1418 2052 1496 2082; x_wconf 81' lang='lat' dir='ltr'>alibi</span> <span class='ocrx_word' id='word_1_374' title='bbox 1513 2052 1583 2091; x_wconf 84' lang='lat' dir='ltr'>ejus</span> <span class='ocrx_word' id='word_1_375' title='bbox 1597 2050 1756 2081; x_wconf 82' lang='lat' dir='ltr'>meminit.</span> <span class='ocrx_word' id='word_1_376' title='bbox 1798 2070 1800 2072; x_wconf 36' lang='lat' dir='ltr'>v</span> 
     </span>
    </p>

    <p class='ocr_par' dir='ltr' id='par_1_30' title="bbox 1125 2098 1806 2180">
     <span class='ocr_line' id='line_1_67' title="bbox 1167 2098 1806 2140; baseline -0.003 -10"><span class='ocrx_word' id='word_1_377' title='bbox 1167 2099 1294 2139; x_wconf 78' lang='lat' dir='ltr'>Sapiens</span> <span class='ocrx_word' id='word_1_378' title='bbox 1307 2101 1444 2140; x_wconf 79' lang='lat' dir='ltr'>crepidas</span> <span class='ocrx_word' id='word_1_379' title='bbox 1457 2100 1528 2136; x_wconf 83' lang='lat' dir='ltr'>sibi,</span> <span class='ocrx_word' id='word_1_380' title='bbox 1542 2099 1611 2140; x_wconf 56' lang='grc' dir='ltr'>ξω]</span> <span class='ocrx_word' id='word_1_381' title='bbox 1649 2098 1806 2139; x_wconf 74' lang='lat' dir='ltr'>Explicat</span> 
     </span>
     <span class='ocr_line' id='line_1_68' title="bbox 1125 2149 1798 2180; baseline 0.003 -2"><span class='ocrx_word' id='word_1_382' title='bbox 1125 2154 1270 2179; x_wconf 89' lang='lat' dir='ltr'>mentem</span> <span class='ocrx_word' id='word_1_383' title='bbox 1286 2149 1484 2180; x_wconf 87' lang='lat' dir='ltr'>Stoicorum.</span> <span class='ocrx_word' id='word_1_384' title='bbox 1795 2167 1798 2169; x_wconf 98' lang='lat'>-</span> 
     </span>
    </p>

    <p class='ocr_par' dir='ltr' id='par_1_31' title="bbox 1126 2195 1806 2764">
     <span class='ocr_line' id='line_1_69' title="bbox 1169 2195 1805 2236; baseline -0.002 -10"><span class='ocrx_word' id='word_1_385' title='bbox 1169 2196 1326 2235; x_wconf 79' lang='lat' dir='ltr'>Crepidas,</span> <span class='ocrx_word' id='word_1_386' title='bbox 1340 2195 1452 2234; x_wconf 80' lang='lat' dir='ltr'>soleas]</span> <span class='ocrx_word' id='word_1_387' title='bbox 1480 2196 1605 2236; x_wconf 74' lang='grc' dir='ltr'><strong><em>Κρηπὶς,</em></strong></span> <span class='ocrx_word' id='word_1_388' title='bbox 1619 2196 1805 2234; x_wconf 69' lang='lat' dir='ltr'>fiendamen-</span> 
     </span>
     <span class='ocr_line' id='line_1_70' title="bbox 1126 2244 1805 2282; baseline -0.006 -6"><span class='ocrx_word' id='word_1_389' title='bbox 1126 2248 1202 2282; x_wconf 83' lang='lat' dir='ltr'>tum,</span> <span class='ocrx_word' id='word_1_390' title='bbox 1216 2244 1308 2275; x_wconf 78' lang='lat' dir='ltr'>basis.</span> <span class='ocrx_word' id='word_1_391' title='bbox 1353 2245 1441 2276; x_wconf 83' lang='lat' dir='ltr'>Gen.</span> <span class='ocrx_word' id='word_1_392' title='bbox 1464 2254 1545 2276; x_wconf 82' lang='lat' dir='ltr'>xm.</span> <span class='ocrx_word' id='word_1_393' title='bbox 1561 2248 1613 2277; x_wconf 81' lang='lat'>20.</span> <span class='ocrx_word' id='word_1_394' title='bbox 1637 2244 1696 2281; x_wconf 77' lang='lat' dir='ltr'>ait,</span> <span class='ocrx_word' id='word_1_395' title='bbox 1709 2244 1805 2273; x_wconf 79' lang='lat' dir='ltr'>soleas</span> 
     </span>
     <span class='ocr_line' id='line_1_71' title="bbox 1127 2290 1804 2332; baseline -0.004 -8"><span class='ocrx_word' id='word_1_396' title='bbox 1127 2304 1146 2325; x_wconf 87' lang='lat' dir='ltr'><strong>a</strong></span> <span class='ocrx_word' id='word_1_397' title='bbox 1162 2294 1330 2332; x_wconf 86' lang='lat' dir='ltr'>Romanis,</span> <span class='ocrx_word' id='word_1_398' title='bbox 1346 2303 1365 2324; x_wconf 82' lang='lat' dir='ltr'><strong>a</strong></span> <span class='ocrx_word' id='word_1_399' title='bbox 1379 2294 1509 2325; x_wconf 68' lang='lat' dir='ltr'>Graecis</span> <span class='ocrx_word' id='word_1_400' title='bbox 1523 2297 1633 2324; x_wconf 80' lang='lat' dir='ltr'>autem</span> <span class='ocrx_word' id='word_1_401' title='bbox 1648 2290 1804 2331; x_wconf 73' lang='grc' dir='ltr'><strong><em>κρηπίδας,</em></strong></span> 
     </span>
     <span class='ocr_line' id='line_1_72' title="bbox 1126 2341 1805 2383; baseline -0.006 -9"><span class='ocrx_word' id='word_1_402' title='bbox 1126 2343 1273 2383; x_wconf 74' lang='lat' dir='ltr'>crepidas,</span> <span class='ocrx_word' id='word_1_403' title='bbox 1286 2351 1343 2373; x_wconf 87' lang='lat' dir='ltr'>seu</span> <span class='ocrx_word' id='word_1_404' title='bbox 1362 2343 1541 2381; x_wconf 72' lang='lat' dir='ltr'>crepidatus,</span> <span class='ocrx_word' id='word_1_405' title='bbox 1556 2341 1665 2371; x_wconf 82' lang='lat' dir='ltr'>vocari</span> <span class='ocrx_word' id='word_1_406' title='bbox 1682 2349 1722 2370; x_wconf 87' lang='lat' dir='ltr'>ea</span> <span class='ocrx_word' id='word_1_407' title='bbox 1738 2341 1805 2370; x_wconf 80' lang='lat' dir='ltr'>ea!-</span> 
     </span>
     <span class='ocr_line' id='line_1_73' title="bbox 1127 2388 1804 2430; baseline -0.007 -7"><span class='ocrx_word' id='word_1_408' title='bbox 1127 2394 1311 2430; x_wconf 76' lang='lat' dir='ltr'>ceaments,</span> <span class='ocrx_word' id='word_1_409' title='bbox 1335 2389 1454 2430; x_wconf 87' lang='lat' dir='ltr'>quibus</span> <span class='ocrx_word' id='word_1_410' title='bbox 1486 2389 1672 2428; x_wconf 75' lang='lat' dir='ltr'>plantarum</span> <span class='ocrx_word' id='word_1_411' title='bbox 1693 2388 1804 2418; x_wconf 78' lang='lat' dir='ltr'>calces</span> 
     </span>
     <span class='ocr_line' id='line_1_74' title="bbox 1127 2439 1805 2478; baseline -0.007 -6"><span class='ocrx_word' id='word_1_412' title='bbox 1127 2445 1257 2472; x_wconf 80' lang='lat' dir='ltr'>tantum</span> <span class='ocrx_word' id='word_1_413' title='bbox 1274 2439 1392 2471; x_wconf 63' lang='lat' dir='ltr'>infima</span> <span class='ocrx_word' id='word_1_414' title='bbox 1415 2443 1585 2478; x_wconf 84' lang='lat' dir='ltr'>teguntur,</span> <span class='ocrx_word' id='word_1_415' title='bbox 1603 2442 1716 2469; x_wconf 77' lang='lat' dir='ltr'>cetera</span> <span class='ocrx_word' id='word_1_416' title='bbox 1729 2447 1805 2477; x_wconf 86' lang='lat' dir='ltr'>pro-</span> 
     </span>
     <span class='ocr_line' id='line_1_75' title="bbox 1128 2486 1806 2530; baseline -0.007 -10"><span class='ocrx_word' id='word_1_417' title='bbox 1128 2499 1170 2530; x_wconf 89' lang='lat' dir='ltr'>pe</span> <span class='ocrx_word' id='word_1_418' title='bbox 1185 2488 1283 2525; x_wconf 81' lang='lat' dir='ltr'>nuda‚</span> <span class='ocrx_word' id='word_1_419' title='bbox 1297 2492 1332 2519; x_wconf 88' lang='lat' dir='ltr'>et</span> <span class='ocrx_word' id='word_1_420' title='bbox 1352 2487 1514 2518; x_wconf 85' lang='lat' dir='ltr'>teretibus</span> <span class='ocrx_word' id='word_1_421' title='bbox 1536 2486 1671 2516; x_wconf 82' lang='lat' dir='ltr'>habenis</span> <span class='ocrx_word' id='word_1_422' title='bbox 1685 2486 1806 2525; x_wconf 75' lang='lat' dir='ltr'>juncta.</span> 
     </span>
     <span class='ocr_line' id='line_1_76' title="bbox 1129 2533 1805 2579; baseline -0.007 -11"><span class='ocrx_word' id='word_1_423' title='bbox 1129 2541 1216 2568; x_wconf 87' lang='lat' dir='ltr'>sunt.</span> <span class='ocrx_word' id='word_1_424' title='bbox 1261 2536 1367 2567; x_wconf 92' lang='lat' dir='ltr'>Porro</span> <span class='ocrx_word' id='word_1_425' title='bbox 1390 2535 1526 2579; x_wconf 65' lang='lat' dir='ltr'>primnm</span> <span class='ocrx_word' id='word_1_426' title='bbox 1556 2533 1679 2573; x_wconf 88' lang='lat' dir='ltr'>corripi</span> <span class='ocrx_word' id='word_1_427' title='bbox 1706 2534 1805 2574; x_wconf 73' lang='lat' dir='ltr'>sylin-</span> 
     </span>
     <span class='ocr_line' id='line_1_77' title="bbox 1128 2586 1806 2625; baseline -0.006 -8"><span class='ocrx_word' id='word_1_428' title='bbox 1128 2586 1215 2625; x_wconf 86' lang='lat' dir='ltr'>bam,</span> <span class='ocrx_word' id='word_1_429' title='bbox 1240 2589 1332 2616; x_wconf 89' lang='lat' dir='ltr'>certe</span> <span class='ocrx_word' id='word_1_430' title='bbox 1354 2588 1471 2615; x_wconf 79' lang='lat' dir='ltr'>contra</span> <span class='ocrx_word' id='word_1_431' title='bbox 1489 2587 1636 2623; x_wconf 87' lang='lat' dir='ltr'>etymon,</span> <span class='ocrx_word' id='word_1_432' title='bbox 1649 2587 1688 2614; x_wconf 88' lang='lat' dir='ltr'>ut</span> <span class='ocrx_word' id='word_1_433' title='bbox 1701 2586 1806 2623; x_wconf 72' lang='lat' dir='ltr'>patet.</span> 
     </span>
     <span class='ocr_line' id='line_1_78' title="bbox 1128 2631 1805 2669; baseline -0.004 -4"><span class='ocrx_word' id='word_1_434' title='bbox 1128 2634 1221 2665; x_wconf 86' lang='lat' dir='ltr'>Idem</span> <span class='ocrx_word' id='word_1_435' title='bbox 1248 2636 1389 2663; x_wconf 76' lang='lat' dir='ltr'>testatur</span> <span class='ocrx_word' id='word_1_436' title='bbox 1412 2631 1493 2662; x_wconf 83' lang='lat' dir='ltr'>iilud</span> <span class='ocrx_word' id='word_1_437' title='bbox 1517 2631 1805 2669; x_wconf 63' lang='lat' dir='ltr'>catceamemigea</span> 
     </span>
     <span class='ocr_line' id='line_1_79' title="bbox 1127 2679 1805 2722; baseline -0.003 -9"><span class='ocrx_word' id='word_1_438' title='bbox 1127 2692 1188 2714; x_wconf 87' lang='lat' dir='ltr'>nus</span> <span class='ocrx_word' id='word_1_439' title='bbox 1215 2682 1384 2722; x_wconf 90' lang='lat' dir='ltr'>proprium</span> <span class='ocrx_word' id='word_1_440' title='bbox 1411 2679 1612 2720; x_wconf 82' lang='lat' dir='ltr'>philosophis</span> <span class='ocrx_word' id='word_1_441' title='bbox 1641 2679 1805 2712; x_wconf 83' lang='lat' dir='ltr'>extitisse.</span> 
     </span>
     <span class='ocr_line' id='line_1_80' title="bbox 1126 2729 1805 2764; baseline -0.007 0"><span class='ocrx_word' id='word_1_442' title='bbox 1126 2731 1288 2764; x_wconf 76' lang='lat' dir='ltr'>Declarat</span> <span class='ocrx_word' id='word_1_443' title='bbox 1304 2734 1339 2761; x_wconf 87' lang='lat' dir='ltr'>et</span> <span class='ocrx_word' id='word_1_444' title='bbox 1351 2730 1486 2762; x_wconf 68' lang='lat' dir='ltr'>Persius</span> <span class='ocrx_word' id='word_1_445' title='bbox 1499 2729 1570 2761; x_wconf 78' lang='lat' dir='ltr'>Sat.</span> <span class='ocrx_word' id='word_1_446' title='bbox 1582 2737 1606 2760; x_wconf 83' lang='lat'>1.</span> <span class='ocrx_word' id='word_1_447' title='bbox 1623 2731 1695 2761; x_wconf 77' lang='lat'>12⁷.</span> <span class='ocrx_word' id='word_1_448' title='bbox 1708 2730 1718 2747; x_wconf 88' lang='lat'>‘</span> <span class='ocrx_word' id='word_1_449' title='bbox 1729 2729 1805 2760; x_wconf 84' lang='lat' dir='ltr'>Non</span> 
     </span>
    </p>
   </div>
  </div>
 </body>
</html>
