1904 3256
677 301 951 334 seauonum
985 300 1082 331 ms.
1114 301 1146 332 1.
1181 289 1222 332 1.

1581 289 1666 330 777

219 397 283 440 Ut
302 397 520 438 metiretur
540 409 768 449 nummos;
798 397 861 438 ita
880 397 1100 447 sordidus,
1117 401 1169 437 ut
1189 408 1238 437 se

217 464 325 506 Non
343 477 532 518 uuquam
556 476 684 504 servo
706 464 860 505 melius
881 465 1084 516 vestiret3
1116 464 1174 505 ad
1195 475 1337 516 usque

218 531 478 586 Supremam
498 534 687 584 tempus,
709 544 763 572 ne
785 545 834 572 se
854 532 1036 585 penuria
1052 532 1195 572 victus

218 597 511 652 Oppi-imeret,
531 599 766 639 metuebat.

825 597 888 639 At
902 598 1020 639 hunc
1040 598 1199 639 liberta
1214 596 1356 639 securi

217 665 387 707 Divisit
405 664 613 714 medium,
634 664 875 706 fortissima
894 665 1260 720 Tyndaridarum.

1581 662 1665 703 100

217 732 254 782 qs
276 731 394 782 Quid
414 731 474 772 mi
493 731 622 784 igitur
643 732 834 781 suades?
864 737 912 773 ut
928 732 1073 773 vivam
1093 731 1309 773 Naevius‘?
1339 735 1417 772 aut
1438 730 1504 772 sic

217 798 283 840 Ut
304 799 606 840 Nomentanus
619 799 638 838 ’ἒ

699 798 735 847 ql
758 798 914 851 Pergis
930 799 1175 852 pugnantia
1191 811 1339 840 secum

217 866 458 907 Frontibus
479 865 677 906 adversis
698 866 995 919 componere?
1027 878 1115 906 non
1136 878 1231 918 ego,
1251 877 1429 905 avarum

215 932 326 975 Cum
343 938 443 974 veto
462 937 506 974 te
527 932 638 983 fieri,
659 945 855 986 vappam
867 932 1008 986 jubeo
1029 945 1083 974 ac
1103 931 1380 973 nebulonem.

214 1066 388 1108 narratum)
414 1070 480 1098 tam
503 1067 677 1108 opulentus,
703 1071 739 1098 ut
761 1066 923 1107 pecuniam
947 1067 1135 1104 maireium
1157 1070 1222 1098 tam
1249 1076 1373 1107 parcus,
1394 1069 1430 1098 ut
1452 1076 1606 1107 nunquam
1631 1076 1666 1098 se

215 1110 344 1140 vestiret
360 1110 469 1141 melius
483 1119 581 1140 servo.
620 1110 654 1140 Is
666 1111 706 1140 ad
720 1110 863 1141 ultimum
877 1110 951 1140 vitoe
962 1109 1064 1151 finem
1077 1109 1299 1148 reformidabat
1312 1119 1350 1141 ne
1370 1110 1486 1149 periret
1500 1109 1604 1150 inopia
1620 1110 1665 1139 ci-

216 1150 334 1182 borum.
377 1152 424 1183 At
438 1152 526 1183 illum
539 1152 640 1183 securi
654 1152 782 1183 discidit
797 1152 931 1184 medium
945 1152 1057 1184 liberta
1075 1152 1326 1193 Tyndaridarum
1340 1151 1528 1190 fortissima.
1577 1152 1663 1188 Quid

217 1203 292 1231 ergo
308 1193 386 1224 mihi
406 1195 538 1225 suades?
559 1194 683 1234 inquis:
704 1194 845 1225 vitamne
865 1194 945 1225 sicut
966 1194 1102 1231 Meuius,
1117 1198 1172 1226 aut
1190 1195 1425 1226 Nomentanus?
1468 1194 1665 1235 Respondeo:

219 1235 373 1266 Continuo
388 1245 438 1266 res
451 1236 607 1276 oppositas
621 1236 783 1275 conjungis
797 1236 936 1267 adversis
948 1237 1123 1275 frontibus.
1169 1237 1300 1272 Quando
1315 1240 1346 1268 te
1368 1245 1496 1268 avarum
1509 1246 1573 1268 esse
1593 1246 1663 1276 pro-

218 1276 320 1317 hibeo,
335 1287 396 1308 non
414 1281 444 1309 te
459 1279 524 1309 colo
544 1288 609 1310 esse
627 1288 756 1319 nequam
777 1282 809 1310 et
829 1279 996 1320 perditum.
1043 1280 1105 1310 Est
1118 1278 1244 1320 aliquod
1257 1279 1421 1311 discrimen
1435 1279 1517 1311 inter
1535 1279 1669 1311 Tanaim

825 1373 1065 1386 “meme“

217 1440 252 1467 ta
265 1446 309 1467 ex
324 1437 444 1468 Varro.
468 1436 510 1467 R.
529 1437 567 1467 R.
583 1445 639 1467 ιιι.
654 1439 684 1468 3.
700 1439 732 1468 9.
755 1439 791 1467 et
814 1435 958 1466 nummis
985 1435 1075 1475 apud
1096 1435 1225 1475 Spanh.
1249 1438 1330 1467 tom.
1348 1444 1388 1466 11.
1416 1445 1448 1476 p.
1470 1438 1502 1466 7.
1546 1437 1667 1468 Lectio

215 1478 417 1510 Bentleiana
437 1479 624 1518 Ummidius,
647 1478 701 1518 qui
725 1480 790 1508 tam
810 1477 940 1518 placuit
964 1477 1029 1517 ipsi
1051 1478 1263 1517 Cnningamo
1278 1482 1313 1508 et
1329 1477 1518 1508 Sanadono.
1562 1479 1666 1514 Certe

212 1520 390 1560 ‚ingeniosa
416 1525 468 1551 est
490 1524 524 1551 et
548 1519 734 1558 commoda,
752 1525 787 1551 et
803 1519 970 1554 modesta,
993 1520 1075 1551 licet
1099 1529 1164 1550 non
1187 1519 1404 1551 necessaria!
1429 1520 1525 1551 Gesn.
1571 1521 1666 1552 Unus

217 1561 309 1594 Han.
325 1571 386 1594 non
400 1563 489 1602 longe
502 1565 666 1594 esu—100
690 1562 815 1594 Divisit
828 1562 974 1598 medium,
986 1565 1019 1593 ut
1035 1571 1106 1593 var.
1122 1562 1204 1593 lect.
1222 1572 1276 1603 ap.
1291 1562 1398 1593 Kidd.
1420 1563 1666 1604 'Tyndariarum

214 1605 304 1646 conj.
322 1605 572 1646 Cuniug.—101
598 1609 606 1622 ‘
625 1605 709 1636 Cum
727 1605 860 1636 Noeoius
884 1604 928 1635 sit
951 1604 1100 1635 omnium
1116 1604 1295 1640 Codicum,
1310 1603 1440 1636 frustra
1454 1610 1533 1636 sunt
1548 1606 1606 1647 qui
1622 1616 1665 1637 ex

214 1648 417 1689 conjectura
431 1649 602 1688 reponunt
616 1647 832 1688 Moeniue,qui
846 1655 912 1678 nou
928 1652 1003 1679 erat
1014 1647 1113 1688 hujus
1129 1648 1257 1679 saeculi.
1285 1647 1366 1678 Vet.
1376 1647 1490 1678 schol.
1502 1654 1666 1689 corrupte

214 1689 374 1721 Meet-ius.-
396 1695 494 1722 erant
510 1690 542 1721 hi
559 1689 625 1721 duo
642 1689 765 1721 diversi
783 1690 817 1720 in
834 1689 980 1720 luxuria.
1017 1689 1196 1720 Bentleius
1211 1694 1277 1720 stat
1294 1698 1356 1729 pro
1372 1689 1523 1726 Moenius,
1539 1690 1605 1720 levi
1622 1690 1666 1721 de

215 1739 332 1768 causa,
359 1733 411 1764 vel
440 1733 531 1764 nulla
557 1731 716 1764 omnino.'
740 1732 839 1764 Baxt.
886 1736 896 1750 ‘
919 1731 1056 1762 Moevius
1081 1731 1243 1763 Glarean.
1273 1731 1331 1761 sed
1361 1731 1500 1762 Maem'us
1527 1732 1668 1764 Venett.

213 1774 332 1806 Lamb.
348 1780 383 1807 et
399 1776 515 1807 Bentl.
536 1774 627 1815 qnod
651 1775 896 1815 comprobatur
924 1774 1000 1804 loco
1026 1782 1050 1805 ι.
1074 1773 1185 1814 Epist.
1210 1776 1261 1805 15.
1282 1771 1349 1804 26!
1372 1773 1471 1805 Zeun.
1516 1773 1667 1805 Bentleii

213 1817 298 1860 ch.
317 1818 396 1850 Soc.
411 1818 507 1850 Leid.
526 1823 561 1849 et
574 1817 698 1849 Trinit.
713 1827 749 1848 ac
763 1817 928 1849 sim—104
950 1815 1051 1848 Harl.
1065 1818 1098 1848 4.
1113 1819 1145 1847 6.
1162 1819 1193 1848 7.
1214 1819 1268 1847 aut
1283 1815 1578 1848 nebulonem—105
1605 1817 1666 1848 Ta·

865 1923 898 1955 N
903 1922 1008 1955 OTAE

256 1992 299 2022 96
320 1990 488 2023 metiretur
510 1989 663 2030 nummos]
685 1988 826 2021 Scilicet
851 1997 910 2019 nu-

216 2049 347 2071 merare
362 2040 453 2072 foret
478 2041 612 2082 lougius
635 2049 743 2081 prope
759 2040 911 2071 innume-

965 1997 1039 2019 rum
1055 1987 1231 2019 decoctor.
1278 1988 1373 2020 Male
1389 1987 1528 2030 quidam
1546 1988 1666 2029 legunt

964 2038 1110 2070 Naevius.
1131 2039 1202 2071 Hic
1216 2038 1306 2070 enim
1320 2049 1441 2070 avarus
1452 2038 1581 2078 fnit‚de
1598 2049 1665 2081 quo

216 2089 352 2121 rabiles.
397 2090 539 2122 Petron.
573 2093 582 2108 ‘
600 2090 787 2121 Fortunata
808 2088 913 2130 (uxor

216 2139 464 2180 Trimalcionis)
503 2150 577 2180 quae
606 2148 758 2170 nummos
797 2138 910 2170 modio

201 2189 380 2225 ,metiturl
424 2189 556 2222 Suidas.
579 2188 712 2229 μεδίμνῳ
723 2189 752 2220 τ’
766 2187 911 2230 ἀργύριον

215 2239 414 2281 ἀπομετρεῑν.

260 2293 322 2322 100
345 2291 533 2323 Fortissima
547 2289 812 2332 Tyndaridarum]
828 2290 910 2321 Vel-

217 2346 255 2374 ut
266 2342 376 2374 altera
390 2342 655 2383 Clytaemnestra
665 2340 813 2381 Tyndari
829 2340 912 2380 filia,

214 2403 288 2434 quae
305 2394 590 2433 Agamemnonem
604 2391 780 2424 interfecit
796 2391 840 2422 ab
858 2390 911 2422 AE-

215 2448 316 2485 gysto
335 2442 465 2475 moeclio
489 2441 619 2484 adjuta.
662 2441 822 2474 Juvenal.
842 2441 912 2472 Sat.

216 2495 352 2525 1112656.
376 2492 558 2533 ‘Tyndaris
578 2492 637 2523 illa
659 2492 839 2532 bipennem
856 2491 911 2522 In-

218 2543 341 2574 sulsam
356 2547 393 2574 et
409 2541 537 2574 fatuam
551 2542 675 2574 dextra
692 2542 844 2582 laevaque
862 2547 911 2573 te-

218 2591 343 2623 nebat!
387 2593 490 2624 Forte
505 2592 609 2624 etiam
624 2592 759 2623 libertae
784 2591 833 2622 illi
853 2600 912 2622 uo-

218 2650 296 2672 men
316 2647 390 2674 erat
412 2643 600 2684 Tyndaris:
621 2642 775 2683 luditque
802 2640 914 2672 Poeta

220 2695 257 2722 et
273 2691 391 2723 alludit
408 2692 451 2724 ad
465 2692 676 2734 Tyndaridas
700 2692 846 2723 virorum
865 2690 913 2721 iu-

223 2739 448 2773 terfectrices.
813 2773 817 2777 .

266 2792 324 2821 101
346 2790 387 2821 Ut
398 2791 500 2822 vivam
510 2790 663 2824 Noeoius?
676 2791 848 2833 [Meuius]
859 2794 915 2822 aut

220 2841 267 2873 sic
281 2841 322 2872 Ut
337 2841 563 2882 Nomentanus]
575 2843 728 2885 Uterque
740 2843 798 2874 ille
811 2843 914 2874 leono-

963 2098 1004 2121 11.
1017 2090 1092 2121 Sat.
1106 2093 1138 2121 2.
1155 2089 1204 2120 At
1220 2090 1262 2120 de
1272 2090 1414 2130 Maenio,
1428 2095 1580 2130 paternae
1597 2100 1667 2121 ma-

965 2143 1139 2181 ternaeqne
1174 2139 1386 2171 liaereditatis
1423 2139 1665 2180 dilapidatore,

965 2189 1087 2221 iterum
1104 2195 1226 2231 postea
1242 2200 1267 2222 1.
1286 2191 1398 2232 Epist.
1416 2194 1467 2223 15.
1493 2192 1667 2223 Nomenta-

963 2250 1022 2272 nus
1035 2251 1054 2272 a
1069 2242 1240 2273 Nomento
1255 2241 1382 2283 oppido
1398 2242 1667 2282 cognominatus,

966 2291 1174 2331 praenomine
1198 2291 1335 2330 Lucius,
1360 2291 1496 2323 nomine
1519 2291 1668 2330 Cassius,

966 2339 1114 2373 famosus
1129 2341 1264 2373 luxuria
1279 2341 1409 2373 extitit.

1010 2394 1071 2423 102
1094 2392 1211 2431 Pergis
1232 2392 1420 2432 pugnantia,
1442 2391 1512 2431 εμπ]
1537 2391 1577 2422 In
1607 2400 1666 2422 ex-

967 2445 1078 2473 trema
1101 2442 1184 2482 ruis,
1211 2451 1287 2473 cum
1315 2441 1509 2481 eligendum
1532 2441 1578 2471 sit
1596 2450 1666 2471 am-

965 2491 1254 2533 plectendumque
1272 2491 1431 2528 medium,
1453 2490 1485 2520 in
1512 2499 1578 2530 quo
1600 2490 1667 2520 vir-

966 2546 1021 2573 tus
1046 2551 1190 2583 quaeque
1214 2541 1381 2572 consistit.
1428 2539 1504 2571 Nec
1527 2548 1667 2571 avarum

966 2595 1002 2622 te
1018 2592 1107 2630 volo,
1122 2600 1186 2621 nec
1202 2590 1396 2630 prodigum.

1011 2643 1073 2671 104
1102 2638 1256 2680 vappam]
1281 2639 1450 2680 Nequam,
1466 2643 1502 2670 et
1525 2638 1667 2671 similem

968 2695 1131 2730 corrupto
1155 2690 1246 2728 vino,
1273 2689 1362 2730 qnod
1383 2690 1454 2730 jam
1479 2689 1667 2722 bonitatem

969 2740 1132 2781 perdidit.
1174 2739 1265 2770 Pliu.
1281 2747 1359 2770 xiv.
1372 2742 1424 2771 20.
1445 2739 1666 2781 ‘vinumque

969 2795 1093 2829 miisto,
1119 2788 1323 2830 quibusdam
1347 2790 1381 2820 iu
1413 2790 1509 2827 locis,
1541 2790 1665 2822 iterum

970 2845 1094 2882 sponte
1121 2839 1277 2871 fervere:
1304 2849 1370 2881 qua
1393 2840 1587 2872 calamitate
1609 2841 1668 2872 de-
