<?xml version="1.0" encoding="UTF-8"?>
<!DOCTYPE html PUBLIC "-//W3C//DTD XHTML 1.0 Transitional//EN"
    "http://www.w3.org/TR/xhtml1/DTD/xhtml1-transitional.dtd">
<html xmlns="http://www.w3.org/1999/xhtml" xml:lang="en" lang="en">
 <head>
  <title>
</title>
<meta http-equiv="Content-Type" content="text/html;charset=utf-8" />
  <meta name='ocr-system' content='tesseract 3.04.00' />
  <meta name='ocr-capabilities' content='ocr_page ocr_carea ocr_par ocr_line ocrx_word'/>
</head>
<body>
  <div class='ocr_page' id='page_1' title='image "./operazeune02horauoft_0164.png"; bbox 0 0 1904 3256; ppageno 0'>
   <div class='ocr_carea' id='block_1_1' title="bbox 397 269 1343 319">
    <p class='ocr_par' dir='ltr' id='par_1_1' title="bbox 397 269 1343 319">
     <span class='ocr_line' id='line_1_1' title="bbox 397 269 1343 319; baseline -0.002 -10"><span class='ocrx_word' id='word_1_1' title='bbox 397 269 479 309; x_wconf 85' lang='grc'><strong>704</strong></span> <span class='ocrx_word' id='word_1_2' title='bbox 863 283 905 319; x_wconf 86' lang='lat' dir='ltr'><strong>Q.</strong></span> <span class='ocrx_word' id='word_1_3' title='bbox 937 279 1141 310; x_wconf 71' lang='lat' dir='ltr'><strong>nonss’n</strong></span> <span class='ocrx_word' id='word_1_4' title='bbox 1177 278 1343 308; x_wconf 70' lang='lat' dir='ltr'><strong>rnAcci</strong></span> 
     </span>
    </p>
   </div>
   <div class='ocr_carea' id='block_1_2' title="bbox 805 411 1402 553">
    <p class='ocr_par' dir='ltr' id='par_1_2' title="bbox 805 411 1402 553">
     <span class='ocr_line' id='line_1_2' title="bbox 967 411 1294 466; baseline 0.003 -1"><span class='ocrx_word' id='word_1_5' title='bbox 967 423 1095 466; x_wconf 78' lang='lat' dir='ltr'><strong>om:</strong></span> <span class='ocrx_word' id='word_1_6' title='bbox 1126 424 1244 466; x_wconf 87' lang='lat' dir='ltr'><strong>XII.</strong></span> <span class='ocrx_word' id='word_1_7' title='bbox 1292 411 1294 414; x_wconf 81' lang='grc'><strong>’</strong></span> 
     </span>
     <span class='ocr_line' id='line_1_3' title="bbox 805 520 1402 553; baseline 0 -2"><span class='ocrx_word' id='word_1_8' title='bbox 805 522 855 552; x_wconf 83' lang='grc' dir='ltr'><strong>ΙΝ</strong></span> <span class='ocrx_word' id='word_1_9' title='bbox 887 520 1031 551; x_wconf 84' lang='lat' dir='ltr'>ANUM</span> <span class='ocrx_word' id='word_1_10' title='bbox 1066 521 1402 553; x_wconf 78' lang='lat' dir='ltr'><strong>LIBIDINOSAM.</strong></span> 
     </span>
    </p>
   </div>
   <div class='ocr_carea' id='block_1_3' title="bbox 398 596 1813 689">
    <p class='ocr_par' dir='ltr' id='par_1_3' title="bbox 398 596 1813 689">
     <span class='ocr_line' id='line_1_4' title="bbox 398 596 1813 637; baseline -0.003 -5"><span class='ocrx_word' id='word_1_11' title='bbox 398 600 572 632; x_wconf 81' lang='lat' dir='ltr'>Invehitur</span> <span class='ocrx_word' id='word_1_12' title='bbox 586 599 619 630; x_wconf 90' lang='lat' dir='ltr'><strong>in</strong></span> <span class='ocrx_word' id='word_1_13' title='bbox 635 597 776 629; x_wconf 87' lang='lat' dir='ltr'><strong>eandem</strong></span> <span class='ocrx_word' id='word_1_14' title='bbox 793 605 904 635; x_wconf 77' lang='lat' dir='ltr'><strong>auum,</strong></span> <span class='ocrx_word' id='word_1_15' title='bbox 919 596 1012 636; x_wconf 85' lang='lat' dir='ltr'><strong>cujus</strong></span> <span class='ocrx_word' id='word_1_16' title='bbox 1026 596 1176 628; x_wconf 83' lang='lat' dir='ltr'><strong>meminit</strong></span> <span class='ocrx_word' id='word_1_17' title='bbox 1193 596 1269 628; x_wconf 87' lang='lat' dir='ltr'><strong>Ode</strong></span> <span class='ocrx_word' id='word_1_18' title='bbox 1285 606 1369 628; x_wconf 83' lang='lat' dir='ltr'><strong>vm.</strong></span> <span class='ocrx_word' id='word_1_19' title='bbox 1405 601 1414 614; x_wconf 86' lang='lat'><strong><em>¹</em></strong></span> <span class='ocrx_word' id='word_1_20' title='bbox 1427 597 1567 637; x_wconf 71' lang='lat' dir='ltr'><strong>Optima</strong></span> <span class='ocrx_word' id='word_1_21' title='bbox 1583 596 1700 629; x_wconf 77' lang='lat' dir='ltr'><strong>summi</strong></span> <span class='ocrx_word' id='word_1_22' title='bbox 1714 597 1813 629; x_wconf 87' lang='lat' dir='ltr'><strong>Nunc</strong></span> 
     </span>
     <span class='ocr_line' id='line_1_5' title="bbox 628 647 1588 689; baseline -0.001 -9"><span class='ocrx_word' id='word_1_23' title='bbox 628 650 682 680; x_wconf 87' lang='lat' dir='ltr'><strong>via</strong></span> <span class='ocrx_word' id='word_1_24' title='bbox 698 657 874 689; x_wconf 78' lang='lat' dir='ltr'>processus</span> <span class='ocrx_word' id='word_1_25' title='bbox 887 648 1009 679; x_wconf 80' lang='lat' dir='ltr'><strong>vetulae</strong></span> <span class='ocrx_word' id='word_1_26' title='bbox 1026 649 1136 679; x_wconf 85' lang='lat' dir='ltr'><strong>vesica</strong></span> <span class='ocrx_word' id='word_1_27' title='bbox 1150 647 1281 680; x_wconf 80' lang='lat' dir='ltr'><strong>beatae.&#39;</strong></span> <span class='ocrx_word' id='word_1_28' title='bbox 1313 649 1477 681; x_wconf 60' lang='lat' dir='ltr'><strong>duvenal.</strong></span> <span class='ocrx_word' id='word_1_29' title='bbox 1493 658 1518 680; x_wconf 86' lang='lat'><strong>1.</strong></span> <span class='ocrx_word' id='word_1_30' title='bbox 1535 651 1588 679; x_wconf 85' lang='grc'><strong>36.</strong></span> 
     </span>
    </p>
   </div>
   <div class='ocr_carea' id='block_1_4' title="bbox 511 719 1820 1096">
    <p class='ocr_par' dir='ltr' id='par_1_4' title="bbox 511 719 1632 838">
     <span class='ocr_line' id='line_1_6' title="bbox 511 719 1632 773; baseline 0 -11"><span class='ocrx_word' id='word_1_31' title='bbox 511 722 644 771; x_wconf 78' lang='lat' dir='ltr'><strong>QUID</strong></span> <span class='ocrx_word' id='word_1_32' title='bbox 667 721 747 762; x_wconf 88' lang='lat' dir='ltr'><strong>tibi</strong></span> <span class='ocrx_word' id='word_1_33' title='bbox 766 720 852 770; x_wconf 85' lang='lat' dir='ltr'><strong>vis,</strong></span> <span class='ocrx_word' id='word_1_34' title='bbox 873 719 1027 760; x_wconf 88' lang='lat' dir='ltr'><strong>mulier</strong></span> <span class='ocrx_word' id='word_1_35' title='bbox 1046 720 1175 771; x_wconf 89' lang='lat' dir='ltr'><strong>nigris</strong></span> <span class='ocrx_word' id='word_1_36' title='bbox 1197 720 1446 773; x_wconf 83' lang='lat' dir='ltr'><strong>dignissima</strong></span> <span class='ocrx_word' id='word_1_37' title='bbox 1463 722 1599 762; x_wconf 87' lang='lat' dir='ltr'><strong>barris</strong></span> <span class='ocrx_word' id='word_1_38' title='bbox 1613 723 1632 762; x_wconf 80' lang='lat' dir='ltr'><strong>&#39;l</strong></span> 
     </span>
     <span class='ocr_line' id='line_1_7' title="bbox 566 785 1367 838; baseline 0.001 -12"><span class='ocrx_word' id='word_1_39' title='bbox 566 786 750 827; x_wconf 82' lang='lat' dir='ltr'><strong>Munera</strong></span> <span class='ocrx_word' id='word_1_40' title='bbox 769 799 846 827; x_wconf 89' lang='lat' dir='ltr'><strong>cur</strong></span> <span class='ocrx_word' id='word_1_41' title='bbox 863 785 982 834; x_wconf 89' lang='lat' dir='ltr'><strong>mihi,</strong></span> <span class='ocrx_word' id='word_1_42' title='bbox 1004 785 1162 838; x_wconf 86' lang='lat' dir='ltr'><strong>quidve</strong></span> <span class='ocrx_word' id='word_1_43' title='bbox 1183 787 1367 827; x_wconf 79' lang='lat' dir='ltr'><strong>tabellas</strong></span> 
     </span>
    </p>

    <p class='ocr_par' dir='ltr' id='par_1_5' title="bbox 513 849 1591 969">
     <span class='ocr_line' id='line_1_8' title="bbox 513 849 1591 902; baseline 0 -11"><span class='ocrx_word' id='word_1_44' title='bbox 513 851 668 899; x_wconf 84' lang='lat' dir='ltr'><strong>Mittis,</strong></span> <span class='ocrx_word' id='word_1_45' title='bbox 686 863 765 891; x_wconf 88' lang='lat' dir='ltr'><strong>nec</strong></span> <span class='ocrx_word' id='word_1_46' title='bbox 783 850 904 891; x_wconf 86' lang='lat' dir='ltr'><strong>firmo</strong></span> <span class='ocrx_word' id='word_1_47' title='bbox 927 849 1094 902; x_wconf 89' lang='lat' dir='ltr'><strong>juveni,</strong></span> <span class='ocrx_word' id='word_1_48' title='bbox 1115 863 1256 902; x_wconf 90' lang='lat' dir='ltr'><strong>neque</strong></span> <span class='ocrx_word' id='word_1_49' title='bbox 1275 851 1391 890; x_wconf 82' lang='lat' dir='ltr'><strong>naris</strong></span> <span class='ocrx_word' id='word_1_50' title='bbox 1413 850 1559 891; x_wconf 85' lang='lat' dir='ltr'><strong>obesae</strong></span> <span class='ocrx_word' id='word_1_51' title='bbox 1572 851 1591 890; x_wconf 80' lang='lat' dir='ltr'><strong>&#39;l</strong></span> 
     </span>
     <span class='ocr_line' id='line_1_9' title="bbox 570 915 1308 969; baseline 0 -13"><span class='ocrx_word' id='word_1_52' title='bbox 570 916 771 969; x_wconf 81' lang='lat' dir='ltr'><strong>Namque</strong></span> <span class='ocrx_word' id='word_1_53' title='bbox 791 916 992 968; x_wconf 81' lang='lat' dir='ltr'><strong>sagacius</strong></span> <span class='ocrx_word' id='word_1_54' title='bbox 1011 928 1123 956; x_wconf 88' lang='lat' dir='ltr'><strong>unus</strong></span> <span class='ocrx_word' id='word_1_55' title='bbox 1141 915 1308 965; x_wconf 87' lang='lat' dir='ltr'><strong>odoror,</strong></span> 
     </span>
    </p>

    <p class='ocr_par' dir='ltr' id='par_1_6' title="bbox 518 979 1820 1096">
     <span class='ocr_line' id='line_1_10' title="bbox 518 979 1820 1035; baseline -0.002 -13"><span class='ocrx_word' id='word_1_56' title='bbox 518 982 732 1035; x_wconf 85' lang='lat' dir='ltr'><strong>Polypus,</strong></span> <span class='ocrx_word' id='word_1_57' title='bbox 749 995 803 1023; x_wconf 83' lang='lat' dir='ltr'><strong>an</strong></span> <span class='ocrx_word' id='word_1_58' title='bbox 824 981 967 1034; x_wconf 82' lang='lat' dir='ltr'><strong>gravis</strong></span> <span class='ocrx_word' id='word_1_59' title='bbox 986 980 1161 1021; x_wconf 82' lang='lat' dir='ltr'><strong>hirsutis</strong></span> <span class='ocrx_word' id='word_1_60' title='bbox 1180 982 1309 1022; x_wconf 84' lang='lat' dir='ltr'>cubet</span> <span class='ocrx_word' id='word_1_61' title='bbox 1327 980 1470 1022; x_wconf 85' lang='lat' dir='ltr'><strong>hircus</strong></span> <span class='ocrx_word' id='word_1_62' title='bbox 1489 980 1532 1021; x_wconf 92' lang='lat' dir='ltr'><strong>in</strong></span> <span class='ocrx_word' id='word_1_63' title='bbox 1553 979 1652 1029; x_wconf 81' lang='lat' dir='ltr'><strong>alis,</strong></span> <span class='ocrx_word' id='word_1_64' title='bbox 1790 979 1820 1020; x_wconf 85' lang='lat'>5</span> 
     </span>
     <span class='ocr_line' id='line_1_11' title="bbox 570 1046 1341 1096; baseline -0.003 -8"><span class='ocrx_word' id='word_1_65' title='bbox 570 1047 713 1096; x_wconf 86' lang='lat' dir='ltr'><strong>Quam</strong></span> <span class='ocrx_word' id='word_1_66' title='bbox 734 1048 855 1089; x_wconf 84' lang='lat' dir='ltr'><strong>canis</strong></span> <span class='ocrx_word' id='word_1_67' title='bbox 873 1059 984 1095; x_wconf 84' lang='lat' dir='ltr'><strong>acer,</strong></span> <span class='ocrx_word' id='word_1_68' title='bbox 1003 1047 1081 1087; x_wconf 65' lang='lat' dir='ltr'><strong>ubi&gt;</strong></span> <span class='ocrx_word' id='word_1_69' title='bbox 1097 1046 1234 1087; x_wconf 84' lang='lat' dir='ltr'><strong>lateat</strong></span> <span class='ocrx_word' id='word_1_70' title='bbox 1253 1059 1341 1087; x_wconf 87' lang='lat' dir='ltr'><strong>sus.</strong></span> 
     </span>
    </p>
   </div>
   <div class='ocr_carea' id='block_1_5' title="bbox 516 1109 1750 1229">
    <p class='ocr_par' dir='ltr' id='par_1_7' title="bbox 516 1109 1750 1229">
     <span class='ocr_line' id='line_1_12' title="bbox 516 1109 1750 1164; baseline -0.002 -11"><span class='ocrx_word' id='word_1_71' title='bbox 516 1113 630 1162; x_wconf 79' lang='lat' dir='ltr'><strong>Quis</strong></span> <span class='ocrx_word' id='word_1_72' title='bbox 650 1113 782 1153; x_wconf 89' lang='lat' dir='ltr'><strong>sudor</strong></span> <span class='ocrx_word' id='word_1_73' title='bbox 802 1113 943 1161; x_wconf 85' lang='lat' dir='ltr'><strong>vietis,</strong></span> <span class='ocrx_word' id='word_1_74' title='bbox 965 1114 1008 1152; x_wconf 84' lang='lat' dir='ltr'><strong>et</strong></span> <span class='ocrx_word' id='word_1_75' title='bbox 1028 1124 1160 1164; x_wconf 82' lang='lat' dir='ltr'><strong>quam</strong></span> <span class='ocrx_word' id='word_1_76' title='bbox 1181 1112 1321 1151; x_wconf 85' lang='lat' dir='ltr'><strong>malus</strong></span> <span class='ocrx_word' id='word_1_77' title='bbox 1342 1111 1532 1163; x_wconf 87' lang='lat' dir='ltr'><strong>undique</strong></span> <span class='ocrx_word' id='word_1_78' title='bbox 1549 1109 1750 1150; x_wconf 82' lang='lat' dir='ltr'><strong>membris</strong></span> 
     </span>
     <span class='ocr_line' id='line_1_13' title="bbox 570 1176 1316 1229; baseline -0.003 -11"><span class='ocrx_word' id='word_1_79' title='bbox 570 1178 742 1219; x_wconf 82' lang='lat' dir='ltr'><strong>Crescit</strong></span> <span class='ocrx_word' id='word_1_80' title='bbox 762 1177 893 1218; x_wconf 86' lang='lat' dir='ltr'><strong>odor!</strong></span> <span class='ocrx_word' id='word_1_81' title='bbox 922 1189 1019 1217; x_wconf 92' lang='lat' dir='ltr'><strong>cum</strong></span> <span class='ocrx_word' id='word_1_82' title='bbox 1042 1188 1149 1229; x_wconf 88' lang='lat' dir='ltr'><strong>pene</strong></span> <span class='ocrx_word' id='word_1_83' title='bbox 1171 1176 1316 1216; x_wconf 88' lang='lat' dir='ltr'><strong>soluto</strong></span> 
     </span>
    </p>
   </div>
   <div class='ocr_carea' id='block_1_6' title="bbox 400 1288 1824 1457">
    <p class='ocr_par' dir='ltr' id='par_1_8' title="bbox 400 1288 1824 1457">
     <span class='ocr_line' id='line_1_14' title="bbox 447 1288 1824 1336; baseline -0.006 -9"><span class='ocrx_word' id='word_1_84' title='bbox 447 1295 532 1332; x_wconf 82' lang='lat' dir='ltr'><strong>Quid</strong></span> <span class='ocrx_word' id='word_1_85' title='bbox 545 1296 634 1336; x_wconf 59' lang='lat' dir='ltr'><strong>petis,</strong></span> <span class='ocrx_word' id='word_1_86' title='bbox 642 1295 785 1333; x_wconf 73' lang='lat' dir='ltr'><strong>foemina,</strong></span> <span class='ocrx_word' id='word_1_87' title='bbox 798 1295 876 1326; x_wconf 66' lang='lat' dir='ltr'><strong>atris</strong></span> <span class='ocrx_word' id='word_1_88' title='bbox 890 1293 990 1326; x_wconf 70' lang='lat' dir='ltr'><strong>bar-ris</strong></span> <span class='ocrx_word' id='word_1_89' title='bbox 1003 1292 1125 1332; x_wconf 68' lang='lat' dir='ltr'><strong>dig-nn?</strong></span> <span class='ocrx_word' id='word_1_90' title='bbox 1170 1294 1272 1330; x_wconf 79' lang='lat' dir='ltr'><strong>Quare</strong></span> <span class='ocrx_word' id='word_1_91' title='bbox 1285 1294 1376 1331; x_wconf 77' lang='lat' dir='ltr'><strong>dona,</strong></span> <span class='ocrx_word' id='word_1_92' title='bbox 1395 1300 1487 1332; x_wconf 71' lang='lat' dir='ltr'><strong>quare</strong></span> <span class='ocrx_word' id='word_1_93' title='bbox 1501 1291 1608 1323; x_wconf 70' lang='lat' dir='ltr'><strong>literas</strong></span> <span class='ocrx_word' id='word_1_94' title='bbox 1620 1289 1721 1322; x_wconf 72' lang='lat' dir='ltr'><strong>mittin</strong></span> <span class='ocrx_word' id='word_1_95' title='bbox 1733 1288 1824 1328; x_wconf 69' lang='lat' dir='ltr'><strong>milri,</strong></span> 
     </span>
     <span class='ocr_line' id='line_1_15' title="bbox 405 1330 1823 1374; baseline -0.005 -7"><span class='ocrx_word' id='word_1_96' title='bbox 405 1347 459 1367; x_wconf 78' lang='lat' dir='ltr'><strong>nec</strong></span> <span class='ocrx_word' id='word_1_97' title='bbox 473 1338 573 1368; x_wconf 74' lang='lat' dir='ltr'><strong>valido</strong></span> <span class='ocrx_word' id='word_1_98' title='bbox 587 1338 782 1374; x_wconf 71' lang='lat' dir='ltr'><strong>adolescenti,</strong></span> <span class='ocrx_word' id='word_1_99' title='bbox 796 1346 850 1366; x_wconf 82' lang='lat' dir='ltr'><strong>nec</strong></span> <span class='ocrx_word' id='word_1_100' title='bbox 864 1335 978 1366; x_wconf 70' lang='lat' dir='ltr'><strong>hebetis</strong></span> <span class='ocrx_word' id='word_1_101' title='bbox 990 1336 1066 1366; x_wconf 76' lang='lat' dir='ltr'><strong>nasi.</strong></span> <span class='ocrx_word' id='word_1_102' title='bbox 1111 1335 1178 1373; x_wconf 83' lang='lat' dir='ltr'><strong>Ego</strong></span> <span class='ocrx_word' id='word_1_103' title='bbox 1191 1335 1301 1374; x_wconf 75' lang='lat' dir='ltr'><strong>quippe</strong></span> <span class='ocrx_word' id='word_1_104' title='bbox 1314 1334 1455 1365; x_wconf 68' lang='lat' dir='ltr'><strong>subtilius</strong></span> <span class='ocrx_word' id='word_1_105' title='bbox 1468 1332 1577 1370; x_wconf 68' lang='lat' dir='ltr'><strong>olfacio</strong></span> <span class='ocrx_word' id='word_1_106' title='bbox 1591 1335 1695 1363; x_wconf 72' lang='lat' dir='ltr'><strong>uerum</strong></span> <span class='ocrx_word' id='word_1_107' title='bbox 1708 1330 1751 1362; x_wconf 68' lang='lat' dir='ltr'><strong>sit</strong></span> <span class='ocrx_word' id='word_1_108' title='bbox 1763 1330 1823 1361; x_wconf 73' lang='lat' dir='ltr'><strong>tibi</strong></span> 
     </span>
     <span class='ocr_line' id='line_1_16' title="bbox 400 1372 1823 1417; baseline -0.004 -11"><span class='ocrx_word' id='word_1_109' title='bbox 400 1379 541 1417; x_wconf 81' lang='lat' dir='ltr'><strong>polypus,</strong></span> <span class='ocrx_word' id='word_1_110' title='bbox 561 1388 600 1407; x_wconf 81' lang='lat' dir='ltr'><strong>an</strong></span> <span class='ocrx_word' id='word_1_111' title='bbox 623 1379 703 1408; x_wconf 83' lang='lat' dir='ltr'><strong>olens</strong></span> <span class='ocrx_word' id='word_1_112' title='bbox 724 1386 814 1415; x_wconf 79' lang='lat' dir='ltr'><strong>cuper</strong></span> <span class='ocrx_word' id='word_1_113' title='bbox 833 1377 964 1406; x_wconf 74' lang='lat' dir='ltr'><strong>resideat</strong></span> <span class='ocrx_word' id='word_1_114' title='bbox 989 1376 1021 1405; x_wconf 84' lang='lat' dir='ltr'><strong>in</strong></span> <span class='ocrx_word' id='word_1_115' title='bbox 1046 1375 1152 1405; x_wconf 71' lang='lat' dir='ltr'><strong>axillis</strong></span> <span class='ocrx_word' id='word_1_116' title='bbox 1175 1376 1291 1414; x_wconf 70' lang='lat' dir='ltr'><strong>pilosis,</strong></span> <span class='ocrx_word' id='word_1_117' title='bbox 1307 1384 1394 1414; x_wconf 82' lang='lat' dir='ltr'><strong>quam</strong></span> <span class='ocrx_word' id='word_1_118' title='bbox 1410 1383 1510 1411; x_wconf 77' lang='lat' dir='ltr'><strong>sagax</strong></span> <span class='ocrx_word' id='word_1_119' title='bbox 1522 1374 1607 1404; x_wconf 76' lang='lat' dir='ltr'><strong>canis</strong></span> <span class='ocrx_word' id='word_1_120' title='bbox 1622 1372 1672 1402; x_wconf 74' lang='lat' dir='ltr'><strong>ubi</strong></span> <span class='ocrx_word' id='word_1_121' title='bbox 1686 1381 1759 1410; x_wconf 78' lang='lat' dir='ltr'><strong>aper</strong></span> <span class='ocrx_word' id='word_1_122' title='bbox 1771 1372 1823 1401; x_wconf 80' lang='lat' dir='ltr'><strong>de-</strong></span> 
     </span>
     <span class='ocr_line' id='line_1_17' title="bbox 401 1411 1823 1457; baseline -0.004 -9"><span class='ocrx_word' id='word_1_123' title='bbox 401 1419 534 1449; x_wconf 73' lang='lat' dir='ltr'><strong>litescat.</strong></span> <span class='ocrx_word' id='word_1_124' title='bbox 575 1418 621 1449; x_wconf 76' lang='lat' dir='ltr'><strong>Ae</strong></span> <span class='ocrx_word' id='word_1_125' title='bbox 635 1421 669 1449; x_wconf 83' lang='lat' dir='ltr'><strong>at</strong></span> <span class='ocrx_word' id='word_1_126' title='bbox 682 1421 812 1457; x_wconf 72' lang='lat' dir='ltr'><strong>quantus</strong></span> <span class='ocrx_word' id='word_1_127' title='bbox 825 1417 927 1451; x_wconf 75' lang='lat' dir='ltr'><strong>sudor,</strong></span> <span class='ocrx_word' id='word_1_128' title='bbox 939 1419 969 1446; x_wconf 81' lang='lat' dir='ltr'><strong>et</strong></span> <span class='ocrx_word' id='word_1_129' title='bbox 984 1425 1073 1455; x_wconf 83' lang='lat' dir='ltr'><strong>quam</strong></span> <span class='ocrx_word' id='word_1_130' title='bbox 1088 1419 1165 1447; x_wconf 74' lang='lat' dir='ltr'><strong>teter</strong></span> <span class='ocrx_word' id='word_1_131' title='bbox 1177 1417 1250 1446; x_wconf 82' lang='lat' dir='ltr'><strong>odor</strong></span> <span class='ocrx_word' id='word_1_132' title='bbox 1261 1416 1390 1455; x_wconf 80' lang='lat' dir='ltr'><strong>undique</strong></span> <span class='ocrx_word' id='word_1_133' title='bbox 1402 1418 1523 1445; x_wconf 77' lang='lat' dir='ltr'><strong>emanat</strong></span> <span class='ocrx_word' id='word_1_134' title='bbox 1537 1424 1553 1445; x_wconf 88' lang='lat' dir='ltr'><strong>e</strong></span> <span class='ocrx_word' id='word_1_135' title='bbox 1565 1413 1707 1444; x_wconf 77' lang='lat' dir='ltr'><strong>membris</strong></span> <span class='ocrx_word' id='word_1_136' title='bbox 1713 1411 1823 1452; x_wconf 68' lang='lat' dir='ltr'><strong>flacci-</strong></span> 
     </span>
    </p>
   </div>
   <div class='ocr_carea' id='block_1_7' title="bbox 1002 1496 1230 1509">
    <p class='ocr_par' dir='ltr' id='par_1_9' title="bbox 1002 1496 1230 1509">
     <span class='ocr_line' id='line_1_18' title="bbox 1002 1496 1230 1509; baseline -0.009 0"><span class='ocrx_word' id='word_1_137' title='bbox 1002 1496 1230 1509; x_wconf 60' lang='lat' dir='ltr'><strong>mommo</strong></span> 
     </span>
    </p>
   </div>
   <div class='ocr_carea' id='block_1_8' title="bbox 405 1558 1842 2010">
    <p class='ocr_par' dir='ltr' id='par_1_10' title="bbox 405 1558 1842 2010">
     <span class='ocr_line' id='line_1_19' title="bbox 446 1558 1825 1599; baseline -0.003 -7"><span class='ocrx_word' id='word_1_138' title='bbox 446 1562 552 1592; x_wconf 84' lang='lat' dir='ltr'><strong>Deest</strong></span> <span class='ocrx_word' id='word_1_139' title='bbox 567 1561 715 1592; x_wconf 87' lang='lat' dir='ltr'><strong>Editioni</strong></span> <span class='ocrx_word' id='word_1_140' title='bbox 729 1560 852 1592; x_wconf 84' lang='lat' dir='ltr'><strong>Sanad.</strong></span> <span class='ocrx_word' id='word_1_141' title='bbox 885 1560 978 1591; x_wconf 78' lang='lat' dir='ltr'><strong>Vett.</strong></span> <span class='ocrx_word' id='word_1_142' title='bbox 994 1559 1093 1591; x_wconf 87' lang='lat' dir='ltr'><strong>codd.</strong></span> <span class='ocrx_word' id='word_1_143' title='bbox 1110 1560 1307 1599; x_wconf 83' lang='lat' dir='ltr'><strong>inscribunt,</strong></span> <span class='ocrx_word' id='word_1_144' title='bbox 1327 1561 1364 1592; x_wconf 81' lang='lat' dir='ltr'><strong>In</strong></span> <span class='ocrx_word' id='word_1_145' title='bbox 1380 1559 1569 1590; x_wconf 70' lang='lat' dir='ltr'><strong>Gratidiam.</strong></span> <span class='ocrx_word' id='word_1_146' title='bbox 1599 1558 1640 1589; x_wconf 88' lang='lat' dir='ltr'><strong>In</strong></span> <span class='ocrx_word' id='word_1_147' title='bbox 1666 1558 1825 1589; x_wconf 74' lang='lat' dir='ltr'><strong>Lmrrent.</strong></span> 
     </span>
     <span class='ocr_line' id='line_1_20' title="bbox 405 1598 1825 1642; baseline -0.004 -9"><span class='ocrx_word' id='word_1_148' title='bbox 405 1602 572 1633; x_wconf 85' lang='lat' dir='ltr'><strong>Torrentii</strong></span> <span class='ocrx_word' id='word_1_149' title='bbox 587 1603 657 1632; x_wconf 75' lang='lat' dir='ltr'><strong>hoec</strong></span> <span class='ocrx_word' id='word_1_150' title='bbox 673 1606 901 1642; x_wconf 82' lang='lat' dir='ltr'><strong>proponuntur</strong></span> <span class='ocrx_word' id='word_1_151' title='bbox 914 1611 923 1631; x_wconf 76' lang='lat' dir='ltr'><strong><em>z</em></strong></span> <span class='ocrx_word' id='word_1_152' title='bbox 950 1602 988 1631; x_wconf 81' lang='lat' dir='ltr'><strong>In</strong></span> <span class='ocrx_word' id='word_1_153' title='bbox 1001 1601 1156 1631; x_wconf 80' lang='lat' dir='ltr'><strong>mulierem</strong></span> <span class='ocrx_word' id='word_1_154' title='bbox 1168 1603 1302 1632; x_wconf 76' lang='lat' dir='ltr'><strong>vetulum</strong></span> <span class='ocrx_word' id='word_1_155' title='bbox 1316 1602 1517 1636; x_wconf 71' lang='lat' dir='ltr'><strong>libidinosam,</strong></span> <span class='ocrx_word' id='word_1_156' title='bbox 1531 1610 1550 1630; x_wconf 86' lang='grc' dir='ltr'><strong>ιι</strong></span> <span class='ocrx_word' id='word_1_157' title='bbox 1564 1609 1623 1639; x_wconf 74' lang='lat' dir='ltr'><strong>qua</strong></span> <span class='ocrx_word' id='word_1_158' title='bbox 1636 1598 1825 1630; x_wconf 76' lang='lat' dir='ltr'><strong>invitabatur</strong></span> 
     </span>
     <span class='ocr_line' id='line_1_21' title="bbox 405 1639 1827 1683; baseline -0.004 -9"><span class='ocrx_word' id='word_1_159' title='bbox 405 1645 445 1674; x_wconf 82' lang='lat' dir='ltr'><strong>ad</strong></span> <span class='ocrx_word' id='word_1_160' title='bbox 457 1653 602 1680; x_wconf 77' lang='lat' dir='ltr'><strong>amorem,</strong></span> <span class='ocrx_word' id='word_1_161' title='bbox 613 1653 702 1683; x_wconf 79' lang='lat' dir='ltr'><strong>quum</strong></span> <span class='ocrx_word' id='word_1_162' title='bbox 715 1643 791 1673; x_wconf 81' lang='lat' dir='ltr'><strong>dicit</strong></span> <span class='ocrx_word' id='word_1_163' title='bbox 801 1642 928 1680; x_wconf 80' lang='lat' dir='ltr'><strong>dignam</strong></span> <span class='ocrx_word' id='word_1_164' title='bbox 941 1651 1004 1673; x_wconf 78' lang='lat' dir='ltr'><strong>esse</strong></span> <span class='ocrx_word' id='word_1_165' title='bbox 1018 1642 1197 1680; x_wconf 70' lang='lat' dir='ltr'><strong>elephantis,</strong></span> <span class='ocrx_word' id='word_1_166' title='bbox 1210 1652 1268 1673; x_wconf 80' lang='lat' dir='ltr'><strong>non</strong></span> <span class='ocrx_word' id='word_1_167' title='bbox 1281 1642 1460 1673; x_wconf 68' lang='lat' dir='ltr'><strong>hominibus.</strong></span> <span class='ocrx_word' id='word_1_168' title='bbox 1505 1641 1598 1672; x_wconf 83' lang='lat' dir='ltr'><strong>Unus</strong></span> <span class='ocrx_word' id='word_1_169' title='bbox 1612 1639 1729 1671; x_wconf 78' lang='lat' dir='ltr'><strong>mand.</strong></span> <span class='ocrx_word' id='word_1_170' title='bbox 1744 1639 1827 1670; x_wconf 88' lang='lat' dir='ltr'><strong>Cru-</strong></span> 
     </span>
     <span class='ocr_line' id='line_1_22' title="bbox 406 1680 1826 1724; baseline -0.003 -10"><span class='ocrx_word' id='word_1_171' title='bbox 406 1685 489 1724; x_wconf 80' lang='lat' dir='ltr'><strong>qnii,</strong></span> <span class='ocrx_word' id='word_1_172' title='bbox 510 1684 561 1715; x_wconf 81' lang='lat' dir='ltr'><strong>Ad</strong></span> <span class='ocrx_word' id='word_1_173' title='bbox 587 1684 749 1714; x_wconf 78' lang='lat' dir='ltr'><strong>Canidiam</strong></span> <span class='ocrx_word' id='word_1_174' title='bbox 773 1683 1035 1713; x_wconf 66' lang='lat' dir='ltr'><strong>meretricem—2</strong></span> <span class='ocrx_word' id='word_1_175' title='bbox 1057 1683 1189 1714; x_wconf 78' lang='lat' dir='ltr'><strong>Munera</strong></span> <span class='ocrx_word' id='word_1_176' title='bbox 1203 1684 1275 1722; x_wconf 82' lang='lat' dir='ltr'><strong>quid</strong></span> <span class='ocrx_word' id='word_1_177' title='bbox 1290 1683 1365 1713; x_wconf 71' lang='lat' dir='ltr'><strong>mihi</strong></span> <span class='ocrx_word' id='word_1_178' title='bbox 1384 1682 1519 1713; x_wconf 80' lang='lat' dir='ltr'><strong>Canteri</strong></span> <span class='ocrx_word' id='word_1_179' title='bbox 1542 1681 1660 1718; x_wconf 80' lang='lat' dir='ltr'><strong>codex,</strong></span> <span class='ocrx_word' id='word_1_180' title='bbox 1685 1680 1779 1712; x_wconf 82' lang='lat' dir='ltr'><strong>Harl.</strong></span> <span class='ocrx_word' id='word_1_181' title='bbox 1794 1683 1826 1711; x_wconf 82' lang='grc'><strong>6.</strong></span> 
     </span>
     <span class='ocr_line' id='line_1_23' title="bbox 408 1719 1830 1764; baseline -0.004 -8"><span class='ocrx_word' id='word_1_182' title='bbox 408 1726 500 1756; x_wconf 84' lang='lat' dir='ltr'><strong>Aer..</strong></span> <span class='ocrx_word' id='word_1_183' title='bbox 514 1725 660 1756; x_wconf 78' lang='lat' dir='ltr'><strong>Bentleii</strong></span> <span class='ocrx_word' id='word_1_184' title='bbox 682 1725 802 1764; x_wconf 81' lang='lat' dir='ltr'><strong>Regin.</strong></span> <span class='ocrx_word' id='word_1_185' title='bbox 828 1724 979 1763; x_wconf 84' lang='lat' dir='ltr'><strong>Magdal.</strong></span> <span class='ocrx_word' id='word_1_186' title='bbox 1011 1728 1046 1754; x_wconf 85' lang='lat' dir='ltr'><strong>et</strong></span> <span class='ocrx_word' id='word_1_187' title='bbox 1080 1724 1163 1761; x_wconf 71' lang='lat' dir='ltr'><strong>neg.</strong></span> <span class='ocrx_word' id='word_1_188' title='bbox 1184 1724 1262 1755; x_wconf 90' lang='lat' dir='ltr'><strong>Soc.</strong></span> <span class='ocrx_word' id='word_1_189' title='bbox 1289 1724 1368 1755; x_wconf 81' lang='lat' dir='ltr'><strong>item</strong></span> <span class='ocrx_word' id='word_1_190' title='bbox 1399 1724 1476 1754; x_wconf 86' lang='lat' dir='ltr'><strong>edd.</strong></span> <span class='ocrx_word' id='word_1_191' title='bbox 1500 1722 1613 1753; x_wconf 88' lang='lat' dir='ltr'><strong>Bentl.</strong></span> <span class='ocrx_word' id='word_1_192' title='bbox 1637 1719 1763 1752; x_wconf 76' lang='lat' dir='ltr'><strong>Wakef.</strong></span> <span class='ocrx_word' id='word_1_193' title='bbox 1793 1725 1830 1751; x_wconf 90' lang='lat' dir='ltr'><strong>et</strong></span> 
     </span>
     <span class='ocr_line' id='line_1_24' title="bbox 408 1761 1828 1804; baseline -0.004 -7"><span class='ocrx_word' id='word_1_194' title='bbox 408 1767 512 1798; x_wconf 88' lang='lat' dir='ltr'><strong>Kidd.</strong></span> <span class='ocrx_word' id='word_1_195' title='bbox 528 1772 562 1797; x_wconf 89' lang='lat' dir='ltr'><strong>et</strong></span> <span class='ocrx_word' id='word_1_196' title='bbox 578 1767 627 1797; x_wconf 84' lang='lat' dir='ltr'><strong>ita</strong></span> <span class='ocrx_word' id='word_1_197' title='bbox 643 1767 727 1796; x_wconf 79' lang='lat' dir='ltr'><strong>citat</strong></span> <span class='ocrx_word' id='word_1_198' title='bbox 743 1767 831 1797; x_wconf 85' lang='lat' dir='ltr'><strong>Mar.</strong></span> <span class='ocrx_word' id='word_1_199' title='bbox 845 1765 1011 1797; x_wconf 77' lang='lat' dir='ltr'><strong>Victor-in.</strong></span> <span class='ocrx_word' id='word_1_200' title='bbox 1028 1774 1060 1804; x_wconf 82' lang='lat' dir='ltr'><strong>p.</strong></span> <span class='ocrx_word' id='word_1_201' title='bbox 1074 1767 1168 1796; x_wconf 83' lang='lat'><strong>2619.</strong></span> <span class='ocrx_word' id='word_1_202' title='bbox 1188 1775 1245 1796; x_wconf 82' lang='lat' dir='ltr'><strong>cur</strong></span> <span class='ocrx_word' id='word_1_203' title='bbox 1258 1765 1334 1796; x_wconf 70' lang='lat' dir='ltr'><strong>mihi</strong></span> <span class='ocrx_word' id='word_1_204' title='bbox 1349 1775 1439 1796; x_wconf 76' lang='lat' dir='ltr'><strong>curve</strong></span> <span class='ocrx_word' id='word_1_205' title='bbox 1455 1765 1578 1795; x_wconf 82' lang='lat' dir='ltr'><strong>Venet.</strong></span> <span class='ocrx_word' id='word_1_206' title='bbox 1593 1765 1686 1794; x_wconf 75' lang='lat'><strong>149⁰.</strong></span> <span class='ocrx_word' id='word_1_207' title='bbox 1701 1767 1735 1793; x_wconf 83' lang='lat' dir='ltr'><strong>et</strong></span> <span class='ocrx_word' id='word_1_208' title='bbox 1751 1761 1828 1792; x_wconf 71' lang='lat' dir='ltr'><strong>Ver.</strong></span> 
     </span>
     <span class='ocr_line' id='line_1_25' title="bbox 406 1803 1828 1846; baseline -0.003 -9"><span class='ocrx_word' id='word_1_209' title='bbox 406 1809 585 1838; x_wconf 52' lang='lat' dir='ltr'><strong>(lomb—3</strong></span> <span class='ocrx_word' id='word_1_210' title='bbox 601 1807 705 1838; x_wconf 88' lang='lat' dir='ltr'><strong>Codd.</strong></span> <span class='ocrx_word' id='word_1_211' title='bbox 722 1806 864 1838; x_wconf 84' lang='lat' dir='ltr'><strong>Blandd.</strong></span> <span class='ocrx_word' id='word_1_212' title='bbox 875 1815 931 1846; x_wconf 82' lang='lat' dir='ltr'><strong>ap.</strong></span> <span class='ocrx_word' id='word_1_213' title='bbox 943 1808 1046 1846; x_wconf 84' lang='lat' dir='ltr'><strong>Crnq.</strong></span> <span class='ocrx_word' id='word_1_214' title='bbox 1064 1807 1096 1836; x_wconf 88' lang='lat' dir='ltr'><strong>iu</strong></span> <span class='ocrx_word' id='word_1_215' title='bbox 1114 1812 1227 1838; x_wconf 88' lang='lat' dir='ltr'><strong>annot.</strong></span> <span class='ocrx_word' id='word_1_216' title='bbox 1243 1807 1380 1846; x_wconf 81' lang='lat' dir='ltr'><strong>habent,</strong></span> <span class='ocrx_word' id='word_1_217' title='bbox 1393 1804 1677 1845; x_wconf 75' lang='lat' dir='ltr'><strong>nonfirmojuveni.</strong></span> <span class='ocrx_word' id='word_1_218' title='bbox 1703 1803 1828 1835; x_wconf 77' lang='lat' dir='ltr'><strong>Venet-</strong></span> 
     </span>
     <span class='ocr_line' id='line_1_26' title="bbox 409 1845 1827 1879; baseline -0.002 -1"><span class='ocrx_word' id='word_1_219' title='bbox 409 1851 501 1879; x_wconf 84' lang='lat'><strong>1559.</strong></span> <span class='ocrx_word' id='word_1_220' title='bbox 523 1853 558 1878; x_wconf 89' lang='lat' dir='ltr'><strong>et</strong></span> <span class='ocrx_word' id='word_1_221' title='bbox 573 1848 731 1879; x_wconf 83' lang='lat' dir='ltr'><strong>Glarean.</strong></span> <span class='ocrx_word' id='word_1_222' title='bbox 746 1850 839 1878; x_wconf 81' lang='lat'>1536.</span> <span class='ocrx_word' id='word_1_223' title='bbox 866 1857 919 1877; x_wconf 79' lang='lat' dir='ltr'><strong>nec</strong></span> <span class='ocrx_word' id='word_1_224' title='bbox 934 1847 1019 1877; x_wconf 78' lang='lat' dir='ltr'><strong>naris</strong></span> <span class='ocrx_word' id='word_1_225' title='bbox 1034 1847 1200 1877; x_wconf 60' lang='lat' dir='ltr'><strong>ebena—5</strong></span> <span class='ocrx_word' id='word_1_226' title='bbox 1224 1849 1363 1878; x_wconf 79' lang='lat' dir='ltr'><strong>Venett.</strong></span> <span class='ocrx_word' id='word_1_227' title='bbox 1387 1853 1421 1878; x_wconf 87' lang='lat' dir='ltr'><strong>et</strong></span> <span class='ocrx_word' id='word_1_228' title='bbox 1445 1847 1524 1877; x_wconf 72' lang='lat' dir='ltr'><strong>Ver.</strong></span> <span class='ocrx_word' id='word_1_229' title='bbox 1546 1845 1663 1877; x_wconf 82' lang='lat' dir='ltr'><strong>Comb.</strong></span> <span class='ocrx_word' id='word_1_230' title='bbox 1678 1845 1827 1875; x_wconf 71' lang='lat' dir='ltr'><strong>hireneus.</strong></span> 
     </span>
     <span class='ocr_line' id='line_1_27' title="bbox 408 1885 1842 1926; baseline -0.003 -7"><span class='ocrx_word' id='word_1_231' title='bbox 408 1892 471 1919; x_wconf 79' lang='lat'><strong>——7</strong></span> <span class='ocrx_word' id='word_1_232' title='bbox 492 1889 558 1919; x_wconf 86' lang='lat' dir='ltr'><strong>Sex</strong></span> <span class='ocrx_word' id='word_1_233' title='bbox 583 1888 682 1919; x_wconf 83' lang='lat' dir='ltr'><strong>codd.</strong></span> <span class='ocrx_word' id='word_1_234' title='bbox 702 1887 885 1926; x_wconf 70' lang='lat' dir='ltr'><strong>Torrenfii,</strong></span> <span class='ocrx_word' id='word_1_235' title='bbox 901 1887 997 1918; x_wconf 76' lang='lat' dir='ltr'><strong>Harl.</strong></span> <span class='ocrx_word' id='word_1_236' title='bbox 1016 1890 1046 1916; x_wconf 88' lang='lat'><strong>1.</strong></span> <span class='ocrx_word' id='word_1_237' title='bbox 1062 1890 1093 1917; x_wconf 85' lang='lat'><strong>2.</strong></span> <span class='ocrx_word' id='word_1_238' title='bbox 1110 1890 1141 1916; x_wconf 79' lang='lat'><strong>3.</strong></span> <span class='ocrx_word' id='word_1_239' title='bbox 1155 1889 1185 1917; x_wconf 82' lang='grc'><strong>4.</strong></span> <span class='ocrx_word' id='word_1_240' title='bbox 1200 1891 1232 1918; x_wconf 85' lang='grc'><strong>6.</strong></span> <span class='ocrx_word' id='word_1_241' title='bbox 1258 1887 1402 1918; x_wconf 78' lang='lat' dir='ltr'><strong>Bentleii</strong></span> <span class='ocrx_word' id='word_1_242' title='bbox 1419 1888 1533 1918; x_wconf 77' lang='lat' dir='ltr'><strong>Graev.</strong></span> <span class='ocrx_word' id='word_1_243' title='bbox 1549 1885 1640 1917; x_wconf 86' lang='lat' dir='ltr'><strong>Leid.</strong></span> <span class='ocrx_word' id='word_1_244' title='bbox 1658 1885 1778 1924; x_wconf 85' lang='lat' dir='ltr'><strong>Regin.</strong></span> <span class='ocrx_word' id='word_1_245' title='bbox 1793 1886 1842 1915; x_wconf 46' lang='lat' dir='ltr'><strong>et*</strong></span> 
     </span>
     <span class='ocr_line' id='line_1_28' title="bbox 410 1926 1829 1967; baseline -0.004 -8"><span class='ocrx_word' id='word_1_246' title='bbox 410 1935 478 1960; x_wconf 78' lang='lat' dir='ltr'><strong>tres</strong></span> <span class='ocrx_word' id='word_1_247' title='bbox 494 1930 570 1967; x_wconf 75' lang='lat' dir='ltr'><strong>alii;</strong></span> <span class='ocrx_word' id='word_1_248' title='bbox 594 1930 673 1960; x_wconf 76' lang='lat' dir='ltr'><strong>item</strong></span> <span class='ocrx_word' id='word_1_249' title='bbox 696 1929 774 1960; x_wconf 89' lang='lat' dir='ltr'><strong>edd.</strong></span> <span class='ocrx_word' id='word_1_250' title='bbox 801 1929 915 1959; x_wconf 85' lang='lat' dir='ltr'><strong>Bentl.</strong></span> <span class='ocrx_word' id='word_1_251' title='bbox 933 1928 1083 1961; x_wconf 75' lang='lat' dir='ltr'><strong>Francis,</strong></span> <span class='ocrx_word' id='word_1_252' title='bbox 1097 1928 1233 1958; x_wconf 81' lang='lat' dir='ltr'><strong>Mitscb.</strong></span> <span class='ocrx_word' id='word_1_253' title='bbox 1249 1927 1384 1959; x_wconf 84' lang='lat' dir='ltr'><strong>Wakef.</strong></span> <span class='ocrx_word' id='word_1_254' title='bbox 1409 1933 1446 1958; x_wconf 91' lang='lat' dir='ltr'><strong>et</strong></span> <span class='ocrx_word' id='word_1_255' title='bbox 1469 1927 1572 1958; x_wconf 86' lang='lat' dir='ltr'><strong>Kidd.</strong></span> <span class='ocrx_word' id='word_1_256' title='bbox 1600 1926 1662 1962; x_wconf 78' lang='lat' dir='ltr'><strong>Qui</strong></span> <span class='ocrx_word' id='word_1_257' title='bbox 1685 1927 1829 1956; x_wconf 72' lang='lat' dir='ltr'><strong>sudor.—</strong></span> 
     </span>
     <span class='ocr_line' id='line_1_29' title="bbox 409 1967 1830 2010; baseline -0.004 -9"><span class='ocrx_word' id='word_1_258' title='bbox 409 1974 429 2001; x_wconf 82' lang='lat'>8</span> <span class='ocrx_word' id='word_1_259' title='bbox 453 1972 580 2002; x_wconf 71' lang='lat' dir='ltr'><strong>Crescat</strong></span> <span class='ocrx_word' id='word_1_260' title='bbox 593 1973 667 2002; x_wconf 80' lang='lat' dir='ltr'><strong>odor</strong></span> <span class='ocrx_word' id='word_1_261' title='bbox 682 1970 826 2002; x_wconf 87' lang='lat' dir='ltr'><strong>Bentleii</strong></span> <span class='ocrx_word' id='word_1_262' title='bbox 841 1970 990 2001; x_wconf 72' lang='lat' dir='ltr'><strong>Guneus.</strong></span> <span class='ocrx_word' id='word_1_263' title='bbox 1005 1973 1041 1999; x_wconf 83' lang='lat' dir='ltr'><strong>et</strong></span> <span class='ocrx_word' id='word_1_264' title='bbox 1057 1969 1168 1999; x_wconf 80' lang='lat' dir='ltr'><strong>Graev.</strong></span> <span class='ocrx_word' id='word_1_265' title='bbox 1182 1977 1202 1999; x_wconf 85' lang='lat' dir='ltr'><strong>a</strong></span> <span class='ocrx_word' id='word_1_266' title='bbox 1216 1979 1260 2000; x_wconf 89' lang='lat' dir='ltr'><strong>m.</strong></span> <span class='ocrx_word' id='word_1_267' title='bbox 1283 1979 1335 2010; x_wconf 83' lang='lat' dir='ltr'><strong>pr.</strong></span> <span class='ocrx_word' id='word_1_268' title='bbox 1361 1973 1397 2000; x_wconf 86' lang='lat' dir='ltr'><strong>et</strong></span> <span class='ocrx_word' id='word_1_269' title='bbox 1418 1969 1622 2000; x_wconf 67' lang='lat' dir='ltr'><strong>Boeben—9</strong></span> <span class='ocrx_word' id='word_1_270' title='bbox 1644 1967 1739 1998; x_wconf 82' lang='lat' dir='ltr'><strong>Harl.</strong></span> <span class='ocrx_word' id='word_1_271' title='bbox 1757 1968 1786 1996; x_wconf 90' lang='grc'><strong>1.</strong></span> <span class='ocrx_word' id='word_1_272' title='bbox 1798 1968 1830 1996; x_wconf 76' lang='lat'><strong>2.</strong></span> 
     </span>
    </p>
   </div>
   <div class='ocr_carea' id='block_1_9' title="bbox 1057 2051 1193 2082">
    <p class='ocr_par' dir='ltr' id='par_1_11' title="bbox 1057 2051 1193 2082">
     <span class='ocr_line' id='line_1_30' title="bbox 1057 2051 1193 2082; baseline 0 0"><span class='ocrx_word' id='word_1_273' title='bbox 1057 2051 1193 2082; x_wconf 81' lang='lat' dir='ltr'>NOTAE</span> 
     </span>
    </p>
   </div>
   <div class='ocr_carea' id='block_1_10' title="bbox 414 2113 1105 2786">
    <p class='ocr_par' dir='ltr' id='par_1_12' title="bbox 454 2113 968 2146">
     <span class='ocr_line' id='line_1_31' title="bbox 454 2113 968 2146; baseline -0.004 0"><span class='ocrx_word' id='word_1_274' title='bbox 454 2116 602 2146; x_wconf 79' lang='lat' dir='ltr'><strong>Mettum</strong></span> <span class='ocrx_word' id='word_1_275' title='bbox 619 2114 727 2146; x_wconf 84' lang='lat' dir='ltr'><strong>simile</strong></span> <span class='ocrx_word' id='word_1_276' title='bbox 742 2118 794 2145; x_wconf 82' lang='lat' dir='ltr'><strong>est</strong></span> <span class='ocrx_word' id='word_1_277' title='bbox 811 2123 836 2145; x_wconf 90' lang='lat'><strong>1.</strong></span> <span class='ocrx_word' id='word_1_278' title='bbox 854 2113 921 2144; x_wconf 91' lang='lat' dir='ltr'><strong>Od.</strong></span> <span class='ocrx_word' id='word_1_279' title='bbox 935 2115 968 2144; x_wconf 84' lang='grc'><strong>7.</strong></span> 
     </span>
    </p>

    <p class='ocr_par' dir='ltr' id='par_1_13' title="bbox 414 2161 1097 2251">
     <span class='ocr_line' id='line_1_32' title="bbox 457 2161 1097 2202; baseline -0.005 -8"><span class='ocrx_word' id='word_1_280' title='bbox 457 2166 474 2193; x_wconf 90' lang='lat' dir='ltr'><strong>l</strong></span> <span class='ocrx_word' id='word_1_281' title='bbox 501 2164 584 2198; x_wconf 80' lang='lat' dir='ltr'><strong>Quid</strong></span> <span class='ocrx_word' id='word_1_282' title='bbox 598 2163 655 2194; x_wconf 83' lang='lat' dir='ltr'><strong>tibi</strong></span> <span class='ocrx_word' id='word_1_283' title='bbox 669 2163 731 2202; x_wconf 74' lang='lat' dir='ltr'><strong>vis]</strong></span> <span class='ocrx_word' id='word_1_284' title='bbox 752 2163 840 2194; x_wconf 83' lang='lat' dir='ltr'><strong>Vide</strong></span> <span class='ocrx_word' id='word_1_285' title='bbox 861 2162 942 2193; x_wconf 89' lang='lat' dir='ltr'><strong>Not.</strong></span> <span class='ocrx_word' id='word_1_286' title='bbox 967 2161 1008 2192; x_wconf 79' lang='lat' dir='ltr'><strong>ad</strong></span> <span class='ocrx_word' id='word_1_287' title='bbox 1030 2161 1097 2192; x_wconf 84' lang='lat' dir='ltr'><strong>cal-</strong></span> 
     </span>
     <span class='ocr_line' id='line_1_33' title="bbox 414 2211 712 2251; baseline 0.003 -10"><span class='ocrx_word' id='word_1_288' title='bbox 414 2220 487 2242; x_wconf 89' lang='lat' dir='ltr'><strong>cem</strong></span> <span class='ocrx_word' id='word_1_289' title='bbox 505 2211 612 2251; x_wconf 81' lang='lat' dir='ltr'><strong>Epod.</strong></span> <span class='ocrx_word' id='word_1_290' title='bbox 630 2220 712 2242; x_wconf 69' lang='lat' dir='ltr'><strong>vin.</strong></span> 
     </span>
    </p>

    <p class='ocr_par' dir='ltr' id='par_1_14' title="bbox 416 2258 1105 2786">
     <span class='ocr_line' id='line_1_34' title="bbox 457 2258 1098 2299; baseline -0.005 -8"><span class='ocrx_word' id='word_1_291' title='bbox 457 2259 655 2298; x_wconf 62' lang='lat' dir='ltr'><strong>Dignissimis</strong></span> <span class='ocrx_word' id='word_1_292' title='bbox 682 2259 795 2299; x_wconf 71' lang='lat' dir='ltr'><strong>barris]</strong></span> <span class='ocrx_word' id='word_1_293' title='bbox 841 2259 952 2299; x_wconf 78' lang='lat' dir='ltr'><strong>Digna</strong></span> <span class='ocrx_word' id='word_1_294' title='bbox 981 2258 1098 2290; x_wconf 86' lang='lat' dir='ltr'><strong>mulier</strong></span> 
     </span>
     <span class='ocr_line' id='line_1_35' title="bbox 416 2307 1100 2346; baseline -0.003 -7"><span class='ocrx_word' id='word_1_295' title='bbox 416 2308 619 2339; x_wconf 79' lang='lat' dir='ltr'><strong>amatoribus</strong></span> <span class='ocrx_word' id='word_1_296' title='bbox 645 2308 786 2338; x_wconf 82' lang='lat' dir='ltr'><strong>sordidis</strong></span> <span class='ocrx_word' id='word_1_297' title='bbox 816 2318 854 2339; x_wconf 86' lang='lat' dir='ltr'><strong>ac</strong></span> <span class='ocrx_word' id='word_1_298' title='bbox 883 2307 1100 2346; x_wconf 82' lang='lat' dir='ltr'><strong>deformibus,</strong></span> 
     </span>
     <span class='ocr_line' id='line_1_36' title="bbox 416 2356 1099 2398; baseline -0.003 -11"><span class='ocrx_word' id='word_1_299' title='bbox 416 2357 531 2398; x_wconf 79' lang='lat' dir='ltr'><strong>quales</strong></span> <span class='ocrx_word' id='word_1_300' title='bbox 556 2356 657 2397; x_wconf 84' lang='lat' dir='ltr'><strong>barri,</strong></span> <span class='ocrx_word' id='word_1_301' title='bbox 678 2366 737 2387; x_wconf 80' lang='lat' dir='ltr'><strong>seu</strong></span> <span class='ocrx_word' id='word_1_302' title='bbox 757 2356 859 2396; x_wconf 81' lang='lat' dir='ltr'><strong>bajuli</strong></span> <span class='ocrx_word' id='word_1_303' title='bbox 886 2357 954 2386; x_wconf 81' lang='lat' dir='ltr'><strong>sole</strong></span> <span class='ocrx_word' id='word_1_304' title='bbox 977 2356 1099 2394; x_wconf 81' lang='lat' dir='ltr'><strong>adusti,</strong></span> 
     </span>
     <span class='ocr_line' id='line_1_37' title="bbox 418 2405 1099 2446; baseline -0.006 -9"><span class='ocrx_word' id='word_1_305' title='bbox 418 2406 557 2446; x_wconf 81' lang='lat' dir='ltr'><strong>stupidi,</strong></span> <span class='ocrx_word' id='word_1_306' title='bbox 580 2406 744 2446; x_wconf 84' lang='lat' dir='ltr'><strong>impoliti:</strong></span> <span class='ocrx_word' id='word_1_307' title='bbox 769 2406 820 2436; x_wconf 85' lang='lat' dir='ltr'><strong>vel</strong></span> <span class='ocrx_word' id='word_1_308' title='bbox 844 2405 1005 2435; x_wconf 82' lang='lat' dir='ltr'><strong>similibus</strong></span> <span class='ocrx_word' id='word_1_309' title='bbox 1031 2405 1099 2434; x_wconf 89' lang='lat' dir='ltr'><strong>ele-</strong></span> 
     </span>
     <span class='ocr_line' id='line_1_38' title="bbox 419 2453 1100 2495; baseline -0.003 -10"><span class='ocrx_word' id='word_1_310' title='bbox 419 2455 562 2495; x_wconf 71' lang='lat' dir='ltr'><strong>phanti5‚</strong></span> <span class='ocrx_word' id='word_1_311' title='bbox 575 2455 629 2495; x_wconf 85' lang='lat' dir='ltr'><strong>qui</strong></span> <span class='ocrx_word' id='word_1_312' title='bbox 646 2458 654 2471; x_wconf 86' lang='lat'>‘</span> <span class='ocrx_word' id='word_1_313' title='bbox 663 2454 764 2485; x_wconf 88' lang='lat' dir='ltr'><strong>odore</strong></span> <span class='ocrx_word' id='word_1_314' title='bbox 776 2463 903 2494; x_wconf 79' lang='lat' dir='ltr'><strong>graves,</strong></span> <span class='ocrx_word' id='word_1_315' title='bbox 915 2453 1021 2484; x_wconf 76' lang='lat' dir='ltr'><strong>forma</strong></span> <span class='ocrx_word' id='word_1_316' title='bbox 1033 2458 1100 2484; x_wconf 84' lang='lat' dir='ltr'><strong>tru-</strong></span> 
     </span>
     <span class='ocr_line' id='line_1_39' title="bbox 419 2502 1099 2541; baseline -0.003 -7"><span class='ocrx_word' id='word_1_317' title='bbox 419 2513 488 2541; x_wconf 87' lang='lat' dir='ltr'><strong>ces,</strong></span> <span class='ocrx_word' id='word_1_318' title='bbox 504 2503 590 2534; x_wconf 86' lang='lat' dir='ltr'><strong>mole</strong></span> <span class='ocrx_word' id='word_1_319' title='bbox 607 2503 792 2534; x_wconf 84' lang='lat' dir='ltr'><strong>terribiles.’</strong></span> <span class='ocrx_word' id='word_1_320' title='bbox 833 2502 918 2533; x_wconf 86' lang='lat' dir='ltr'><strong>Vide</strong></span> <span class='ocrx_word' id='word_1_321' title='bbox 935 2511 961 2533; x_wconf 85' lang='lat'><strong>1.</strong></span> <span class='ocrx_word' id='word_1_322' title='bbox 983 2502 1054 2532; x_wconf 86' lang='lat' dir='ltr'><strong>Sat.</strong></span> <span class='ocrx_word' id='word_1_323' title='bbox 1069 2504 1099 2532; x_wconf 84' lang='grc'><strong>4.</strong></span> 
     </span>
     <span class='ocr_line' id='line_1_40' title="bbox 420 2548 1103 2589; baseline -0.006 -6"><span class='ocrx_word' id='word_1_324' title='bbox 420 2553 503 2583; x_wconf 88' lang='lat' dir='ltr'><strong>Not.</strong></span> <span class='ocrx_word' id='word_1_325' title='bbox 520 2551 562 2582; x_wconf 85' lang='lat' dir='ltr'><strong>ad</strong></span> <span class='ocrx_word' id='word_1_326' title='bbox 579 2552 659 2582; x_wconf 77' lang='lat' dir='ltr'><strong>istas</strong></span> <span class='ocrx_word' id='word_1_327' title='bbox 674 2560 791 2582; x_wconf 78' lang='lat' dir='ltr'><strong>voces:</strong></span> <span class='ocrx_word' id='word_1_328' title='bbox 815 2551 824 2568; x_wconf 89' lang='lat'>‘</span> <span class='ocrx_word' id='word_1_329' title='bbox 841 2551 963 2580; x_wconf 80' lang='lat' dir='ltr'><strong>Barrus</strong></span> <span class='ocrx_word' id='word_1_330' title='bbox 985 2548 1103 2589; x_wconf 84' lang='lat' dir='ltr'><strong>inops.&#39;</strong></span> 
     </span>
     <span class='ocr_line' id='line_1_41' title="bbox 421 2598 1105 2640; baseline -0.006 -9"><span class='ocrx_word' id='word_1_331' title='bbox 421 2602 527 2631; x_wconf 85' lang='lat' dir='ltr'><strong>Porro</strong></span> <span class='ocrx_word' id='word_1_332' title='bbox 543 2601 678 2640; x_wconf 81' lang='lat' dir='ltr'><strong>elephas</strong></span> <span class='ocrx_word' id='word_1_333' title='bbox 699 2600 824 2630; x_wconf 84' lang='lat' dir='ltr'><strong>dicitur</strong></span> <span class='ocrx_word' id='word_1_334' title='bbox 840 2599 958 2630; x_wconf 82' lang='lat' dir='ltr'><strong>barrus</strong></span> <span class='ocrx_word' id='word_1_335' title='bbox 973 2598 1016 2628; x_wconf 90' lang='lat' dir='ltr'><strong>ob</strong></span> <span class='ocrx_word' id='word_1_336' title='bbox 1032 2607 1105 2638; x_wconf 84' lang='lat' dir='ltr'><strong>gra-</strong></span> 
     </span>
     <span class='ocr_line' id='line_1_42' title="bbox 422 2647 1104 2688; baseline -0.006 -10"><span class='ocrx_word' id='word_1_337' title='bbox 422 2650 568 2684; x_wconf 82' lang='lat' dir='ltr'><strong>vitatem,</strong></span> <span class='ocrx_word' id='word_1_338' title='bbox 578 2650 699 2680; x_wconf 85' lang='lat' dir='ltr'><strong>Graece</strong></span> <span class='ocrx_word' id='word_1_339' title='bbox 710 2647 802 2688; x_wconf 78' lang='grc' dir='ltr'>βάρος</span> <span class='ocrx_word' id='word_1_340' title='bbox 813 2658 822 2685; x_wconf 87' lang='lat'>;</span> <span class='ocrx_word' id='word_1_341' title='bbox 838 2657 912 2678; x_wconf 83' lang='lat' dir='ltr'><strong>nam</strong></span> <span class='ocrx_word' id='word_1_342' title='bbox 926 2647 1013 2677; x_wconf 84' lang='lat' dir='ltr'><strong>iuter</strong></span> <span class='ocrx_word' id='word_1_343' title='bbox 1025 2655 1104 2686; x_wconf 87' lang='lat' dir='ltr'><strong>qua-</strong></span> 
     </span>
     <span class='ocr_line' id='line_1_43' title="bbox 421 2695 1102 2736; baseline -0.003 -11"><span class='ocrx_word' id='word_1_344' title='bbox 421 2696 588 2736; x_wconf 86' lang='lat' dir='ltr'><strong>drupedes</strong></span> <span class='ocrx_word' id='word_1_345' title='bbox 609 2697 692 2727; x_wconf 89' lang='lat' dir='ltr'><strong>mole</strong></span> <span class='ocrx_word' id='word_1_346' title='bbox 716 2701 877 2736; x_wconf 83' lang='lat' dir='ltr'><strong>praestat:</strong></span> <span class='ocrx_word' id='word_1_347' title='bbox 900 2695 952 2725; x_wconf 89' lang='lat' dir='ltr'><strong>vel</strong></span> <span class='ocrx_word' id='word_1_348' title='bbox 975 2704 995 2724; x_wconf 79' lang='lat' dir='ltr'><strong>a</strong></span> <span class='ocrx_word' id='word_1_349' title='bbox 1019 2703 1102 2724; x_wconf 84' lang='lat' dir='ltr'><strong>voce</strong></span> 
     </span>
     <span class='ocr_line' id='line_1_44' title="bbox 421 2742 1102 2786; baseline -0.003 -11"><span class='ocrx_word' id='word_1_350' title='bbox 421 2745 488 2784; x_wconf 79' lang='lat' dir='ltr'><strong>bar,</strong></span> <span class='ocrx_word' id='word_1_351' title='bbox 502 2754 575 2785; x_wconf 86' lang='lat' dir='ltr'><strong>quae</strong></span> <span class='ocrx_word' id='word_1_352' title='bbox 590 2746 599 2763; x_wconf 86' lang='lat'>‘</span> <span class='ocrx_word' id='word_1_353' title='bbox 610 2745 834 2786; x_wconf 83' lang='lat' dir='ltr'><strong>peregrinum&#39;</strong></span> <span class='ocrx_word' id='word_1_354' title='bbox 851 2742 1031 2784; x_wconf 78' lang='lat' dir='ltr'><strong>signifieat:</strong></span> <span class='ocrx_word' id='word_1_355' title='bbox 1051 2742 1102 2773; x_wconf 91' lang='lat' dir='ltr'><strong>vel</strong></span> 
     </span>
    </p>
   </div>
   <div class='ocr_carea' id='block_1_11' title="bbox 1148 2110 1834 2780">
    <p class='ocr_par' dir='ltr' id='par_1_15' title="bbox 1148 2110 1833 2241">
     <span class='ocr_line' id='line_1_45' title="bbox 1149 2110 1832 2155; baseline -0.006 -11"><span class='ocrx_word' id='word_1_356' title='bbox 1149 2123 1168 2144; x_wconf 88' lang='lat' dir='ltr'>a</span> <span class='ocrx_word' id='word_1_357' title='bbox 1183 2122 1265 2144; x_wconf 91' lang='lat' dir='ltr'><strong>voce</strong></span> <span class='ocrx_word' id='word_1_358' title='bbox 1280 2113 1363 2144; x_wconf 74' lang='lat' dir='ltr'><strong>heim</strong></span> <span class='ocrx_word' id='word_1_359' title='bbox 1378 2123 1452 2155; x_wconf 86' lang='lat' dir='ltr'><strong>quae</strong></span> <span class='ocrx_word' id='word_1_360' title='bbox 1469 2112 1555 2144; x_wconf 82' lang='lat' dir='ltr'><strong>idem</strong></span> <span class='ocrx_word' id='word_1_361' title='bbox 1571 2110 1658 2152; x_wconf 84' lang='lat' dir='ltr'><strong>quod</strong></span> <span class='ocrx_word' id='word_1_362' title='bbox 1676 2110 1832 2141; x_wconf 72' lang='lat' dir='ltr'><strong>behemoth</strong></span> 
     </span>
     <span class='ocr_line' id='line_1_46' title="bbox 1148 2159 1833 2205; baseline -0.006 -13"><span class='ocrx_word' id='word_1_363' title='bbox 1148 2161 1315 2192; x_wconf 72' lang='lat' dir='ltr'><strong>Hebraico</strong></span> <span class='ocrx_word' id='word_1_364' title='bbox 1341 2161 1522 2205; x_wconf 83' lang='lat' dir='ltr'><strong>significat,</strong></span> <span class='ocrx_word' id='word_1_365' title='bbox 1542 2161 1670 2192; x_wconf 90' lang='lat' dir='ltr'><strong>scilicet</strong></span> <span class='ocrx_word' id='word_1_366' title='bbox 1690 2159 1701 2176; x_wconf 91' lang='lat'>‘</span> <span class='ocrx_word' id='word_1_367' title='bbox 1717 2159 1833 2199; x_wconf 81' lang='lat' dir='ltr'><strong>ingen-</strong></span> 
     </span>
     <span class='ocr_line' id='line_1_47' title="bbox 1148 2210 1585 2241; baseline 0.002 0"><span class='ocrx_word' id='word_1_368' title='bbox 1148 2214 1216 2241; x_wconf 89' lang='lat' dir='ltr'><strong>tem</strong></span> <span class='ocrx_word' id='word_1_369' title='bbox 1233 2210 1394 2241; x_wconf 72' lang='lat' dir='ltr'><strong>bestiam.¹</strong></span> <span class='ocrx_word' id='word_1_370' title='bbox 1583 2221 1585 2223; x_wconf 78' lang='grc'><strong>’</strong></span> 
     </span>
    </p>

    <p class='ocr_par' dir='ltr' id='par_1_16' title="bbox 1151 2253 1833 2394">
     <span class='ocr_line' id='line_1_48' title="bbox 1192 2253 1833 2297; baseline -0.008 -9"><span class='ocrx_word' id='word_1_371' title='bbox 1192 2260 1211 2288; x_wconf 78' lang='lat'>3</span> <span class='ocrx_word' id='word_1_372' title='bbox 1236 2257 1332 2288; x_wconf 74' lang='lat' dir='ltr'><strong>Naris</strong></span> <span class='ocrx_word' id='word_1_373' title='bbox 1357 2257 1467 2297; x_wconf 78' lang='lat' dir='ltr'><strong>obesoe]</strong></span> <span class='ocrx_word' id='word_1_374' title='bbox 1503 2257 1553 2287; x_wconf 87' lang='lat' dir='ltr'><strong>Ex</strong></span> <span class='ocrx_word' id='word_1_375' title='bbox 1580 2254 1717 2286; x_wconf 73' lang='lat' dir='ltr'><strong>Aristot.</strong></span> <span class='ocrx_word' id='word_1_376' title='bbox 1744 2253 1833 2293; x_wconf 77' lang='lat' dir='ltr'><strong>Phy-</strong></span> 
     </span>
     <span class='ocr_line' id='line_1_49' title="bbox 1151 2302 1832 2347; baseline -0.006 -11"><span class='ocrx_word' id='word_1_377' title='bbox 1151 2306 1254 2347; x_wconf 86' lang='lat' dir='ltr'><strong>siogn.</strong></span> <span class='ocrx_word' id='word_1_378' title='bbox 1268 2315 1343 2346; x_wconf 82' lang='lat' dir='ltr'><strong>cap.</strong></span> <span class='ocrx_word' id='word_1_379' title='bbox 1359 2308 1390 2335; x_wconf 87' lang='grc'><strong>6.</strong></span> <span class='ocrx_word' id='word_1_380' title='bbox 1416 2306 1426 2322; x_wconf 87' lang='lat'>‘</span> <span class='ocrx_word' id='word_1_381' title='bbox 1439 2305 1505 2337; x_wconf 84' lang='lat' dir='ltr'><strong>Qui</strong></span> <span class='ocrx_word' id='word_1_382' title='bbox 1521 2312 1635 2335; x_wconf 76' lang='lat' dir='ltr'><strong>nusum</strong></span> <span class='ocrx_word' id='word_1_383' title='bbox 1648 2302 1777 2334; x_wconf 55' lang='lat' dir='ltr'><strong>&#39;habent</strong></span> <span class='ocrx_word' id='word_1_384' title='bbox 1797 2302 1832 2333; x_wconf 91' lang='lat' dir='ltr'><strong>in</strong></span> 
     </span>
     <span class='ocr_line' id='line_1_50' title="bbox 1153 2351 1748 2394; baseline -0.008 -8"><span class='ocrx_word' id='word_1_385' title='bbox 1153 2364 1279 2386; x_wconf 80' lang='lat' dir='ltr'><strong>summo</strong></span> <span class='ocrx_word' id='word_1_386' title='bbox 1293 2363 1451 2394; x_wconf 79' lang='lat' dir='ltr'><strong>crassum,</strong></span> <span class='ocrx_word' id='word_1_387' title='bbox 1468 2354 1491 2384; x_wconf 89' lang='lat' dir='ltr'><strong>ii</strong></span> <span class='ocrx_word' id='word_1_388' title='bbox 1506 2351 1633 2392; x_wconf 82' lang='lat' dir='ltr'><strong>stupidi</strong></span> <span class='ocrx_word' id='word_1_389' title='bbox 1649 2351 1748 2382; x_wconf 63' lang='lat' dir='ltr'><strong>sunt!</strong></span> 
     </span>
    </p>

    <p class='ocr_par' dir='ltr' id='par_1_17' title="bbox 1152 2398 1834 2578">
     <span class='ocr_line' id='line_1_51' title="bbox 1193 2398 1832 2444; baseline -0.009 -9"><span class='ocrx_word' id='word_1_390' title='bbox 1193 2408 1211 2434; x_wconf 85' lang='lat'>5</span> <span class='ocrx_word' id='word_1_391' title='bbox 1236 2403 1384 2444; x_wconf 76' lang='lat' dir='ltr'><strong>Polypus]</strong></span> <span class='ocrx_word' id='word_1_392' title='bbox 1408 2403 1467 2433; x_wconf 76' lang='lat' dir='ltr'><strong>Est</strong></span> <span class='ocrx_word' id='word_1_393' title='bbox 1479 2401 1612 2432; x_wconf 79' lang='lat' dir='ltr'><strong>morbus</strong></span> <span class='ocrx_word' id='word_1_394' title='bbox 1627 2399 1756 2430; x_wconf 82' lang='lat' dir='ltr'><strong>narium</strong></span> <span class='ocrx_word' id='word_1_395' title='bbox 1771 2398 1832 2430; x_wconf 88' lang='lat' dir='ltr'><strong>foe-</strong></span> 
     </span>
     <span class='ocr_line' id='line_1_52' title="bbox 1152 2447 1834 2489; baseline -0.007 -7"><span class='ocrx_word' id='word_1_396' title='bbox 1152 2451 1260 2482; x_wconf 81' lang='lat' dir='ltr'><strong>tidus:</strong></span> <span class='ocrx_word' id='word_1_397' title='bbox 1296 2451 1378 2489; x_wconf 83' lang='lat' dir='ltr'><strong>sive,</strong></span> <span class='ocrx_word' id='word_1_398' title='bbox 1406 2453 1458 2480; x_wconf 83' lang='lat' dir='ltr'><strong>est</strong></span> <span class='ocrx_word' id='word_1_399' title='bbox 1486 2448 1664 2479; x_wconf 75' lang='lat' dir='ltr'><strong>caruncula</strong></span> <span class='ocrx_word' id='word_1_400' title='bbox 1693 2447 1726 2478; x_wconf 88' lang='lat' dir='ltr'><strong>in</strong></span> <span class='ocrx_word' id='word_1_401' title='bbox 1754 2457 1834 2478; x_wconf 83' lang='lat' dir='ltr'><strong>naso</strong></span> 
     </span>
     <span class='ocr_line' id='line_1_53' title="bbox 1153 2496 1834 2539; baseline -0.004 -10"><span class='ocrx_word' id='word_1_402' title='bbox 1153 2498 1281 2539; x_wconf 76' lang='lat' dir='ltr'><strong>putida,</strong></span> <span class='ocrx_word' id='word_1_403' title='bbox 1309 2497 1561 2538; x_wconf 76' lang='lat' dir='ltr'><strong>respirationem</strong></span> <span class='ocrx_word' id='word_1_404' title='bbox 1584 2496 1774 2536; x_wconf 77' lang='lat' dir='ltr'><strong>obstruens,</strong></span> <span class='ocrx_word' id='word_1_405' title='bbox 1798 2500 1834 2526; x_wconf 88' lang='lat' dir='ltr'><strong>et</strong></span> 
     </span>
     <span class='ocr_line' id='line_1_54' title="bbox 1155 2545 1653 2578; baseline -0.004 0"><span class='ocrx_word' id='word_1_406' title='bbox 1155 2551 1277 2578; x_wconf 85' lang='lat' dir='ltr'><strong>tetrum</strong></span> <span class='ocrx_word' id='word_1_407' title='bbox 1289 2547 1445 2577; x_wconf 84' lang='lat' dir='ltr'><strong>emittens</strong></span> <span class='ocrx_word' id='word_1_408' title='bbox 1462 2545 1653 2576; x_wconf 81' lang='lat' dir='ltr'><strong>anhelitum.</strong></span> 
     </span>
    </p>

    <p class='ocr_par' dir='ltr' id='par_1_18' title="bbox 1157 2591 1833 2682">
     <span class='ocr_line' id='line_1_55' title="bbox 1198 2591 1833 2633; baseline -0.006 -7"><span class='ocrx_word' id='word_1_409' title='bbox 1198 2595 1313 2626; x_wconf 76' lang='lat' dir='ltr'><strong>Hircus</strong></span> <span class='ocrx_word' id='word_1_410' title='bbox 1336 2595 1370 2625; x_wconf 82' lang='lat' dir='ltr'><strong>in</strong></span> <span class='ocrx_word' id='word_1_411' title='bbox 1393 2593 1466 2633; x_wconf 81' lang='lat' dir='ltr'><strong>alis]</strong></span> <span class='ocrx_word' id='word_1_412' title='bbox 1500 2594 1634 2623; x_wconf 78' lang='lat' dir='ltr'><strong>Foetens</strong></span> <span class='ocrx_word' id='word_1_413' title='bbox 1659 2593 1775 2623; x_wconf 86' lang='lat' dir='ltr'><strong>humor</strong></span> <span class='ocrx_word' id='word_1_414' title='bbox 1799 2591 1833 2622; x_wconf 90' lang='lat' dir='ltr'><strong>in</strong></span> 
     </span>
     <span class='ocr_line' id='line_1_56' title="bbox 1157 2641 1820 2682; baseline -0.008 -8"><span class='ocrx_word' id='word_1_415' title='bbox 1157 2644 1276 2682; x_wconf 82' lang='lat' dir='ltr'><strong>axillis,</strong></span> <span class='ocrx_word' id='word_1_416' title='bbox 1293 2649 1358 2673; x_wconf 80' lang='lat' dir='ltr'><strong>tam</strong></span> <span class='ocrx_word' id='word_1_417' title='bbox 1374 2651 1473 2682; x_wconf 83' lang='lat' dir='ltr'><strong>grave</strong></span> <span class='ocrx_word' id='word_1_418' title='bbox 1489 2642 1580 2672; x_wconf 82' lang='lat' dir='ltr'><strong>olens</strong></span> <span class='ocrx_word' id='word_1_419' title='bbox 1593 2650 1688 2681; x_wconf 79' lang='lat' dir='ltr'><strong>quam</strong></span> <span class='ocrx_word' id='word_1_420' title='bbox 1702 2641 1820 2672; x_wconf 85' lang='lat' dir='ltr'><strong>hircus.</strong></span> 
     </span>
    </p>

    <p class='ocr_par' dir='ltr' id='par_1_19' title="bbox 1157 2689 1833 2780">
     <span class='ocr_line' id='line_1_57' title="bbox 1196 2689 1833 2730; baseline -0.006 -7"><span class='ocrx_word' id='word_1_421' title='bbox 1196 2695 1216 2723; x_wconf 82' lang='grc'><strong>7</strong></span> <span class='ocrx_word' id='word_1_422' title='bbox 1240 2692 1318 2727; x_wconf 79' lang='lat' dir='ltr'><strong>Quis</strong></span> <span class='ocrx_word' id='word_1_423' title='bbox 1335 2692 1438 2730; x_wconf 74' lang='lat' dir='ltr'><strong>sudor,</strong></span> <span class='ocrx_word' id='word_1_424' title='bbox 1453 2690 1520 2730; x_wconf 62' lang='lat' dir='ltr'><strong>Bra]</strong></span> <span class='ocrx_word' id='word_1_425' title='bbox 1543 2690 1704 2730; x_wconf 81' lang='lat' dir='ltr'><strong>Loquitur</strong></span> <span class='ocrx_word' id='word_1_426' title='bbox 1726 2689 1833 2720; x_wconf 77' lang='lat' dir='ltr'><strong>Hora-</strong></span> 
     </span>
     <span class='ocr_line' id='line_1_58' title="bbox 1157 2737 1833 2780; baseline -0.006 -8"><span class='ocrx_word' id='word_1_427' title='bbox 1157 2741 1241 2772; x_wconf 85' lang='lat' dir='ltr'><strong>tius:</strong></span> <span class='ocrx_word' id='word_1_428' title='bbox 1267 2740 1297 2771; x_wconf 96' lang='grc' dir='ltr'>Ο</span> <span class='ocrx_word' id='word_1_429' title='bbox 1309 2749 1404 2780; x_wconf 75' lang='lat' dir='ltr'><strong>quam</strong></span> <span class='ocrx_word' id='word_1_430' title='bbox 1422 2739 1531 2779; x_wconf 82' lang='lat' dir='ltr'><strong>gravis</strong></span> <span class='ocrx_word' id='word_1_431' title='bbox 1547 2738 1641 2779; x_wconf 86' lang='lat' dir='ltr'><strong>odor,</strong></span> <span class='ocrx_word' id='word_1_432' title='bbox 1656 2743 1692 2769; x_wconf 87' lang='lat' dir='ltr'><strong>et</strong></span> <span class='ocrx_word' id='word_1_433' title='bbox 1707 2737 1833 2769; x_wconf 75' lang='lat' dir='ltr'><strong>foeteris</strong></span> 
     </span>
    </p>
   </div>
  </div>
 </body>
</html>
