<?xml version="1.0" encoding="UTF-8"?>
<!DOCTYPE html PUBLIC "-//W3C//DTD XHTML 1.0 Transitional//EN"
    "http://www.w3.org/TR/xhtml1/DTD/xhtml1-transitional.dtd">
<html xmlns="http://www.w3.org/1999/xhtml" xml:lang="en" lang="en">
 <head>
  <title>
</title>
<meta http-equiv="Content-Type" content="text/html;charset=utf-8" />
  <meta name='ocr-system' content='tesseract 3.04.00' />
  <meta name='ocr-capabilities' content='ocr_page ocr_carea ocr_par ocr_line ocrx_word'/>
</head>
<body>
  <div class='ocr_page' id='page_1' title='image "./operazeune02horauoft_0256.png"; bbox 0 0 1904 3256; ppageno 0'>
   <div class='ocr_carea' id='block_1_1' title="bbox 347 303 1289 350">
    <p class='ocr_par' dir='ltr' id='par_1_1' title="bbox 347 303 1289 350">
     <span class='ocr_line' id='line_1_1' title="bbox 347 303 1289 350; baseline -0.01 -5"><span class='ocrx_word' id='word_1_1' title='bbox 347 303 430 345; x_wconf 80' lang='lat'><strong>796</strong></span> <span class='ocrx_word' id='word_1_2' title='bbox 809 316 850 350; x_wconf 86' lang='lat' dir='ltr'><strong>Q.</strong></span> <span class='ocrx_word' id='word_1_3' title='bbox 885 310 1085 341; x_wconf 59' lang='lat' dir='ltr'><strong>fromarii</strong></span> <span class='ocrx_word' id='word_1_4' title='bbox 1122 307 1289 338; x_wconf 68' lang='lat' dir='ltr'><strong>vnAccr</strong></span> 
     </span>
    </p>
   </div>
   <div class='ocr_carea' id='block_1_2' title="bbox 348 400 1756 780">
    <p class='ocr_par' dir='ltr' id='par_1_2' title="bbox 348 400 1420 456">
     <span class='ocr_line' id='line_1_2' title="bbox 348 400 1420 456; baseline -0.007 -7"><span class='ocrx_word' id='word_1_5' title='bbox 348 408 411 449; x_wconf 90' lang='lat' dir='ltr'><strong>Ut</strong></span> <span class='ocrx_word' id='word_1_6' title='bbox 427 407 586 448; x_wconf 84' lang='lat' dir='ltr'><strong>nudam</strong></span> <span class='ocrx_word' id='word_1_7' title='bbox 603 419 613 456; x_wconf 90' lang='grc'>;</span> <span class='ocrx_word' id='word_1_8' title='bbox 642 418 693 445; x_wconf 84' lang='lat' dir='ltr'><strong>ne</strong></span> <span class='ocrx_word' id='word_1_9' title='bbox 713 415 833 443; x_wconf 87' lang='lat' dir='ltr'><strong>crure</strong></span> <span class='ocrx_word' id='word_1_10' title='bbox 853 402 982 450; x_wconf 86' lang='lat' dir='ltr'><strong>malo,</strong></span> <span class='ocrx_word' id='word_1_11' title='bbox 1001 413 1053 440; x_wconf 91' lang='lat' dir='ltr'><strong>ne</strong></span> <span class='ocrx_word' id='word_1_12' title='bbox 1075 401 1132 440; x_wconf 86' lang='lat' dir='ltr'><strong>sit</strong></span> <span class='ocrx_word' id='word_1_13' title='bbox 1149 400 1260 453; x_wconf 87' lang='lat' dir='ltr'><strong>pede</strong></span> <span class='ocrx_word' id='word_1_14' title='bbox 1278 401 1392 453; x_wconf 82' lang='lat' dir='ltr'><strong>turpi</strong></span> <span class='ocrx_word' id='word_1_15' title='bbox 1409 411 1420 451; x_wconf 88' lang='grc'><strong>;</strong></span> 
     </span>
    </p>

    <p class='ocr_par' dir='ltr' id='par_1_3' title="bbox 349 464 1349 524">
     <span class='ocr_line' id='line_1_3' title="bbox 349 464 1349 524; baseline -0.01 -9"><span class='ocrx_word' id='word_1_16' title='bbox 349 473 495 515; x_wconf 88' lang='lat' dir='ltr'><strong>Metiri</strong></span> <span class='ocrx_word' id='word_1_17' title='bbox 516 471 661 524; x_wconf 83' lang='lat' dir='ltr'><strong>possis</strong></span> <span class='ocrx_word' id='word_1_18' title='bbox 681 467 809 508; x_wconf 87' lang='lat' dir='ltr'><strong>oculo</strong></span> <span class='ocrx_word' id='word_1_19' title='bbox 826 467 958 506; x_wconf 83' lang='lat' dir='ltr'><strong>latus.</strong></span> <span class='ocrx_word' id='word_1_20' title='bbox 1016 464 1088 505; x_wconf 86' lang='lat' dir='ltr'><strong>An</strong></span> <span class='ocrx_word' id='word_1_21' title='bbox 1108 466 1186 506; x_wconf 90' lang='lat' dir='ltr'><strong>tibi</strong></span> <span class='ocrx_word' id='word_1_22' title='bbox 1211 466 1349 506; x_wconf 85' lang='lat' dir='ltr'><strong>mavis</strong></span> 
     </span>
    </p>

    <p class='ocr_par' dir='ltr' id='par_1_4' title="bbox 348 531 1288 585">
     <span class='ocr_line' id='line_1_4' title="bbox 348 531 1288 585; baseline -0.007 -6"><span class='ocrx_word' id='word_1_23' title='bbox 348 538 538 579; x_wconf 85' lang='lat' dir='ltr'>Insidias</span> <span class='ocrx_word' id='word_1_24' title='bbox 557 535 663 582; x_wconf 87' lang='lat' dir='ltr'><strong>fieri,</strong></span> <span class='ocrx_word' id='word_1_25' title='bbox 683 532 955 585; x_wconf 80' lang='lat' dir='ltr'><strong>pretiumque</strong></span> <span class='ocrx_word' id='word_1_26' title='bbox 976 531 1166 581; x_wconf 82' lang='lat' dir='ltr'><strong>avellier,</strong></span> <span class='ocrx_word' id='word_1_27' title='bbox 1186 536 1288 572; x_wconf 85' lang='lat' dir='ltr'><strong>ante</strong></span> 
     </span>
    </p>

    <p class='ocr_par' dir='ltr' id='par_1_5' title="bbox 351 596 1756 715">
     <span class='ocr_line' id='line_1_5' title="bbox 351 596 1756 653; baseline -0.004 -10"><span class='ocrx_word' id='word_1_28' title='bbox 351 604 496 653; x_wconf 85' lang='lat' dir='ltr'><strong>Quam</strong></span> <span class='ocrx_word' id='word_1_29' title='bbox 518 611 699 639; x_wconf 85' lang='lat' dir='ltr'>mercem</span> <span class='ocrx_word' id='word_1_30' title='bbox 719 597 918 637; x_wconf 65' lang='lat' dir='ltr'><strong>ostendi?</strong></span> <span class='ocrx_word' id='word_1_31' title='bbox 957 596 992 644; x_wconf 65' lang='grc' dir='ltr'><strong>ῚῙ</strong></span> <span class='ocrx_word' id='word_1_32' title='bbox 1010 600 1022 620; x_wconf 91' lang='lat'>‘</span> <span class='ocrx_word' id='word_1_33' title='bbox 1036 596 1246 649; x_wconf 76' lang='lat' dir='ltr'><strong>Leporem</strong></span> <span class='ocrx_word' id='word_1_34' title='bbox 1265 601 1442 638; x_wconf 82' lang='lat' dir='ltr'><strong>venator</strong></span> <span class='ocrx_word' id='word_1_35' title='bbox 1462 599 1511 637; x_wconf 88' lang='lat' dir='ltr'><strong>ut</strong></span> <span class='ocrx_word' id='word_1_36' title='bbox 1529 597 1619 637; x_wconf 85' lang='lat' dir='ltr'><strong>alta</strong></span> <span class='ocrx_word' id='word_1_37' title='bbox 1673 596 1756 638; x_wconf 82' lang='lat'><strong>105</strong></span> 
     </span>
     <span class='ocr_line' id='line_1_6' title="bbox 351 662 1384 715; baseline -0.005 -8"><span class='ocrx_word' id='word_1_38' title='bbox 351 668 405 707; x_wconf 91' lang='lat' dir='ltr'><strong>In</strong></span> <span class='ocrx_word' id='word_1_39' title='bbox 424 667 520 706; x_wconf 84' lang='lat' dir='ltr'><strong>nive</strong></span> <span class='ocrx_word' id='word_1_40' title='bbox 540 666 737 711; x_wconf 81' lang='lat' dir='ltr'><strong>sectetur,</strong></span> <span class='ocrx_word' id='word_1_41' title='bbox 757 662 944 715; x_wconf 88' lang='lat' dir='ltr'><strong>positum</strong></span> <span class='ocrx_word' id='word_1_42' title='bbox 965 662 1030 702; x_wconf 88' lang='lat' dir='ltr'><strong>sic</strong></span> <span class='ocrx_word' id='word_1_43' title='bbox 1049 666 1220 714; x_wconf 85' lang='lat' dir='ltr'><strong>tangere</strong></span> <span class='ocrx_word' id='word_1_44' title='bbox 1240 662 1346 703; x_wconf 87' lang='lat' dir='ltr'><strong>nolit</strong></span> <span class='ocrx_word' id='word_1_45' title='bbox 1361 662 1384 702; x_wconf 93' lang='lat'><strong>:&#39;</strong></span> 
     </span>
    </p>

    <p class='ocr_par' dir='ltr' id='par_1_6' title="bbox 351 727 1655 780">
     <span class='ocr_line' id='line_1_7' title="bbox 351 727 1655 780; baseline -0.003 -8"><span class='ocrx_word' id='word_1_46' title='bbox 351 732 524 778; x_wconf 85' lang='lat' dir='ltr'><strong>Cantat,</strong></span> <span class='ocrx_word' id='word_1_47' title='bbox 545 732 587 769; x_wconf 89' lang='lat' dir='ltr'><strong>et</strong></span> <span class='ocrx_word' id='word_1_48' title='bbox 605 729 800 780; x_wconf 82' lang='lat' dir='ltr'><strong>apponit,</strong></span> <span class='ocrx_word' id='word_1_49' title='bbox 832 731 844 749; x_wconf 91' lang='lat'>‘</span> <span class='ocrx_word' id='word_1_50' title='bbox 858 727 987 768; x_wconf 90' lang='lat' dir='ltr'><strong>Meus</strong></span> <span class='ocrx_word' id='word_1_51' title='bbox 1009 732 1076 769; x_wconf 89' lang='lat' dir='ltr'><strong>est</strong></span> <span class='ocrx_word' id='word_1_52' title='bbox 1094 740 1212 768; x_wconf 83' lang='lat' dir='ltr'><strong>amor</strong></span> <span class='ocrx_word' id='word_1_53' title='bbox 1229 728 1328 768; x_wconf 90' lang='lat' dir='ltr'><strong>huic</strong></span> <span class='ocrx_word' id='word_1_54' title='bbox 1346 728 1496 768; x_wconf 90' lang='lat' dir='ltr'><strong>similis</strong></span> <span class='ocrx_word' id='word_1_55' title='bbox 1513 741 1523 769; x_wconf 72' lang='grc' dir='ltr'><strong><em>ε</em></strong></span> <span class='ocrx_word' id='word_1_56' title='bbox 1553 739 1655 768; x_wconf 83' lang='lat' dir='ltr'><strong>nam</strong></span> 
     </span>
    </p>
   </div>
   <div class='ocr_carea' id='block_1_3' title="bbox 348 847 1764 1055">
    <p class='ocr_par' dir='ltr' id='par_1_7' title="bbox 348 847 1764 1055">
     <span class='ocr_line' id='line_1_8' title="bbox 354 847 1764 888; baseline 0 -10"><span class='ocrx_word' id='word_1_57' title='bbox 354 851 431 879; x_wconf 73' lang='lat' dir='ltr'><strong>Cous</strong></span> <span class='ocrx_word' id='word_1_58' title='bbox 445 849 524 878; x_wconf 82' lang='lat' dir='ltr'><strong>enim</strong></span> <span class='ocrx_word' id='word_1_59' title='bbox 539 851 636 879; x_wconf 71' lang='lat' dir='ltr'><strong>testes</strong></span> <span class='ocrx_word' id='word_1_60' title='bbox 645 848 715 879; x_wconf 81' lang='lat' dir='ltr'><strong>licet</strong></span> <span class='ocrx_word' id='word_1_61' title='bbox 732 848 790 879; x_wconf 77' lang='lat' dir='ltr'><strong>tibi</strong></span> <span class='ocrx_word' id='word_1_62' title='bbox 802 857 924 879; x_wconf 80' lang='lat' dir='ltr'><strong>cernere</strong></span> <span class='ocrx_word' id='word_1_63' title='bbox 938 848 1010 885; x_wconf 83' lang='lat' dir='ltr'><strong>sere</strong></span> <span class='ocrx_word' id='word_1_64' title='bbox 1028 847 1113 888; x_wconf 74' lang='lat' dir='ltr'><strong>quasi</strong></span> <span class='ocrx_word' id='word_1_65' title='bbox 1134 847 1267 885; x_wconf 58' lang='lat' dir='ltr'><strong>nudum}</strong></span> <span class='ocrx_word' id='word_1_66' title='bbox 1287 848 1315 878; x_wconf 79' lang='lat' dir='ltr'><strong>si</strong></span> <span class='ocrx_word' id='word_1_67' title='bbox 1322 858 1415 888; x_wconf 72' lang='lat' dir='ltr'><strong>prato</strong></span> <span class='ocrx_word' id='word_1_68' title='bbox 1429 850 1469 880; x_wconf 82' lang='lat' dir='ltr'><strong>sit</strong></span> <span class='ocrx_word' id='word_1_69' title='bbox 1488 858 1586 886; x_wconf 85' lang='lat' dir='ltr'><strong>crure,</strong></span> <span class='ocrx_word' id='word_1_70' title='bbox 1598 852 1653 880; x_wconf 76' lang='lat' dir='ltr'><strong>aut</strong></span> <span class='ocrx_word' id='word_1_71' title='bbox 1664 849 1764 888; x_wconf 77' lang='lat' dir='ltr'><strong>pede:</strong></span> 
     </span>
     <span class='ocr_line' id='line_1_9' title="bbox 348 889 1760 930; baseline -0.001 -11"><span class='ocrx_word' id='word_1_72' title='bbox 348 891 428 919; x_wconf 74' lang='lat' dir='ltr'><strong>lutus</strong></span> <span class='ocrx_word' id='word_1_73' title='bbox 439 891 531 920; x_wconf 77' lang='lat' dir='ltr'><strong>oculis</strong></span> <span class='ocrx_word' id='word_1_74' title='bbox 544 891 681 921; x_wconf 77' lang='lat' dir='ltr'><strong>dimetiri</strong></span> <span class='ocrx_word' id='word_1_75' title='bbox 690 900 790 928; x_wconf 77' lang='lat' dir='ltr'><strong>queas.</strong></span> <span class='ocrx_word' id='word_1_76' title='bbox 825 891 876 921; x_wconf 80' lang='lat' dir='ltr'><strong>An</strong></span> <span class='ocrx_word' id='word_1_77' title='bbox 890 899 958 920; x_wconf 82' lang='lat' dir='ltr'><strong>vero</strong></span> <span class='ocrx_word' id='word_1_78' title='bbox 971 890 1065 920; x_wconf 75' lang='lat' dir='ltr'><strong>maris</strong></span> <span class='ocrx_word' id='word_1_79' title='bbox 1075 889 1184 928; x_wconf 77' lang='lat' dir='ltr'><strong>decipi,</strong></span> <span class='ocrx_word' id='word_1_80' title='bbox 1197 893 1225 920; x_wconf 79' lang='lat' dir='ltr'><strong>et</strong></span> <span class='ocrx_word' id='word_1_81' title='bbox 1238 892 1398 921; x_wconf 80' lang='lat' dir='ltr'><strong><em>mercedem</em></strong></span> <span class='ocrx_word' id='word_1_82' title='bbox 1409 891 1465 921; x_wconf 82' lang='lat' dir='ltr'><strong>tibi</strong></span> <span class='ocrx_word' id='word_1_83' title='bbox 1477 891 1562 930; x_wconf 80' lang='lat' dir='ltr'><strong>prius</strong></span> <span class='ocrx_word' id='word_1_84' title='bbox 1574 889 1760 929; x_wconf 76' lang='lat' dir='ltr'><strong>extorqueri,</strong></span> 
     </span>
     <span class='ocr_line' id='line_1_10' title="bbox 349 931 1760 971; baseline 0 -11"><span class='ocrx_word' id='word_1_85' title='bbox 349 940 440 964; x_wconf 75' lang='lat' dir='ltr'><strong>quam</strong></span> <span class='ocrx_word' id='word_1_86' title='bbox 454 941 540 961; x_wconf 76' lang='lat' dir='ltr'><strong>merx</strong></span> <span class='ocrx_word' id='word_1_87' title='bbox 551 932 750 962; x_wconf 70' lang='lat' dir='ltr'><strong>exhibeatur?</strong></span> <span class='ocrx_word' id='word_1_88' title='bbox 792 931 916 962; x_wconf 78' lang='lat' dir='ltr'><strong>Ateuim</strong></span> <span class='ocrx_word' id='word_1_89' title='bbox 930 931 1067 961; x_wconf 79' lang='lat' dir='ltr'><strong>cantabis</strong></span> <span class='ocrx_word' id='word_1_90' title='bbox 1088 931 1163 960; x_wconf 70' lang='lat' dir='ltr'><strong>milti</strong></span> <span class='ocrx_word' id='word_1_91' title='bbox 1181 931 1284 961; x_wconf 76' lang='lat' dir='ltr'><strong>istud.-</strong></span> <span class='ocrx_word' id='word_1_92' title='bbox 1306 935 1340 961; x_wconf 82' lang='lat' dir='ltr'><strong>ut</strong></span> <span class='ocrx_word' id='word_1_93' title='bbox 1354 935 1479 962; x_wconf 78' lang='lat' dir='ltr'><strong>venator</strong></span> <span class='ocrx_word' id='word_1_94' title='bbox 1491 933 1618 971; x_wconf 82' lang='lat' dir='ltr'><strong>leporem</strong></span> <span class='ocrx_word' id='word_1_95' title='bbox 1631 931 1664 962; x_wconf 77' lang='lat' dir='ltr'><strong>in</strong></span> <span class='ocrx_word' id='word_1_96' title='bbox 1681 931 1760 961; x_wconf 70' lang='lat' dir='ltr'><strong>celsa</strong></span> 
     </span>
     <span class='ocr_line' id='line_1_11' title="bbox 350 972 1760 1012; baseline -0.001 -11"><span class='ocrx_word' id='word_1_97' title='bbox 350 972 418 1002; x_wconf 81' lang='lat' dir='ltr'><strong>nire</strong></span> <span class='ocrx_word' id='word_1_98' title='bbox 430 973 638 1012; x_wconf 70' lang='lat' dir='ltr'><strong>prosequitur:</strong></span> <span class='ocrx_word' id='word_1_99' title='bbox 661 973 830 1012; x_wconf 78' lang='lat' dir='ltr'><strong>appositum</strong></span> <span class='ocrx_word' id='word_1_100' title='bbox 843 982 913 1002; x_wconf 82' lang='lat' dir='ltr'><strong>vero</strong></span> <span class='ocrx_word' id='word_1_101' title='bbox 926 972 992 1002; x_wconf 73' lang='lat' dir='ltr'><strong>sine</strong></span> <span class='ocrx_word' id='word_1_102' title='bbox 1002 972 1102 1002; x_wconf 79' lang='lat' dir='ltr'><strong>labore</strong></span> <span class='ocrx_word' id='word_1_103' title='bbox 1113 982 1167 1002; x_wconf 84' lang='lat' dir='ltr'><strong>nec</strong></span> <span class='ocrx_word' id='word_1_104' title='bbox 1176 972 1329 1010; x_wconf 80' lang='lat' dir='ltr'><strong>attingere</strong></span> <span class='ocrx_word' id='word_1_105' title='bbox 1339 973 1498 1010; x_wconf 80' lang='lat' dir='ltr'><strong>dignatur.</strong></span> <span class='ocrx_word' id='word_1_106' title='bbox 1534 973 1626 1012; x_wconf 81' lang='lat' dir='ltr'><strong>Capit</strong></span> <span class='ocrx_word' id='word_1_107' title='bbox 1638 975 1739 1002; x_wconf 79' lang='lat' dir='ltr'><strong>autem</strong></span> <span class='ocrx_word' id='word_1_108' title='bbox 1749 981 1760 1006; x_wconf 83' lang='lat'><strong>,-</strong></span> 
     </span>
     <span class='ocr_line' id='line_1_12' title="bbox 350 1012 1761 1055; baseline -0.001 -12"><span class='ocrx_word' id='word_1_109' title='bbox 350 1016 380 1043; x_wconf 79' lang='lat' dir='ltr'><strong>et</strong></span> <span class='ocrx_word' id='word_1_110' title='bbox 389 1013 524 1052; x_wconf 79' lang='lat' dir='ltr'><strong>jucunde</strong></span> <span class='ocrx_word' id='word_1_111' title='bbox 538 1017 601 1044; x_wconf 82' lang='lat' dir='ltr'><strong>tum</strong></span> <span class='ocrx_word' id='word_1_112' title='bbox 615 1014 751 1055; x_wconf 77' lang='lat' dir='ltr'><strong>apponit.</strong></span> <span class='ocrx_word' id='word_1_113' title='bbox 794 1014 880 1044; x_wconf 83' lang='lat' dir='ltr'><strong>Huic</strong></span> <span class='ocrx_word' id='word_1_114' title='bbox 889 1014 1002 1044; x_wconf 74' lang='lat' dir='ltr'><strong>similis</strong></span> <span class='ocrx_word' id='word_1_115' title='bbox 1015 1018 1061 1044; x_wconf 77' lang='lat' dir='ltr'><strong>est</strong></span> <span class='ocrx_word' id='word_1_116' title='bbox 1082 1022 1165 1044; x_wconf 76' lang='lat' dir='ltr'><strong>meus</strong></span> <span class='ocrx_word' id='word_1_117' title='bbox 1185 1022 1282 1053; x_wconf 81' lang='lat' dir='ltr'><strong>amor,</strong></span> <span class='ocrx_word' id='word_1_118' title='bbox 1297 1015 1397 1053; x_wconf 80' lang='lat' dir='ltr'><strong>inquis</strong></span> <span class='ocrx_word' id='word_1_119' title='bbox 1407 1024 1420 1050; x_wconf 92' lang='lat'><strong>,·</strong></span> <span class='ocrx_word' id='word_1_120' title='bbox 1442 1014 1607 1045; x_wconf 80' lang='lat' dir='ltr'><strong>contemnit</strong></span> <span class='ocrx_word' id='word_1_121' title='bbox 1627 1013 1706 1045; x_wconf 78' lang='lat' dir='ltr'><strong>enim</strong></span> <span class='ocrx_word' id='word_1_122' title='bbox 1728 1012 1761 1042; x_wconf 76' lang='lat' dir='ltr'><strong>in</strong></span> 
     </span>
    </p>
   </div>
   <div class='ocr_carea' id='block_1_4' title="bbox 930 1107 1165 1120">
    <p class='ocr_par' dir='ltr' id='par_1_8' title="bbox 930 1107 1165 1120">
     <span class='ocr_line' id='line_1_13' title="bbox 930 1107 1165 1120; baseline -0.009 0"><span class='ocrx_word' id='word_1_123' title='bbox 930 1107 1165 1120; x_wconf 52' lang='lat' dir='ltr'><strong>outenmve</strong></span> 
     </span>
    </p>
   </div>
   <div class='ocr_carea' id='block_1_5' title="bbox 351 1157 1769 1365">
    <p class='ocr_par' dir='ltr' id='par_1_9' title="bbox 351 1157 1769 1365">
     <span class='ocr_line' id='line_1_14' title="bbox 354 1157 1765 1198; baseline -0.001 -9"><span class='ocrx_word' id='word_1_124' title='bbox 354 1162 415 1190; x_wconf 81' lang='lat'><strong>102</strong></span> <span class='ocrx_word' id='word_1_125' title='bbox 442 1160 486 1190; x_wconf 79' lang='lat' dir='ltr'><strong>Ut</strong></span> <span class='ocrx_word' id='word_1_126' title='bbox 509 1161 622 1191; x_wconf 82' lang='lat' dir='ltr'><strong>nudum</strong></span> <span class='ocrx_word' id='word_1_127' title='bbox 646 1170 729 1191; x_wconf 83' lang='lat' dir='ltr'><strong>unus</strong></span> <span class='ocrx_word' id='word_1_128' title='bbox 755 1159 884 1190; x_wconf 72' lang='lat' dir='ltr'><strong>Bland:</strong></span> <span class='ocrx_word' id='word_1_129' title='bbox 905 1158 1157 1198; x_wconf 85' lang='lat' dir='ltr'><strong>Cruquii.--106</strong></span> <span class='ocrx_word' id='word_1_130' title='bbox 1180 1159 1219 1189; x_wconf 84' lang='lat' dir='ltr'><strong>In</strong></span> <span class='ocrx_word' id='word_1_131' title='bbox 1239 1158 1310 1189; x_wconf 81' lang='lat' dir='ltr'><strong>nive</strong></span> <span class='ocrx_word' id='word_1_132' title='bbox 1332 1161 1467 1189; x_wconf 78' lang='lat' dir='ltr'><strong>sectatur</strong></span> <span class='ocrx_word' id='word_1_133' title='bbox 1493 1158 1642 1188; x_wconf 80' lang='lat' dir='ltr'><strong>nonnulli</strong></span> <span class='ocrx_word' id='word_1_134' title='bbox 1666 1157 1765 1189; x_wconf 84' lang='lat' dir='ltr'><strong>codd.</strong></span> 
     </span>
     <span class='ocr_line' id='line_1_15' title="bbox 352 1199 1767 1241; baseline 0 -11"><span class='ocrx_word' id='word_1_135' title='bbox 352 1201 534 1238; x_wconf 78' lang='lat' dir='ltr'><strong>Tor-rentii,</strong></span> <span class='ocrx_word' id='word_1_136' title='bbox 550 1203 629 1232; x_wconf 91' lang='lat' dir='ltr'><strong>Div.</strong></span> <span class='ocrx_word' id='word_1_137' title='bbox 646 1202 794 1241; x_wconf 84' lang='lat' dir='ltr'><strong>Cruqnii‚</strong></span> <span class='ocrx_word' id='word_1_138' title='bbox 820 1201 915 1231; x_wconf 88' lang='lat' dir='ltr'><strong>Harl.</strong></span> <span class='ocrx_word' id='word_1_139' title='bbox 930 1203 960 1231; x_wconf 84' lang='lat'><strong>2.</strong></span> <span class='ocrx_word' id='word_1_140' title='bbox 976 1203 1006 1230; x_wconf 77' lang='lat'><strong>3.</strong></span> <span class='ocrx_word' id='word_1_141' title='bbox 1021 1203 1049 1230; x_wconf 81' lang='lat'><strong>4.</strong></span> <span class='ocrx_word' id='word_1_142' title='bbox 1065 1202 1096 1231; x_wconf 85' lang='lat'><strong>6.</strong></span> <span class='ocrx_word' id='word_1_143' title='bbox 1111 1201 1143 1230; x_wconf 79' lang='lat'><strong>⁷.</strong></span> <span class='ocrx_word' id='word_1_144' title='bbox 1170 1205 1204 1230; x_wconf 88' lang='lat' dir='ltr'><strong>et</strong></span> <span class='ocrx_word' id='word_1_145' title='bbox 1231 1199 1383 1239; x_wconf 83' lang='lat' dir='ltr'><strong>quaedam</strong></span> <span class='ocrx_word' id='word_1_146' title='bbox 1410 1199 1486 1230; x_wconf 82' lang='lat' dir='ltr'><strong>edd.</strong></span> <span class='ocrx_word' id='word_1_147' title='bbox 1513 1205 1593 1230; x_wconf 81' lang='lat' dir='ltr'><strong>ven.</strong></span> <span class='ocrx_word' id='word_1_148' title='bbox 1636 1199 1677 1230; x_wconf 77' lang='lat' dir='ltr'><strong>In</strong></span> <span class='ocrx_word' id='word_1_149' title='bbox 1696 1199 1767 1230; x_wconf 75' lang='lat' dir='ltr'><strong>niue</strong></span> 
     </span>
     <span class='ocr_line' id='line_1_16' title="bbox 351 1239 1765 1282; baseline 0.001 -11"><span class='ocrx_word' id='word_1_150' title='bbox 351 1245 484 1273; x_wconf 73' lang='lat' dir='ltr'><strong>sectetur</strong></span> <span class='ocrx_word' id='word_1_151' title='bbox 499 1244 609 1282; x_wconf 88' lang='lat' dir='ltr'><strong>plures</strong></span> <span class='ocrx_word' id='word_1_152' title='bbox 625 1249 657 1272; x_wconf 77' lang='lat' dir='ltr'><strong>et</strong></span> <span class='ocrx_word' id='word_1_153' title='bbox 674 1243 826 1273; x_wconf 84' lang='lat' dir='ltr'><strong>meliores</strong></span> <span class='ocrx_word' id='word_1_154' title='bbox 839 1241 1018 1278; x_wconf 81' lang='lat' dir='ltr'><strong>Torrentii‚</strong></span> <span class='ocrx_word' id='word_1_155' title='bbox 1033 1245 1176 1282; x_wconf 87' lang='lat' dir='ltr'><strong>quatuor</strong></span> <span class='ocrx_word' id='word_1_156' title='bbox 1191 1241 1313 1272; x_wconf 78' lang='lat' dir='ltr'><strong>mand.</strong></span> <span class='ocrx_word' id='word_1_157' title='bbox 1327 1241 1386 1271; x_wconf 91' lang='lat' dir='ltr'><strong>Sil.</strong></span> <span class='ocrx_word' id='word_1_158' title='bbox 1401 1239 1530 1271; x_wconf 86' lang='lat' dir='ltr'><strong>Buslid.</strong></span> <span class='ocrx_word' id='word_1_159' title='bbox 1542 1241 1584 1271; x_wconf 76' lang='lat' dir='ltr'><strong>at.</strong></span> <span class='ocrx_word' id='word_1_160' title='bbox 1599 1242 1653 1280; x_wconf 81' lang='lat' dir='ltr'><strong>ap.</strong></span> <span class='ocrx_word' id='word_1_161' title='bbox 1665 1241 1765 1281; x_wconf 84' lang='lat' dir='ltr'><strong>Cruq.</strong></span> 
     </span>
     <span class='ocr_line' id='line_1_17' title="bbox 354 1282 1765 1322; baseline -0.001 -9"><span class='ocrx_word' id='word_1_162' title='bbox 354 1283 449 1314; x_wconf 82' lang='lat' dir='ltr'><strong>Harl.</strong></span> <span class='ocrx_word' id='word_1_163' title='bbox 469 1287 498 1315; x_wconf 89' lang='lat'><strong>1.</strong></span> <span class='ocrx_word' id='word_1_164' title='bbox 514 1294 594 1314; x_wconf 79' lang='lat' dir='ltr'><strong>unus</strong></span> <span class='ocrx_word' id='word_1_165' title='bbox 612 1284 698 1315; x_wconf 80' lang='lat' dir='ltr'><strong>Han.</strong></span> <span class='ocrx_word' id='word_1_166' title='bbox 720 1284 818 1315; x_wconf 86' lang='lat' dir='ltr'><strong>Gott.</strong></span> <span class='ocrx_word' id='word_1_167' title='bbox 835 1283 905 1314; x_wconf 80' lang='lat' dir='ltr'><strong>fere</strong></span> <span class='ocrx_word' id='word_1_168' title='bbox 925 1291 1038 1313; x_wconf 88' lang='lat' dir='ltr'><strong>omnes</strong></span> <span class='ocrx_word' id='word_1_169' title='bbox 1054 1288 1088 1314; x_wconf 89' lang='lat' dir='ltr'><strong>et</strong></span> <span class='ocrx_word' id='word_1_170' title='bbox 1102 1282 1305 1320; x_wconf 74' lang='lat' dir='ltr'><strong>antiquiores</strong></span> <span class='ocrx_word' id='word_1_171' title='bbox 1319 1282 1476 1317; x_wconf 75' lang='lat' dir='ltr'><strong>Bentleii,</strong></span> <span class='ocrx_word' id='word_1_172' title='bbox 1493 1283 1594 1322; x_wconf 89' lang='lat' dir='ltr'><strong>Crnq.</strong></span> <span class='ocrx_word' id='word_1_173' title='bbox 1611 1283 1765 1312; x_wconf 85' lang='lat' dir='ltr'><strong>Torrent.</strong></span> 
     </span>
     <span class='ocr_line' id='line_1_18' title="bbox 354 1322 1769 1365; baseline 0 -11"><span class='ocrx_word' id='word_1_174' title='bbox 354 1324 469 1357; x_wconf 86' lang='lat' dir='ltr'><strong>Bentl.</strong></span> <span class='ocrx_word' id='word_1_175' title='bbox 485 1331 519 1356; x_wconf 87' lang='lat' dir='ltr'><strong>et</strong></span> <span class='ocrx_word' id='word_1_176' title='bbox 534 1328 779 1357; x_wconf 78' lang='lat' dir='ltr'><strong>recentt.—10?</strong></span> <span class='ocrx_word' id='word_1_177' title='bbox 805 1326 919 1365; x_wconf 78' lang='lat' dir='ltr'><strong>Captat</strong></span> <span class='ocrx_word' id='word_1_178' title='bbox 933 1324 1021 1363; x_wconf 81' lang='lat' dir='ltr'><strong>conj.</strong></span> <span class='ocrx_word' id='word_1_179' title='bbox 1038 1323 1333 1355; x_wconf 85' lang='lat' dir='ltr'><strong>Lambinus.—109</strong></span> <span class='ocrx_word' id='word_1_180' title='bbox 1354 1323 1488 1354; x_wconf 76' lang='lat' dir='ltr'><strong>Hiscene</strong></span> <span class='ocrx_word' id='word_1_181' title='bbox 1508 1323 1653 1354; x_wconf 84' lang='lat' dir='ltr'><strong>nonnulli</strong></span> <span class='ocrx_word' id='word_1_182' title='bbox 1669 1322 1769 1354; x_wconf 84' lang='lat' dir='ltr'><strong>codd.</strong></span> 
     </span>
    </p>
   </div>
   <div class='ocr_carea' id='block_1_6' title="bbox 987 1407 1124 1438">
    <p class='ocr_par' dir='ltr' id='par_1_10' title="bbox 987 1407 1124 1438">
     <span class='ocr_line' id='line_1_19' title="bbox 987 1407 1124 1438; baseline 0 0"><span class='ocrx_word' id='word_1_183' title='bbox 987 1407 1124 1438; x_wconf 81' lang='lat' dir='ltr'>NOTAE</span> 
     </span>
    </p>
   </div>
   <div class='ocr_carea' id='block_1_7' title="bbox 354 1469 1047 2821">
    <p class='ocr_par' dir='ltr' id='par_1_11' title="bbox 354 1469 1044 2570">
     <span class='ocr_line' id='line_1_20' title="bbox 354 1469 1036 1509; baseline -0.001 -9"><span class='ocrx_word' id='word_1_184' title='bbox 354 1469 424 1500; x_wconf 82' lang='lat' dir='ltr'><strong>sive</strong></span> <span class='ocrx_word' id='word_1_185' title='bbox 440 1469 522 1508; x_wconf 88' lang='lat' dir='ltr'><strong>Coo,</strong></span> <span class='ocrx_word' id='word_1_186' title='bbox 537 1469 600 1500; x_wconf 84' lang='lat' dir='ltr'><strong>sita</strong></span> <span class='ocrx_word' id='word_1_187' title='bbox 613 1469 646 1500; x_wconf 85' lang='lat' dir='ltr'><strong>iu</strong></span> <span class='ocrx_word' id='word_1_188' title='bbox 663 1469 743 1500; x_wconf 78' lang='lat' dir='ltr'><strong>mari</strong></span> <span class='ocrx_word' id='word_1_189' title='bbox 759 1469 871 1509; x_wconf 77' lang='lat' dir='ltr'><strong>AEgaeo</strong></span> <span class='ocrx_word' id='word_1_190' title='bbox 888 1469 928 1499; x_wconf 87' lang='lat' dir='ltr'><strong>ad</strong></span> <span class='ocrx_word' id='word_1_191' title='bbox 945 1477 1036 1499; x_wconf 89' lang='lat' dir='ltr'><strong>oram</strong></span> 
     </span>
     <span class='ocr_line' id='line_1_21' title="bbox 355 1518 1036 1559; baseline -0.001 -10"><span class='ocrx_word' id='word_1_192' title='bbox 355 1518 462 1549; x_wconf 81' lang='lat' dir='ltr'><strong>Cariae</strong></span> <span class='ocrx_word' id='word_1_193' title='bbox 473 1518 663 1556; x_wconf 80' lang='lat' dir='ltr'><strong>littoralem,</strong></span> <span class='ocrx_word' id='word_1_194' title='bbox 675 1528 806 1550; x_wconf 86' lang='lat' dir='ltr'><strong>vernae.</strong></span> <span class='ocrx_word' id='word_1_195' title='bbox 818 1519 943 1557; x_wconf 79' lang='lat' dir='ltr'><strong>Lango,·</strong></span> <span class='ocrx_word' id='word_1_196' title='bbox 963 1528 1036 1559; x_wconf 82' lang='lat' dir='ltr'><strong>quae</strong></span> 
     </span>
     <span class='ocr_line' id='line_1_22' title="bbox 355 1565 1036 1607; baseline 0 -10"><span class='ocrx_word' id='word_1_197' title='bbox 355 1571 424 1597; x_wconf 76' lang='lat' dir='ltr'><strong>tam</strong></span> <span class='ocrx_word' id='word_1_198' title='bbox 450 1565 545 1597; x_wconf 86' lang='lat' dir='ltr'><strong>ferax</strong></span> <span class='ocrx_word' id='word_1_199' title='bbox 572 1572 606 1596; x_wconf 84' lang='lat' dir='ltr'><strong>et</strong></span> <span class='ocrx_word' id='word_1_200' title='bbox 632 1567 738 1605; x_wconf 89' lang='lat' dir='ltr'><strong>dives,</strong></span> <span class='ocrx_word' id='word_1_201' title='bbox 764 1572 800 1598; x_wconf 91' lang='lat' dir='ltr'><strong>ut</strong></span> <span class='ocrx_word' id='word_1_202' title='bbox 822 1567 1036 1607; x_wconf 84' lang='lat' dir='ltr'><strong>proverbium</strong></span> 
     </span>
     <span class='ocr_line' id='line_1_23' title="bbox 355 1615 1037 1654; baseline 0.003 -10"><span class='ocrx_word' id='word_1_203' title='bbox 355 1619 464 1645; x_wconf 80' lang='lat' dir='ltr'><strong>esset:</strong></span> <span class='ocrx_word' id='word_1_204' title='bbox 487 1615 496 1631; x_wconf 86' lang='lat'>‘</span> <span class='ocrx_word' id='word_1_205' title='bbox 513 1615 620 1646; x_wconf 82' lang='lat' dir='ltr'><strong>Quem</strong></span> <span class='ocrx_word' id='word_1_206' title='bbox 641 1616 706 1646; x_wconf 87' lang='lat' dir='ltr'><strong>Cos</strong></span> <span class='ocrx_word' id='word_1_207' title='bbox 729 1625 792 1645; x_wconf 90' lang='lat' dir='ltr'><strong>non</strong></span> <span class='ocrx_word' id='word_1_208' title='bbox 814 1616 933 1654; x_wconf 88' lang='lat' dir='ltr'><strong>nutrit,</strong></span> <span class='ocrx_word' id='word_1_209' title='bbox 952 1616 1037 1646; x_wconf 82' lang='lat' dir='ltr'><strong>hunc</strong></span> 
     </span>
     <span class='ocr_line' id='line_1_24' title="bbox 355 1661 1037 1702; baseline 0.001 -10"><span class='ocrx_word' id='word_1_210' title='bbox 355 1671 418 1692; x_wconf 86' lang='lat' dir='ltr'><strong>nec</strong></span> <span class='ocrx_word' id='word_1_211' title='bbox 436 1661 626 1702; x_wconf 82' lang='lat' dir='ltr'><strong>AEgyptus.’</strong></span> <span class='ocrx_word' id='word_1_212' title='bbox 647 1663 801 1693; x_wconf 85' lang='lat' dir='ltr'><strong>Eustath.</strong></span> <span class='ocrx_word' id='word_1_213' title='bbox 826 1663 911 1693; x_wconf 83' lang='lat' dir='ltr'><strong>eoas</strong></span> <span class='ocrx_word' id='word_1_214' title='bbox 926 1668 1037 1693; x_wconf 86' lang='lat' dir='ltr'><strong>vestes</strong></span> 
     </span>
     <span class='ocr_line' id='line_1_25' title="bbox 355 1710 1037 1750; baseline 0.003 -10"><span class='ocrx_word' id='word_1_215' title='bbox 355 1710 529 1743; x_wconf 84' lang='lat' dir='ltr'><strong>Juvenalis</strong></span> <span class='ocrx_word' id='word_1_216' title='bbox 549 1711 697 1750; x_wconf 80' lang='lat' dir='ltr'><strong>appellat</strong></span> <span class='ocrx_word' id='word_1_217' title='bbox 719 1711 728 1727; x_wconf 78' lang='lat'><em>⁴</em></span> <span class='ocrx_word' id='word_1_218' title='bbox 744 1711 888 1742; x_wconf 80' lang='lat' dir='ltr'><strong>multitia</strong></span> <span class='ocrx_word' id='word_1_219' title='bbox 902 1711 923 1742; x_wconf 88' lang='lat'><strong>:’</strong></span> <span class='ocrx_word' id='word_1_220' title='bbox 946 1711 1037 1742; x_wconf 83' lang='lat' dir='ltr'><strong>Galli</strong></span> 
     </span>
     <span class='ocr_line' id='line_1_26' title="bbox 354 1759 1040 1797; baseline 0.003 -8"><span class='ocrx_word' id='word_1_221' title='bbox 354 1760 392 1790; x_wconf 83' lang='lat' dir='ltr'><strong>de</strong></span> <span class='ocrx_word' id='word_1_222' title='bbox 406 1759 435 1789; x_wconf 80' lang='lat' dir='ltr'><strong>la</strong></span> <span class='ocrx_word' id='word_1_223' title='bbox 447 1769 535 1797; x_wconf 79' lang='lat' dir='ltr'><strong>gaze.</strong></span> <span class='ocrx_word' id='word_1_224' title='bbox 572 1759 699 1790; x_wconf 82' lang='lat' dir='ltr'><strong>Harum</strong></span> <span class='ocrx_word' id='word_1_225' title='bbox 716 1761 863 1791; x_wconf 88' lang='lat' dir='ltr'><strong>inventio</strong></span> <span class='ocrx_word' id='word_1_226' title='bbox 880 1760 1040 1791; x_wconf 86' lang='lat' dir='ltr'><strong>tribuitur</strong></span> 
     </span>
     <span class='ocr_line' id='line_1_27' title="bbox 355 1807 1040 1847; baseline 0.004 -10"><span class='ocrx_word' id='word_1_227' title='bbox 355 1807 539 1847; x_wconf 74' lang='lat' dir='ltr'><strong>Pamphilae</strong></span> <span class='ocrx_word' id='word_1_228' title='bbox 563 1808 691 1838; x_wconf 84' lang='lat' dir='ltr'><strong>cuidam</strong></span> <span class='ocrx_word' id='word_1_229' title='bbox 716 1809 845 1839; x_wconf 85' lang='lat' dir='ltr'><strong>mulieri</strong></span> <span class='ocrx_word' id='word_1_230' title='bbox 870 1818 912 1839; x_wconf 85' lang='lat' dir='ltr'><strong>ex</strong></span> <span class='ocrx_word' id='word_1_231' title='bbox 934 1810 1040 1840; x_wconf 85' lang='lat' dir='ltr'><strong>insula</strong></span> 
     </span>
     <span class='ocr_line' id='line_1_28' title="bbox 357 1854 1040 1887; baseline 0.001 -1"><span class='ocrx_word' id='word_1_232' title='bbox 357 1855 439 1886; x_wconf 82' lang='lat' dir='ltr'><strong>Coo.</strong></span> <span class='ocrx_word' id='word_1_233' title='bbox 454 1854 595 1886; x_wconf 82' lang='lat' dir='ltr'><strong>Aristot.</strong></span> <span class='ocrx_word' id='word_1_234' title='bbox 612 1856 699 1886; x_wconf 79' lang='lat' dir='ltr'><strong>Hist.</strong></span> <span class='ocrx_word' id='word_1_235' title='bbox 716 1855 825 1886; x_wconf 86' lang='lat' dir='ltr'><strong>Anim.</strong></span> <span class='ocrx_word' id='word_1_236' title='bbox 841 1856 899 1887; x_wconf 90' lang='lat' dir='ltr'><strong>lib.</strong></span> <span class='ocrx_word' id='word_1_237' title='bbox 917 1865 966 1887; x_wconf 81' lang='lat' dir='ltr'><strong>vr.</strong></span> <span class='ocrx_word' id='word_1_238' title='bbox 986 1857 1040 1887; x_wconf 85' lang='lat' dir='ltr'><strong>Ti-</strong></span> 
     </span>
     <span class='ocr_line' id='line_1_29' title="bbox 355 1902 1042 1947; baseline 0.001 -14"><span class='ocrx_word' id='word_1_239' title='bbox 355 1902 423 1933; x_wconf 89' lang='lat' dir='ltr'><strong>bul.</strong></span> <span class='ocrx_word' id='word_1_240' title='bbox 435 1911 472 1933; x_wconf 89' lang='lat'><strong>11.</strong></span> <span class='ocrx_word' id='word_1_241' title='bbox 486 1906 516 1934; x_wconf 82' lang='lat'><strong>3.</strong></span> <span class='ocrx_word' id='word_1_242' title='bbox 530 1906 582 1934; x_wconf 88' lang='grc'><strong>57.</strong></span> <span class='ocrx_word' id='word_1_243' title='bbox 594 1904 603 1920; x_wconf 90' lang='lat'>‘</span> <span class='ocrx_word' id='word_1_244' title='bbox 613 1904 675 1934; x_wconf 80' lang='lat' dir='ltr'><strong>lna</strong></span> <span class='ocrx_word' id='word_1_245' title='bbox 685 1910 781 1947; x_wconf 83' lang='lat' dir='ltr'><strong>gerat</strong></span> <span class='ocrx_word' id='word_1_246' title='bbox 792 1907 899 1934; x_wconf 83' lang='lat' dir='ltr'><strong>vestes</strong></span> <span class='ocrx_word' id='word_1_247' title='bbox 913 1908 1042 1943; x_wconf 79' lang='lat' dir='ltr'><strong>tennes,</strong></span> 
     </span>
     <span class='ocr_line' id='line_1_30' title="bbox 357 1951 1040 1992; baseline 0.003 -11"><span class='ocrx_word' id='word_1_248' title='bbox 357 1962 438 1992; x_wconf 83' lang='lat' dir='ltr'><strong>quas</strong></span> <span class='ocrx_word' id='word_1_249' title='bbox 450 1951 584 1982; x_wconf 73' lang='lat' dir='ltr'><strong>flemina</strong></span> <span class='ocrx_word' id='word_1_250' title='bbox 600 1952 668 1982; x_wconf 81' lang='lat' dir='ltr'><strong>Coa</strong></span> <span class='ocrx_word' id='word_1_251' title='bbox 680 1953 815 1990; x_wconf 83' lang='lat' dir='ltr'><strong>Texuit,</strong></span> <span class='ocrx_word' id='word_1_252' title='bbox 829 1958 961 1983; x_wconf 81' lang='lat' dir='ltr'><strong>auratas</strong></span> <span class='ocrx_word' id='word_1_253' title='bbox 975 1952 1040 1983; x_wconf 90' lang='lat' dir='ltr'><strong>dis-</strong></span> 
     </span>
     <span class='ocr_line' id='line_1_31' title="bbox 357 2001 1037 2042; baseline 0 -10"><span class='ocrx_word' id='word_1_254' title='bbox 357 2002 534 2042; x_wconf 75' lang='lat' dir='ltr'><strong>posuitque</strong></span> <span class='ocrx_word' id='word_1_255' title='bbox 561 2001 652 2032; x_wconf 59' lang='lat' dir='ltr'><strong>viae)</strong></span> <span class='ocrx_word' id='word_1_256' title='bbox 702 2001 859 2041; x_wconf 81' lang='lat' dir='ltr'><strong>Propert.</strong></span> <span class='ocrx_word' id='word_1_257' title='bbox 888 2011 928 2033; x_wconf 87' lang='lat'><strong>11.</strong></span> <span class='ocrx_word' id='word_1_258' title='bbox 955 2005 983 2032; x_wconf 85' lang='lat'><strong>1.</strong></span> <span class='ocrx_word' id='word_1_259' title='bbox 1007 2005 1037 2032; x_wconf 85' lang='lat'><strong>5.</strong></span> 
     </span>
     <span class='ocr_line' id='line_1_32' title="bbox 355 2050 1039 2092; baseline 0 -10"><span class='ocrx_word' id='word_1_260' title='bbox 355 2053 366 2069; x_wconf 83' lang='lat'>‘</span> <span class='ocrx_word' id='word_1_261' title='bbox 383 2052 462 2082; x_wconf 86' lang='lat' dir='ltr'><strong>Sive</strong></span> <span class='ocrx_word' id='word_1_262' title='bbox 479 2052 564 2091; x_wconf 83' lang='lat' dir='ltr'><strong>togis</strong></span> <span class='ocrx_word' id='word_1_263' title='bbox 579 2052 667 2082; x_wconf 86' lang='lat' dir='ltr'><strong>illam</strong></span> <span class='ocrx_word' id='word_1_264' title='bbox 681 2050 867 2092; x_wconf 83' lang='lat' dir='ltr'><strong>fulgentem</strong></span> <span class='ocrx_word' id='word_1_265' title='bbox 883 2051 1039 2083; x_wconf 77' lang='lat' dir='ltr'><strong>incedere</strong></span> 
     </span>
     <span class='ocr_line' id='line_1_33' title="bbox 359 2099 1040 2141; baseline 0.001 -11"><span class='ocrx_word' id='word_1_266' title='bbox 359 2099 456 2131; x_wconf 71' lang='lat' dir='ltr'><strong>Cois:</strong></span> <span class='ocrx_word' id='word_1_267' title='bbox 499 2101 607 2131; x_wconf 79' lang='lat' dir='ltr'><strong>Varro</strong></span> <span class='ocrx_word' id='word_1_268' title='bbox 623 2101 632 2117; x_wconf 90' lang='lat'>‘</span> <span class='ocrx_word' id='word_1_269' title='bbox 648 2106 742 2140; x_wconf 83' lang='lat' dir='ltr'><strong>togas</strong></span> <span class='ocrx_word' id='word_1_270' title='bbox 758 2101 882 2131; x_wconf 79' lang='lat' dir='ltr'><strong>vitreas</strong></span> <span class='ocrx_word' id='word_1_271' title='bbox 894 2100 903 2114; x_wconf 91' lang='lat'>&#39;</span> <span class='ocrx_word' id='word_1_272' title='bbox 926 2100 1040 2141; x_wconf 83' lang='lat' dir='ltr'><strong>appel-</strong></span> 
     </span>
     <span class='ocr_line' id='line_1_34' title="bbox 357 2148 1040 2180; baseline 0.001 -1"><span class='ocrx_word' id='word_1_273' title='bbox 357 2148 428 2180; x_wconf 62' lang='lat' dir='ltr'><strong>lat)</strong></span> <span class='ocrx_word' id='word_1_274' title='bbox 450 2150 482 2180; x_wconf 89' lang='lat' dir='ltr'><strong>S.</strong></span> <span class='ocrx_word' id='word_1_275' title='bbox 497 2149 631 2180; x_wconf 86' lang='lat' dir='ltr'><strong>Hieron.</strong></span> <span class='ocrx_word' id='word_1_276' title='bbox 650 2150 690 2179; x_wconf 77' lang='lat' dir='ltr'><strong>ad</strong></span> <span class='ocrx_word' id='word_1_277' title='bbox 703 2150 828 2180; x_wconf 84' lang='lat' dir='ltr'><strong>Laetam</strong></span> <span class='ocrx_word' id='word_1_278' title='bbox 842 2150 890 2180; x_wconf 78' lang='lat' dir='ltr'><strong>ita</strong></span> <span class='ocrx_word' id='word_1_279' title='bbox 904 2149 1040 2180; x_wconf 84' lang='lat' dir='ltr'><strong>scribit:</strong></span> 
     </span>
     <span class='ocr_line' id='line_1_35' title="bbox 358 2197 1042 2239; baseline 0.003 -12"><span class='ocrx_word' id='word_1_280' title='bbox 358 2198 368 2215; x_wconf 82' lang='lat'>‘</span> <span class='ocrx_word' id='word_1_281' title='bbox 384 2197 479 2228; x_wconf 81' lang='lat' dir='ltr'><strong>Talia</strong></span> <span class='ocrx_word' id='word_1_282' title='bbox 495 2203 588 2237; x_wconf 84' lang='lat' dir='ltr'><strong>paret</strong></span> <span class='ocrx_word' id='word_1_283' title='bbox 605 2199 816 2237; x_wconf 83' lang='lat' dir='ltr'><strong>vestimenta,</strong></span> <span class='ocrx_word' id='word_1_284' title='bbox 830 2199 950 2239; x_wconf 89' lang='lat' dir='ltr'><strong>quibus</strong></span> <span class='ocrx_word' id='word_1_285' title='bbox 970 2198 1042 2239; x_wconf 88' lang='lat' dir='ltr'><strong>pel—</strong></span> 
     </span>
     <span class='ocr_line' id='line_1_36' title="bbox 358 2245 1041 2286; baseline 0.001 -9"><span class='ocrx_word' id='word_1_286' title='bbox 358 2247 446 2277; x_wconf 77' lang='lat' dir='ltr'><strong>latur</strong></span> <span class='ocrx_word' id='word_1_287' title='bbox 462 2245 577 2286; x_wconf 86' lang='lat' dir='ltr'><strong>frigus,</strong></span> <span class='ocrx_word' id='word_1_288' title='bbox 597 2256 661 2276; x_wconf 93' lang='lat' dir='ltr'><strong>non</strong></span> <span class='ocrx_word' id='word_1_289' title='bbox 684 2247 801 2286; x_wconf 87' lang='lat' dir='ltr'><strong>quibus</strong></span> <span class='ocrx_word' id='word_1_290' title='bbox 825 2248 946 2279; x_wconf 83' lang='lat' dir='ltr'><strong>vestita</strong></span> <span class='ocrx_word' id='word_1_291' title='bbox 967 2256 1041 2278; x_wconf 87' lang='lat' dir='ltr'><strong>cor·</strong></span> 
     </span>
     <span class='ocr_line' id='line_1_37' title="bbox 359 2295 1041 2336; baseline 0 -10"><span class='ocrx_word' id='word_1_292' title='bbox 359 2304 442 2336; x_wconf 85' lang='lat' dir='ltr'><strong>pora</strong></span> <span class='ocrx_word' id='word_1_293' title='bbox 467 2295 656 2326; x_wconf 62' lang='lat' dir='ltr'><strong>nudentur!</strong></span> <span class='ocrx_word' id='word_1_294' title='bbox 699 2296 743 2326; x_wconf 85' lang='lat' dir='ltr'><strong>Et</strong></span> <span class='ocrx_word' id='word_1_295' title='bbox 759 2300 793 2326; x_wconf 89' lang='lat' dir='ltr'><strong>te</strong></span> <span class='ocrx_word' id='word_1_296' title='bbox 808 2295 969 2326; x_wconf 87' lang='lat' dir='ltr'><strong>monitum</strong></span> <span class='ocrx_word' id='word_1_297' title='bbox 985 2305 1041 2326; x_wconf 83' lang='lat' dir='ltr'><strong>ve·</strong></span> 
     </span>
     <span class='ocr_line' id='line_1_38' title="bbox 360 2343 1042 2382; baseline 0 -8"><span class='ocrx_word' id='word_1_298' title='bbox 360 2344 430 2379; x_wconf 87' lang='lat' dir='ltr'><strong>lim,</strong></span> <span class='ocrx_word' id='word_1_299' title='bbox 446 2343 563 2382; x_wconf 84' lang='lat' dir='ltr'><strong>lector,</strong></span> <span class='ocrx_word' id='word_1_300' title='bbox 577 2343 610 2373; x_wconf 90' lang='lat' dir='ltr'><strong>in</strong></span> <span class='ocrx_word' id='word_1_301' title='bbox 629 2343 826 2382; x_wconf 82' lang='lat' dir='ltr'><strong>quibusdam</strong></span> <span class='ocrx_word' id='word_1_302' title='bbox 841 2347 925 2375; x_wconf 87' lang='lat' dir='ltr'><strong>vett.</strong></span> <span class='ocrx_word' id='word_1_303' title='bbox 943 2343 1042 2374; x_wconf 83' lang='lat' dir='ltr'><strong>codd.</strong></span> 
     </span>
     <span class='ocr_line' id='line_1_39' title="bbox 361 2391 1040 2432; baseline 0.001 -10"><span class='ocrx_word' id='word_1_304' title='bbox 361 2391 440 2432; x_wconf 85' lang='lat' dir='ltr'><strong>legi,</strong></span> <span class='ocrx_word' id='word_1_305' title='bbox 470 2392 597 2422; x_wconf 70' lang='lat' dir='ltr'><strong>Chlor-in</strong></span> <span class='ocrx_word' id='word_1_306' title='bbox 623 2401 682 2431; x_wconf 88' lang='lat' dir='ltr'><strong>pro</strong></span> <span class='ocrx_word' id='word_1_307' title='bbox 711 2392 794 2422; x_wconf 83' lang='lat' dir='ltr'><strong>Cois.</strong></span> <span class='ocrx_word' id='word_1_308' title='bbox 843 2392 951 2423; x_wconf 91' lang='lat' dir='ltr'><strong>Porro</strong></span> <span class='ocrx_word' id='word_1_309' title='bbox 971 2393 1040 2432; x_wconf 81' lang='lat' dir='ltr'><strong>jam</strong></span> 
     </span>
     <span class='ocr_line' id='line_1_40' title="bbox 361 2441 1042 2481; baseline 0 -10"><span class='ocrx_word' id='word_1_310' title='bbox 361 2450 464 2481; x_wconf 78' lang='lat' dir='ltr'><strong>supra</strong></span> <span class='ocrx_word' id='word_1_311' title='bbox 478 2441 714 2471; x_wconf 77' lang='lat' dir='ltr'><strong>insinuavimus</strong></span> <span class='ocrx_word' id='word_1_312' title='bbox 729 2441 802 2471; x_wconf 78' lang='lat' dir='ltr'><strong>istis</strong></span> <span class='ocrx_word' id='word_1_313' title='bbox 810 2441 959 2472; x_wconf 87' lang='lat' dir='ltr'><strong>vestibus</strong></span> <span class='ocrx_word' id='word_1_314' title='bbox 976 2441 1042 2471; x_wconf 87' lang='lat' dir='ltr'><strong>Ro-</strong></span> 
     </span>
     <span class='ocr_line' id='line_1_41' title="bbox 361 2488 1044 2530; baseline -0.003 -10"><span class='ocrx_word' id='word_1_315' title='bbox 361 2498 424 2520; x_wconf 80' lang='lat' dir='ltr'><strong>mae</strong></span> <span class='ocrx_word' id='word_1_316' title='bbox 453 2489 587 2530; x_wconf 89' lang='lat' dir='ltr'><strong>quidem</strong></span> <span class='ocrx_word' id='word_1_317' title='bbox 617 2489 700 2519; x_wconf 81' lang='lat' dir='ltr'><strong>solas</strong></span> <span class='ocrx_word' id='word_1_318' title='bbox 730 2489 924 2520; x_wconf 75' lang='lat' dir='ltr'><strong>meretrices</strong></span> <span class='ocrx_word' id='word_1_319' title='bbox 952 2488 1044 2519; x_wconf 87' lang='lat' dir='ltr'><strong>indui</strong></span> 
     </span>
     <span class='ocr_line' id='line_1_42' title="bbox 363 2538 588 2570; baseline -0.004 -1"><span class='ocrx_word' id='word_1_320' title='bbox 363 2538 588 2570; x_wconf 87' lang='lat' dir='ltr'><strong>consuevisse.</strong></span> 
     </span>
    </p>

    <p class='ocr_par' dir='ltr' id='par_1_12' title="bbox 364 2584 1047 2821">
     <span class='ocr_line' id='line_1_43' title="bbox 408 2584 1047 2626; baseline -0.002 -8"><span class='ocrx_word' id='word_1_321' title='bbox 408 2590 466 2618; x_wconf 87' lang='lat'><strong>105</strong></span> <span class='ocrx_word' id='word_1_322' title='bbox 493 2587 636 2626; x_wconf 80' lang='lat' dir='ltr'><strong>Leporem</strong></span> <span class='ocrx_word' id='word_1_323' title='bbox 663 2589 787 2618; x_wconf 71' lang='lat' dir='ltr'><strong>venator</strong></span> <span class='ocrx_word' id='word_1_324' title='bbox 815 2589 851 2617; x_wconf 81' lang='lat' dir='ltr'><strong>ut</strong></span> <span class='ocrx_word' id='word_1_325' title='bbox 878 2587 954 2625; x_wconf 75' lang='lat' dir='ltr'><strong>alta,</strong></span> <span class='ocrx_word' id='word_1_326' title='bbox 977 2584 1047 2626; x_wconf 54' lang='grc' dir='ltr'><strong>δῖα]</strong></span> 
     </span>
     <span class='ocr_line' id='line_1_44' title="bbox 365 2635 1046 2675; baseline 0 -10"><span class='ocrx_word' id='word_1_327' title='bbox 365 2635 414 2665; x_wconf 84' lang='lat' dir='ltr'><strong>Hi</strong></span> <span class='ocrx_word' id='word_1_328' title='bbox 428 2640 504 2666; x_wconf 87' lang='lat' dir='ltr'><strong>sunt</strong></span> <span class='ocrx_word' id='word_1_329' title='bbox 516 2645 535 2666; x_wconf 85' lang='lat' dir='ltr'><strong>e</strong></span> <span class='ocrx_word' id='word_1_330' title='bbox 550 2635 754 2666; x_wconf 81' lang='lat' dir='ltr'><strong>Callimacho</strong></span> <span class='ocrx_word' id='word_1_331' title='bbox 767 2635 933 2675; x_wconf 85' lang='lat' dir='ltr'><strong>versiculi,</strong></span> <span class='ocrx_word' id='word_1_332' title='bbox 943 2635 1046 2666; x_wconf 88' lang='lat' dir='ltr'><strong>veluti</strong></span> 
     </span>
     <span class='ocr_line' id='line_1_45' title="bbox 364 2683 1046 2725; baseline -0.001 -10"><span class='ocrx_word' id='word_1_333' title='bbox 364 2685 578 2715; x_wconf 78' lang='lat' dir='ltr'><strong>cantiuncula</strong></span> <span class='ocrx_word' id='word_1_334' title='bbox 592 2683 757 2725; x_wconf 83' lang='lat' dir='ltr'><strong>quaedam,</strong></span> <span class='ocrx_word' id='word_1_335' title='bbox 771 2694 866 2725; x_wconf 74' lang='lat' dir='ltr'><strong>quum</strong></span> <span class='ocrx_word' id='word_1_336' title='bbox 890 2684 1046 2715; x_wconf 80' lang='lat' dir='ltr'><strong>Horatius</strong></span> 
     </span>
     <span class='ocr_line' id='line_1_46' title="bbox 366 2732 1045 2773; baseline -0.001 -11"><span class='ocrx_word' id='word_1_337' title='bbox 366 2734 460 2773; x_wconf 81' lang='lat' dir='ltr'><strong>ponit</strong></span> <span class='ocrx_word' id='word_1_338' title='bbox 475 2733 508 2762; x_wconf 89' lang='lat' dir='ltr'><strong>in</strong></span> <span class='ocrx_word' id='word_1_339' title='bbox 521 2742 577 2763; x_wconf 85' lang='lat' dir='ltr'><strong>ore</strong></span> <span class='ocrx_word' id='word_1_340' title='bbox 591 2734 752 2764; x_wconf 80' lang='lat' dir='ltr'><strong>sectantis</strong></span> <span class='ocrx_word' id='word_1_341' title='bbox 767 2737 944 2763; x_wconf 76' lang='lat' dir='ltr'><strong>matronas.</strong></span> <span class='ocrx_word' id='word_1_342' title='bbox 965 2732 1045 2762; x_wconf 90' lang='lat' dir='ltr'><strong>Sen-</strong></span> 
     </span>
     <span class='ocr_line' id='line_1_47' title="bbox 366 2780 1047 2821; baseline -0.001 -10"><span class='ocrx_word' id='word_1_343' title='bbox 366 2790 421 2815; x_wconf 80' lang='lat' dir='ltr'><strong>sus</strong></span> <span class='ocrx_word' id='word_1_344' title='bbox 436 2786 507 2812; x_wconf 86' lang='lat' dir='ltr'><strong>est:</strong></span> <span class='ocrx_word' id='word_1_345' title='bbox 533 2780 580 2811; x_wconf 91' lang='lat' dir='ltr'><strong>Ut</strong></span> <span class='ocrx_word' id='word_1_346' title='bbox 599 2785 736 2812; x_wconf 80' lang='lat' dir='ltr'><strong>venator</strong></span> <span class='ocrx_word' id='word_1_347' title='bbox 755 2781 903 2821; x_wconf 83' lang='lat' dir='ltr'><strong>leporem</strong></span> <span class='ocrx_word' id='word_1_348' title='bbox 919 2789 980 2821; x_wconf 86' lang='lat' dir='ltr'><strong>per</strong></span> <span class='ocrx_word' id='word_1_349' title='bbox 995 2780 1047 2815; x_wconf 75' lang='lat' dir='ltr'><strong>ui·,</strong></span> 
     </span>
    </p>
   </div>
   <div class='ocr_carea' id='block_1_8' title="bbox 1089 1468 1780 2764">
    <p class='ocr_par' dir='ltr' id='par_1_13' title="bbox 1089 1468 1773 1840">
     <span class='ocr_line' id='line_1_48' title="bbox 1090 1468 1767 1509; baseline 0 -10"><span class='ocrx_word' id='word_1_350' title='bbox 1090 1478 1146 1500; x_wconf 88' lang='lat' dir='ltr'><strong>ves</strong></span> <span class='ocrx_word' id='word_1_351' title='bbox 1171 1468 1292 1500; x_wconf 87' lang='lat' dir='ltr'><strong>sectari</strong></span> <span class='ocrx_word' id='word_1_352' title='bbox 1317 1474 1350 1500; x_wconf 75' lang='lat' dir='ltr'><strong>et</strong></span> <span class='ocrx_word' id='word_1_353' title='bbox 1375 1478 1497 1509; x_wconf 85' lang='lat' dir='ltr'><strong>capere</strong></span> <span class='ocrx_word' id='word_1_354' title='bbox 1518 1468 1654 1508; x_wconf 79' lang='lat' dir='ltr'><strong>gaudet,</strong></span> <span class='ocrx_word' id='word_1_355' title='bbox 1670 1477 1767 1509; x_wconf 86' lang='lat' dir='ltr'><strong>quem</strong></span> 
     </span>
     <span class='ocr_line' id='line_1_49' title="bbox 1090 1517 1769 1558; baseline -0.001 -9"><span class='ocrx_word' id='word_1_356' title='bbox 1090 1518 1278 1558; x_wconf 87' lang='lat' dir='ltr'><strong>appositum</strong></span> <span class='ocrx_word' id='word_1_357' title='bbox 1290 1518 1351 1548; x_wconf 77' lang='lat' dir='ltr'><strong>sibi</strong></span> <span class='ocrx_word' id='word_1_358' title='bbox 1366 1518 1490 1558; x_wconf 75' lang='lat' dir='ltr'><strong>ubsque</strong></span> <span class='ocrx_word' id='word_1_359' title='bbox 1502 1517 1568 1548; x_wconf 88' lang='lat' dir='ltr'><strong>ullo</strong></span> <span class='ocrx_word' id='word_1_360' title='bbox 1580 1517 1693 1548; x_wconf 83' lang='lat' dir='ltr'><strong>labore</strong></span> <span class='ocrx_word' id='word_1_361' title='bbox 1705 1526 1769 1548; x_wconf 84' lang='lat' dir='ltr'><strong>nec</strong></span> 
     </span>
     <span class='ocr_line' id='line_1_50' title="bbox 1090 1566 1772 1605; baseline 0 -9"><span class='ocrx_word' id='word_1_362' title='bbox 1090 1570 1227 1605; x_wconf 81' lang='lat' dir='ltr'><strong>tangere</strong></span> <span class='ocrx_word' id='word_1_363' title='bbox 1242 1566 1414 1605; x_wconf 82' lang='lat' dir='ltr'><strong>dignetur:</strong></span> <span class='ocrx_word' id='word_1_364' title='bbox 1438 1571 1571 1605; x_wconf 81' lang='lat' dir='ltr'><strong>captum</strong></span> <span class='ocrx_word' id='word_1_365' title='bbox 1587 1570 1697 1596; x_wconf 76' lang='lat' dir='ltr'><strong>nutem</strong></span> <span class='ocrx_word' id='word_1_366' title='bbox 1715 1575 1772 1596; x_wconf 84' lang='lat' dir='ltr'><strong>ve·</strong></span> 
     </span>
     <span class='ocr_line' id='line_1_51' title="bbox 1089 1613 1772 1653; baseline 0.001 -10"><span class='ocrx_word' id='word_1_367' title='bbox 1089 1613 1200 1644; x_wconf 82' lang='lat' dir='ltr'><strong>nando</strong></span> <span class='ocrx_word' id='word_1_368' title='bbox 1217 1619 1338 1644; x_wconf 79' lang='lat' dir='ltr'><strong>etcum</strong></span> <span class='ocrx_word' id='word_1_369' title='bbox 1361 1613 1561 1644; x_wconf 76' lang='lat' dir='ltr'><strong>difficultate</strong></span> <span class='ocrx_word' id='word_1_370' title='bbox 1585 1613 1690 1644; x_wconf 84' lang='lat' dir='ltr'><strong>libens</strong></span> <span class='ocrx_word' id='word_1_371' title='bbox 1713 1623 1772 1653; x_wconf 77' lang='lat' dir='ltr'><strong>ap-</strong></span> 
     </span>
     <span class='ocr_line' id='line_1_52' title="bbox 1091 1662 1772 1703; baseline 0.003 -11"><span class='ocrx_word' id='word_1_372' title='bbox 1091 1662 1186 1702; x_wconf 85' lang='lat' dir='ltr'><strong>ponit</strong></span> <span class='ocrx_word' id='word_1_373' title='bbox 1208 1662 1270 1692; x_wconf 81' lang='lat' dir='ltr'><strong>sibi</strong></span> <span class='ocrx_word' id='word_1_374' title='bbox 1293 1667 1329 1693; x_wconf 85' lang='lat' dir='ltr'><strong>et</strong></span> <span class='ocrx_word' id='word_1_375' title='bbox 1355 1663 1490 1693; x_wconf 87' lang='lat' dir='ltr'><strong>amicis:</strong></span> <span class='ocrx_word' id='word_1_376' title='bbox 1515 1663 1562 1694; x_wconf 88' lang='lat' dir='ltr'><strong>sic</strong></span> <span class='ocrx_word' id='word_1_377' title='bbox 1577 1671 1650 1702; x_wconf 85' lang='lat' dir='ltr'><strong>ego,</strong></span> <span class='ocrx_word' id='word_1_378' title='bbox 1665 1663 1772 1703; x_wconf 87' lang='lat' dir='ltr'><strong>inquit</strong></span> 
     </span>
     <span class='ocr_line' id='line_1_53' title="bbox 1090 1711 1771 1751; baseline 0 -10"><span class='ocrx_word' id='word_1_379' title='bbox 1090 1712 1158 1750; x_wconf 89' lang='lat' dir='ltr'><strong>ille,</strong></span> <span class='ocrx_word' id='word_1_380' title='bbox 1182 1715 1317 1751; x_wconf 81' lang='lat' dir='ltr'><strong>paratas</strong></span> <span class='ocrx_word' id='word_1_381' title='bbox 1341 1711 1446 1742; x_wconf 85' lang='lat' dir='ltr'><strong>cuivis</strong></span> <span class='ocrx_word' id='word_1_382' title='bbox 1473 1715 1605 1751; x_wconf 81' lang='lat' dir='ltr'><strong>togatas</strong></span> <span class='ocrx_word' id='word_1_383' title='bbox 1630 1719 1771 1751; x_wconf 86' lang='lat' dir='ltr'><strong>sperno;</strong></span> 
     </span>
     <span class='ocr_line' id='line_1_54' title="bbox 1091 1757 1773 1802; baseline -0.001 -11"><span class='ocrx_word' id='word_1_384' title='bbox 1091 1765 1127 1791; x_wconf 88' lang='lat' dir='ltr'><strong>at</strong></span> <span class='ocrx_word' id='word_1_385' title='bbox 1150 1765 1316 1791; x_wconf 81' lang='lat' dir='ltr'><strong>matronas</strong></span> <span class='ocrx_word' id='word_1_386' title='bbox 1338 1761 1484 1800; x_wconf 84' lang='lat' dir='ltr'><strong>depereo</strong></span> <span class='ocrx_word' id='word_1_387' title='bbox 1504 1757 1623 1802; x_wconf 84' lang='lat' dir='ltr'><strong>quibus</strong></span> <span class='ocrx_word' id='word_1_388' title='bbox 1639 1759 1706 1791; x_wconf 83' lang='lat' dir='ltr'><strong>frui</strong></span> <span class='ocrx_word' id='word_1_389' title='bbox 1721 1769 1773 1791; x_wconf 84' lang='lat' dir='ltr'><strong>ar-</strong></span> 
     </span>
     <span class='ocr_line' id='line_1_55' title="bbox 1091 1810 1270 1840; baseline -0.006 0"><span class='ocrx_word' id='word_1_390' title='bbox 1091 1810 1190 1840; x_wconf 88' lang='lat' dir='ltr'><strong>duum</strong></span> <span class='ocrx_word' id='word_1_391' title='bbox 1207 1814 1270 1840; x_wconf 83' lang='lat' dir='ltr'><strong>est.</strong></span> 
     </span>
    </p>

    <p class='ocr_par' dir='ltr' id='par_1_14' title="bbox 1091 1857 1780 2764">
     <span class='ocr_line' id='line_1_56' title="bbox 1134 1857 1773 1899; baseline -0.002 -10"><span class='ocrx_word' id='word_1_392' title='bbox 1134 1862 1192 1890; x_wconf 79' lang='lat'><strong>10⁷</strong></span> <span class='ocrx_word' id='word_1_393' title='bbox 1212 1860 1338 1897; x_wconf 74' lang='lat' dir='ltr'><strong>cantat,</strong></span> <span class='ocrx_word' id='word_1_394' title='bbox 1355 1859 1502 1899; x_wconf 80' lang='lat' dir='ltr'><strong>[Captat]</strong></span> <span class='ocrx_word' id='word_1_395' title='bbox 1518 1863 1548 1890; x_wconf 77' lang='lat' dir='ltr'><strong>et</strong></span> <span class='ocrx_word' id='word_1_396' title='bbox 1564 1857 1703 1899; x_wconf 70' lang='lat' dir='ltr'><strong>apponit]</strong></span> <span class='ocrx_word' id='word_1_397' title='bbox 1718 1857 1773 1888; x_wconf 90' lang='lat' dir='ltr'><strong>In-</strong></span> 
     </span>
     <span class='ocr_line' id='line_1_57' title="bbox 1091 1906 1773 1946; baseline 0.003 -10"><span class='ocrx_word' id='word_1_398' title='bbox 1091 1916 1171 1946; x_wconf 84' lang='lat' dir='ltr'><strong>gens</strong></span> <span class='ocrx_word' id='word_1_399' title='bbox 1186 1907 1239 1938; x_wconf 78' lang='lat' dir='ltr'><strong>hic</strong></span> <span class='ocrx_word' id='word_1_400' title='bbox 1254 1917 1374 1946; x_wconf 78' lang='lat' dir='ltr'><strong>pugna,</strong></span> <span class='ocrx_word' id='word_1_401' title='bbox 1389 1909 1503 1946; x_wconf 79' lang='lat' dir='ltr'><strong>ingens</strong></span> <span class='ocrx_word' id='word_1_402' title='bbox 1517 1907 1688 1938; x_wconf 76' lang='lat' dir='ltr'><strong>dissensio.</strong></span> <span class='ocrx_word' id='word_1_403' title='bbox 1714 1906 1773 1937; x_wconf 79' lang='lat' dir='ltr'><strong>Sa-</strong></span> 
     </span>
     <span class='ocr_line' id='line_1_58' title="bbox 1092 1955 1774 1993; baseline 0.001 -8"><span class='ocrx_word' id='word_1_404' title='bbox 1092 1956 1219 1993; x_wconf 77' lang='lat' dir='ltr'><strong>gaciter</strong></span> <span class='ocrx_word' id='word_1_405' title='bbox 1229 1956 1407 1987; x_wconf 78' lang='lat' dir='ltr'><strong>Lambinus</strong></span> <span class='ocrx_word' id='word_1_406' title='bbox 1418 1957 1464 1987; x_wconf 81' lang='lat' dir='ltr'><strong>ita</strong></span> <span class='ocrx_word' id='word_1_407' title='bbox 1474 1957 1631 1987; x_wconf 86' lang='lat' dir='ltr'><strong>correxit.</strong></span> <span class='ocrx_word' id='word_1_408' title='bbox 1648 1955 1774 1987; x_wconf 84' lang='lat' dir='ltr'><strong>Omnes</strong></span> 
     </span>
     <span class='ocr_line' id='line_1_59' title="bbox 1093 2004 1777 2045; baseline 0.001 -11"><span class='ocrx_word' id='word_1_409' title='bbox 1093 2009 1204 2034; x_wconf 83' lang='lat' dir='ltr'><strong>tamen</strong></span> <span class='ocrx_word' id='word_1_410' title='bbox 1220 2005 1352 2035; x_wconf 87' lang='lat' dir='ltr'><strong>codices</strong></span> <span class='ocrx_word' id='word_1_411' title='bbox 1374 2005 1438 2036; x_wconf 75' lang='lat' dir='ltr'><strong>linc</strong></span> <span class='ocrx_word' id='word_1_412' title='bbox 1460 2014 1564 2045; x_wconf 85' lang='lat' dir='ltr'><strong>usque</strong></span> <span class='ocrx_word' id='word_1_413' title='bbox 1579 2004 1777 2043; x_wconf 73' lang='lat' dir='ltr'><strong>habueruut,</strong></span> 
     </span>
     <span class='ocr_line' id='line_1_60' title="bbox 1095 2052 1776 2093; baseline 0.001 -11"><span class='ocrx_word' id='word_1_414' title='bbox 1095 2053 1221 2083; x_wconf 80' lang='lat' dir='ltr'><strong>Cantut.</strong></span> <span class='ocrx_word' id='word_1_415' title='bbox 1250 2052 1460 2093; x_wconf 85' lang='lat' dir='ltr'><strong>Interpretes</strong></span> <span class='ocrx_word' id='word_1_416' title='bbox 1475 2053 1507 2083; x_wconf 91' lang='lat' dir='ltr'><strong>in</strong></span> <span class='ocrx_word' id='word_1_417' title='bbox 1523 2053 1684 2093; x_wconf 80' lang='lat' dir='ltr'><strong>angustiis</strong></span> <span class='ocrx_word' id='word_1_418' title='bbox 1697 2061 1776 2086; x_wconf 85' lang='lat' dir='ltr'><strong>con-</strong></span> 
     </span>
     <span class='ocr_line' id='line_1_61' title="bbox 1093 2099 1776 2142; baseline 0 -10"><span class='ocrx_word' id='word_1_419' title='bbox 1093 2102 1204 2132; x_wconf 86' lang='lat' dir='ltr'><strong>stituti</strong></span> <span class='ocrx_word' id='word_1_420' title='bbox 1232 2101 1420 2132; x_wconf 84' lang='lat' dir='ltr'><strong>venatorios</strong></span> <span class='ocrx_word' id='word_1_421' title='bbox 1448 2102 1623 2142; x_wconf 72' lang='lat' dir='ltr'><strong>clamores,</strong></span> <span class='ocrx_word' id='word_1_422' title='bbox 1656 2099 1776 2142; x_wconf 79' lang='lat' dir='ltr'><strong>quibus</strong></span> 
     </span>
     <span class='ocr_line' id='line_1_62' title="bbox 1094 2151 1776 2187; baseline -0.001 -7"><span class='ocrx_word' id='word_1_423' title='bbox 1094 2151 1243 2181; x_wconf 79' lang='lat' dir='ltr'><strong>revocari</strong></span> <span class='ocrx_word' id='word_1_424' title='bbox 1263 2152 1372 2182; x_wconf 90' lang='lat' dir='ltr'><strong>solent</strong></span> <span class='ocrx_word' id='word_1_425' title='bbox 1395 2160 1507 2187; x_wconf 81' lang='lat' dir='ltr'><strong>canes,</strong></span> <span class='ocrx_word' id='word_1_426' title='bbox 1531 2151 1776 2182; x_wconf 75' lang='lat' dir='ltr'><strong>adhibuerunt:</strong></span> 
     </span>
     <span class='ocr_line' id='line_1_63' title="bbox 1094 2197 1775 2238; baseline -0.003 -8"><span class='ocrx_word' id='word_1_427' title='bbox 1094 2204 1129 2230; x_wconf 86' lang='lat' dir='ltr'><strong>et</strong></span> <span class='ocrx_word' id='word_1_428' title='bbox 1145 2199 1402 2238; x_wconf 82' lang='lat' dir='ltr'><strong>Xenophontem</strong></span> <span class='ocrx_word' id='word_1_429' title='bbox 1418 2198 1561 2230; x_wconf 82' lang='lat' dir='ltr'><strong>afferunt</strong></span> <span class='ocrx_word' id='word_1_430' title='bbox 1575 2197 1775 2238; x_wconf 65' lang='lat' dir='ltr'><strong>precipien-</strong></span> 
     </span>
     <span class='ocr_line' id='line_1_64' title="bbox 1095 2245 1779 2284; baseline -0.003 -6"><span class='ocrx_word' id='word_1_431' title='bbox 1095 2253 1163 2278; x_wconf 86' lang='lat' dir='ltr'><strong>tem</strong></span> <span class='ocrx_word' id='word_1_432' title='bbox 1188 2247 1298 2278; x_wconf 84' lang='lat' dir='ltr'><strong>varios</strong></span> <span class='ocrx_word' id='word_1_433' title='bbox 1325 2253 1419 2278; x_wconf 78' lang='lat' dir='ltr'><strong>tonos</strong></span> <span class='ocrx_word' id='word_1_434' title='bbox 1445 2247 1536 2278; x_wconf 86' lang='lat' dir='ltr'><strong>vocis</strong></span> <span class='ocrx_word' id='word_1_435' title='bbox 1561 2245 1779 2284; x_wconf 82' lang='lat' dir='ltr'><strong>adhibendos,</strong></span> 
     </span>
     <span class='ocr_line' id='line_1_65' title="bbox 1094 2303 1776 2336; baseline -0.003 -9"><span class='ocrx_word' id='word_1_436' title='bbox 1094 2303 1240 2334; x_wconf 83' lang='lat' dir='ltr'><strong>acutum,</strong></span> <span class='ocrx_word' id='word_1_437' title='bbox 1256 2305 1409 2336; x_wconf 78' lang='lat' dir='ltr'><strong>gravem;</strong></span> <span class='ocrx_word' id='word_1_438' title='bbox 1433 2305 1585 2335; x_wconf 80' lang='lat' dir='ltr'><strong>parvum,</strong></span> <span class='ocrx_word' id='word_1_439' title='bbox 1599 2303 1776 2335; x_wconf 75' lang='lat' dir='ltr'><strong>mugnnm3</strong></span> 
     </span>
     <span class='ocr_line' id='line_1_66' title="bbox 1094 2342 1777 2384; baseline -0.006 -8"><span class='ocrx_word' id='word_1_440' title='bbox 1094 2350 1129 2376; x_wconf 91' lang='lat' dir='ltr'><strong>et</strong></span> <span class='ocrx_word' id='word_1_441' title='bbox 1145 2345 1192 2375; x_wconf 89' lang='lat' dir='ltr'><strong>sic</strong></span> <span class='ocrx_word' id='word_1_442' title='bbox 1207 2353 1323 2375; x_wconf 82' lang='lat' dir='ltr'><strong>vocem</strong></span> <span class='ocrx_word' id='word_1_443' title='bbox 1340 2344 1456 2374; x_wconf 78' lang='lat' dir='ltr'><strong>Cuntat</strong></span> <span class='ocrx_word' id='word_1_444' title='bbox 1476 2342 1662 2382; x_wconf 67' lang='lat' dir='ltr'><strong>explicent,</strong></span> <span class='ocrx_word' id='word_1_445' title='bbox 1675 2351 1777 2384; x_wconf 85' lang='lat' dir='ltr'><strong>seque</strong></span> 
     </span>
     <span class='ocr_line' id='line_1_67' title="bbox 1094 2389 1778 2431; baseline -0.006 -7"><span class='ocrx_word' id='word_1_446' title='bbox 1094 2398 1132 2424; x_wconf 89' lang='lat' dir='ltr'><strong>ut</strong></span> <span class='ocrx_word' id='word_1_447' title='bbox 1157 2393 1234 2423; x_wconf 82' lang='lat' dir='ltr'><strong>licet</strong></span> <span class='ocrx_word' id='word_1_448' title='bbox 1258 2391 1450 2431; x_wconf 85' lang='lat' dir='ltr'><strong>expediunt.</strong></span> <span class='ocrx_word' id='word_1_449' title='bbox 1494 2391 1617 2421; x_wconf 88' lang='lat' dir='ltr'><strong>Verum</strong></span> <span class='ocrx_word' id='word_1_450' title='bbox 1643 2389 1670 2421; x_wconf 87' lang='lat' dir='ltr'><strong>si</strong></span> <span class='ocrx_word' id='word_1_451' title='bbox 1696 2391 1778 2421; x_wconf 86' lang='lat' dir='ltr'><strong>reti—</strong></span> 
     </span>
     <span class='ocr_line' id='line_1_68' title="bbox 1095 2436 1780 2476; baseline -0.001 -5"><span class='ocrx_word' id='word_1_452' title='bbox 1095 2440 1206 2472; x_wconf 86' lang='lat' dir='ltr'><strong>nenda</strong></span> <span class='ocrx_word' id='word_1_453' title='bbox 1238 2443 1334 2470; x_wconf 83' lang='lat' dir='ltr'><strong>vetus</strong></span> <span class='ocrx_word' id='word_1_454' title='bbox 1355 2439 1469 2476; x_wconf 87' lang='lat' dir='ltr'><strong>lectio,</strong></span> <span class='ocrx_word' id='word_1_455' title='bbox 1493 2439 1606 2469; x_wconf 79' lang='lat' dir='ltr'><strong>Cantac</strong></span> <span class='ocrx_word' id='word_1_456' title='bbox 1633 2436 1780 2470; x_wconf 81' lang='lat' dir='ltr'><strong>referen-</strong></span> 
     </span>
     <span class='ocr_line' id='line_1_69' title="bbox 1096 2487 1779 2527; baseline -0.004 -7"><span class='ocrx_word' id='word_1_457' title='bbox 1096 2489 1172 2520; x_wconf 86' lang='lat' dir='ltr'><strong>dum</strong></span> <span class='ocrx_word' id='word_1_458' title='bbox 1188 2493 1239 2520; x_wconf 84' lang='lat' dir='ltr'><strong>est</strong></span> <span class='ocrx_word' id='word_1_459' title='bbox 1259 2487 1300 2518; x_wconf 82' lang='lat' dir='ltr'><strong>ad</strong></span> <span class='ocrx_word' id='word_1_460' title='bbox 1323 2488 1525 2518; x_wconf 79' lang='lat' dir='ltr'><strong>cantilenam</strong></span> <span class='ocrx_word' id='word_1_461' title='bbox 1541 2496 1640 2527; x_wconf 82' lang='lat' dir='ltr'><strong>quam</strong></span> <span class='ocrx_word' id='word_1_462' title='bbox 1655 2491 1779 2518; x_wconf 74' lang='lat' dir='ltr'><strong>matro-</strong></span> 
     </span>
     <span class='ocr_line' id='line_1_70' title="bbox 1097 2535 1778 2576; baseline -0.004 -7"><span class='ocrx_word' id='word_1_463' title='bbox 1097 2547 1211 2569; x_wconf 78' lang='lat' dir='ltr'><strong>narum</strong></span> <span class='ocrx_word' id='word_1_464' title='bbox 1225 2541 1370 2568; x_wconf 77' lang='lat' dir='ltr'><strong>sectator</strong></span> <span class='ocrx_word' id='word_1_465' title='bbox 1385 2536 1473 2567; x_wconf 82' lang='lat' dir='ltr'><strong>canit</strong></span> <span class='ocrx_word' id='word_1_466' title='bbox 1487 2546 1495 2565; x_wconf 85' lang='lat'><strong>:</strong></span> <span class='ocrx_word' id='word_1_467' title='bbox 1513 2539 1548 2566; x_wconf 89' lang='lat' dir='ltr'><strong>et</strong></span> <span class='ocrx_word' id='word_1_468' title='bbox 1564 2544 1628 2565; x_wconf 84' lang='lat' dir='ltr'><strong>vox</strong></span> <span class='ocrx_word' id='word_1_469' title='bbox 1641 2535 1778 2576; x_wconf 72' lang='lat' dir='ltr'><strong>apponit,</strong></span> 
     </span>
     <span class='ocr_line' id='line_1_71' title="bbox 1098 2582 1778 2628; baseline -0.007 -10"><span class='ocrx_word' id='word_1_470' title='bbox 1098 2585 1297 2628; x_wconf 73' lang='lat' dir='ltr'><strong>explicanda</strong></span> <span class='ocrx_word' id='word_1_471' title='bbox 1327 2589 1393 2622; x_wconf 88' lang='lat' dir='ltr'><strong>est,</strong></span> <span class='ocrx_word' id='word_1_472' title='bbox 1424 2585 1433 2602; x_wconf 90' lang='lat'>‘</span> <span class='ocrx_word' id='word_1_473' title='bbox 1450 2582 1566 2623; x_wconf 72' lang='lat' dir='ltr'><strong>addit:</strong></span> <span class='ocrx_word' id='word_1_474' title='bbox 1595 2592 1654 2614; x_wconf 80' lang='lat' dir='ltr'><strong>seu</strong></span> <span class='ocrx_word' id='word_1_475' title='bbox 1674 2585 1684 2601; x_wconf 76' lang='lat'>⁶</span> <span class='ocrx_word' id='word_1_476' title='bbox 1702 2592 1778 2623; x_wconf 84' lang='lat' dir='ltr'><strong>pro-</strong></span> 
     </span>
     <span class='ocr_line' id='line_1_72' title="bbox 1098 2632 1776 2676; baseline -0.007 -10"><span class='ocrx_word' id='word_1_477' title='bbox 1098 2633 1280 2676; x_wconf 78' lang='lat' dir='ltr'><strong>sequiturz’</strong></span> <span class='ocrx_word' id='word_1_478' title='bbox 1321 2638 1358 2664; x_wconf 89' lang='lat' dir='ltr'><strong>ut</strong></span> <span class='ocrx_word' id='word_1_479' title='bbox 1379 2632 1548 2672; x_wconf 84' lang='lat' dir='ltr'><strong>ingeniose</strong></span> <span class='ocrx_word' id='word_1_480' title='bbox 1572 2632 1776 2672; x_wconf 80' lang='lat' dir='ltr'><strong>solerterque</strong></span> 
     </span>
     <span class='ocr_line' id='line_1_73' title="bbox 1098 2679 1779 2715; baseline -0.001 -1"><span class='ocrx_word' id='word_1_481' title='bbox 1098 2683 1262 2715; x_wconf 77' lang='lat' dir='ltr'><strong>Dacerius</strong></span> <span class='ocrx_word' id='word_1_482' title='bbox 1285 2687 1398 2713; x_wconf 89' lang='lat' dir='ltr'><strong>noster</strong></span> <span class='ocrx_word' id='word_1_483' title='bbox 1419 2679 1639 2712; x_wconf 71' lang='lat' dir='ltr'><strong>subodoratus</strong></span> <span class='ocrx_word' id='word_1_484' title='bbox 1669 2684 1720 2712; x_wconf 86' lang='lat' dir='ltr'><strong>est</strong></span> <span class='ocrx_word' id='word_1_485' title='bbox 1742 2684 1779 2713; x_wconf 79' lang='lat' dir='ltr'><strong>et</strong></span> 
     </span>
     <span class='ocr_line' id='line_1_74' title="bbox 1099 2732 1214 2764; baseline -0.017 0"><span class='ocrx_word' id='word_1_486' title='bbox 1099 2732 1214 2764; x_wconf 82' lang='lat' dir='ltr'><strong>sensit.</strong></span> 
     </span>
    </p>
   </div>
  </div>
 </body>
</html>
