1890 3256
596 295 946 328 EPlSToLARUM
985 297 1077 327 mn.
1109 298 1139 327 1.
1171 287 1210 327 1.
1522 289 1634 330 1077

181 391 379 440 Oneum-i,
401 390 544 431 rides:
574 390 612 430 si
634 390 750 431 sorte
773 390 990 432 subucula
1010 402 1143 443 pexae
1575 390 1634 431 95

180 458 306 499 Trita
326 458 478 498 subest
498 456 671 506 tunicae,
695 457 763 498 vel
783 457 819 497 si
841 461 945 510 toga
963 456 1152 498 dissidet
1171 456 1327 510 impar,

182 523 324 564 Rides
341 538 351 565 :
382 523 501 577 quid,
521 535 622 564 mea
643 535 743 564 cum
764 527 928 576 pugnat
948 523 1162 565 sententia
1182 523 1363 564 secum?

182 590 317 640 Quod
336 590 484 644 petiit,
506 591 697 644 spernit3
726 590 884 644 repetit
900 590 1021 644 quod
1040 602 1183 643 nuper
1203 590 1385 631 omisit?

181 657 375 707 AEstuat‚
395 662 436 697 et
457 656 560 698 vitae
583 656 864 698 disconvenit
882 656 1035 697 ordine
1056 656 1182 697 toto?

183 723 342 773 Diruit,
364 722 571 773 aedificat,
592 726 733 764 mutat
752 722 970 776 quadrata
989 722 1193 764 rotundis
1210 723 1230 762 Τ
1552 721 1636 762 100

180 789 380 831 Insanire
402 795 535 843 putas
555 790 756 831 solennia
777 802 860 838 me,
880 802 1021 844 neque
1041 789 1176 840 rides,

182 855 225 897 N
228 869 278 897 ec
297 855 455 896 medici
475 856 635 906 credis,
656 868 740 896 nec
763 856 981 897 curatoris
1001 868 1128 908 egere

180 921 221 962 A
239 926 424 976 praetore
445 922 563 976 dati3
594 936 739 964 rerum
761 923 893 964 tutela
910 935 1105 963 mearum

179 988 292 1031 Cum
312 990 392 1040 sis,
413 995 459 1030 et
480 1002 618 1043 prave
640 995 809 1031 sectum
831 989 1123 1030 stomacheris
1145 989 1202 1030 ob
1223 1001 1410 1042 unguem

178 1129 290 1160 habens
303 1129 429 1169 capillos
452 1129 648 1169 imqualiter
661 1128 774 1159 recisos
787 1139 808 1159 a
822 1131 956 1167 tonsore,
978 1128 1142 1158 cachinnos
1162 1127 1256 1159 tollis.
1303 1127 1343 1158 Si
1356 1126 1502 1159 subucula
1515 1129 1635 1159 detrita

178 1171 338 1211 supposita
369 1171 473 1209 faerit
502 1171 616 1202 tunicae
651 1171 787 1210 mundae,
810 1171 859 1201 cel
884 1170 913 1200 si
940 1173 1015 1209 toga
1044 1170 1207 1210 inaequalis
1229 1170 1445 1205 disconvenit,·
1475 1171 1508 1201 in
1535 1171 1636 1201 risum

177 1213 316 1244 salter-is.
378 1213 465 1249 Quid
490 1223 570 1250 vero,
593 1223 662 1244 cum
685 1222 752 1244 mea
781 1222 866 1243 mens
892 1222 994 1243 secum
1022 1213 1161 1243 luctatur
1169 1223 1181 1250 ;
1204 1214 1376 1244 contemnit
1401 1213 1482 1252 quod
1503 1213 1636 1253 cupivit,

176 1255 308 1296 requirit
328 1257 406 1295 quod
420 1256 508 1286 modo
526 1255 661 1295 abjecit,·
681 1255 824 1294 agitatur
845 1264 882 1285 ao
900 1255 1060 1286 discordat
1082 1257 1146 1285 toto
1168 1254 1242 1285 vitae
1261 1254 1392 1291 oraim,-
1416 1255 1564 1294 destruit,
1578 1265 1634 1285 ex·

175 1298 295 1335 etv-uin
317 1299 471 1338 quadrata
498 1301 597 1329 mutat
611 1295 778 1328 rotundis?
800 1300 867 1328 tum
888 1300 971 1328 certe
992 1297 1155 1328 existimas
1178 1306 1225 1328 me
1244 1297 1397 1327 communi
1413 1297 1538 1328 insania
1552 1297 1635 1328 labo-

176 1350 261 1379 rare,
283 1349 381 1381 neque
402 1340 536 1379 derides,
559 1350 614 1371 nec
634 1344 726 1380 patae
747 1340 889 1379 indigere
908 1340 1026 1370 medico
1041 1339 1088 1370 vel
1102 1341 1246 1370 curatore
1260 1349 1279 1370 a
1296 1339 1440 1370 Proetore
1453 1339 1613 1378 assignato
1624 1350 1637 1376 ,·

175 1392 247 1414 eum
268 1383 314 1414 sis
337 1384 473 1414 columen
495 1392 598 1415 rerum
621 1391 773 1422 mearum,
796 1392 813 1413 o
836 1382 1007 1422 Moecenas,
1023 1385 1054 1413 et
1075 1381 1251 1421 indigneris
1270 1385 1398 1422 propter
1413 1383 1492 1413 male
1505 1382 1638 1413 recisum

775 1480 1020 1494 “euaooueae

177 1546 347 1589 exhibet,)
363 1547 447 1578 item
464 1547 580 1579 Bentl.
605 1548 751 1588 Cnning.
775 1547 899 1579 Sanad.
915 1548 1007 1588 Traj.
1026 1547 1068 1578 ad
1089 1547 1199 1578 Rhen.
1219 1549 1313 1578 1713.
1328 1546 1418 1578 Phil.
1434 1545 1588 1587 Sandby,
1602 1550 1638 1577 et

179 1593 328 1620 reeentt.
351 1594 490 1621 curatus.
532 1590 699 1623 Quaedam
722 1589 802 1621 edd.
829 1595 909 1621 ante
935 1590 1047 1622 Bentl.
1063 1594 1252 1629 sequuntur
1268 1589 1523 1624 Locherianam‚
1539 1594 1575 1618 et
1592 1588 1641 1619 le-

178 1636 264 1671 gunt
277 1635 438 1663 curtatus.-
462 1633 512 1663 ita
533 1633 637 1663 etiam
658 1633 770 1664 Julius
786 1631 984 1663 Rufinianus
999 1632 1042 1663 de
1057 1631 1246 1663 Scliematis
1270 1632 1414 1666 Lexe0s‚
1430 1630 1521 1661 inter
1537 1630 1638 1661 Rliet.

181 1673 257 1704 Lat.
280 1673 394 1706 Paris.
413 1676 507 1705 1599.
531 1675 631 1705 Baxt.
648 1675 753 1706 Gesn.
770 1674 877 1705 Zenn.
895 1674 1014 1706 Comb.
1037 1678 1074 1704 et
1094 1674 1319 1713 Bipont.—95
1347 1674 1487 1703 Occurro
1503 1677 1637 1712 septem

178 1715 274 1746 Vatt.
290 1720 326 1745 et
342 1715 408 1746 dno
431 1716 487 1746 alii
506 1726 561 1756 ap.
578 1716 694 1753 Feam,
709 1717 765 1747 alii
781 1717 886 1747 etiam
903 1715 994 1756 apud
1010 1716 1125 1747 Bentl.
1141 1720 1177 1746 et
1192 1715 1269 1746 Val.
1286 1719 1440 1745 notatum
1458 1723 1501 1745 ex
1519 1715 1587 1745 Ms.
1604 1715 1638 1745 in

178 1765 236 1787 ora
259 1756 419 1788 editionis
446 1757 526 1789 Aldi
543 1761 639 1790 1509.
655 1759 689 1789 in
706 1758 871 1790 Biblioth.
888 1758 1103 1796 Bai-berina;
1127 1757 1307 1798 adoptavit
1323 1757 1438 1788 Bentl.
1455 1757 1534 1787 inde
1551 1757 1638 1789 Cnn.

175 1798 258 1829 San.
285 1799 439 1840 Sandby,
463 1800 539 1832 Val.
561 1801 705 1832 Wetzel.
737 1803 746 1820 ‘
763 1801 922 1832 Praesens
949 1805 1081 1841 tempus
1106 1799 1294 1831 concordat
1317 1809 1392 1830 cum
1416 1799 1638 1840 sequentibus

173 1841 289 1881 subest,
304 1841 448 1873 dissidet.
472 1842 570 1873 Bene
586 1852 628 1874 ex
649 1843 731 1874 Sen.
747 1843 861 1883 Epist.
878 1845 952 1875 114.
966 1847 1064 1874 notat
1078 1842 1223 1874 Wetzel.
1237 1842 1467 1873 Maecenatem
1485 1843 1518 1872 in
1534 1842 1638 1873 rebus

177 1883 341 1923 ejusmodi
368 1884 504 1914 minutis
526 1884 727 1924 diligentem
749 1884 875 1923 fnisse3
899 1891 935 1916 et
951 1885 1064 1925 ipsum
1080 1885 1114 1916 in
1129 1885 1237 1924 cultu,
1252 1890 1286 1915 et
1302 1884 1420 1915 habitu
1437 1885 1586 1924 mollem,
1602 1889 1639 1916 et

176 1925 373 1957 delicatum.
418 1925 585 1957 Horatius
602 1926 768 1968 queritur,
786 1936 822 1957 se
839 1927 882 1958 ab
899 1937 939 1958 eo
957 1927 1076 1962 rideri,
1093 1932 1129 1958 et
1146 1927 1351 1967 reprehendi
1367 1926 1402 1956 in
1417 1926 1491 1964 his;
1515 1926 1547 1956 in
1569 1936 1637 1957 ma-

170 1967 316 2008 jon-ibus,
345 1972 382 1998 et
407 1969 590 2000 moralibus
616 1978 684 1999 non
715 1967 916 2000 emendari!
940 1969 1105 2000 Fan—96
1126 1967 1357 1999 Schoenborn.
1388 1971 1420 1999 4.
1453 1968 1639 2008 dissipet.—

176 2011 218 2039 ⁹7
235 2009 463 2040 Schoenborn.
475 2013 511 2041 3.
534 2011 643 2042 Rides.
688 2011 752 2042 Sed
768 2011 843 2051 quia
859 2020 900 2042 m.
914 2021 942 2042 c.
962 2014 1083 2051 pugnet
1098 2020 1122 2041 s.
1136 2020 1264 2041 nzecum.
1303 2011 1380 2042 Duo
1392 2010 1490 2042 Vatt.
1511 2014 1638 2051 pugnet.

179 2049 246 2082 Alii
261 2051 362 2082 codd.
377 2061 432 2091 ap.
449 2051 568 2091 Feam,
583 2053 742 2085 Torrent.
758 2058 794 2083 et
811 2053 925 2085 Bentl.
945 2053 1102 2084 sententia
1122 2055 1338 2084 mecum—99
1359 2053 1591 2084 Schoenborn.
1605 2056 1637 2085 4.

178 2095 209 2122 et
237 2095 302 2123 toto
326 2094 359 2125 d.
379 2103 407 2123 o.
434 2093 529 2124 vitae?
572 2094 803 2125 Schoenborn.
827 2097 859 2126 3.
886 2094 995 2126 ordine
1022 2098 1237 2126 rancor-101
1262 2094 1419 2126 vallicel.
1437 2098 1468 2125 l.
1490 2095 1639 2127 solemnia

179 2144 225 2165 me
235 2137 353 2166 ?—104
377 2135 460 2166 Vat.
487 2135 599 2166 Palat.
629 2138 660 2166 3.
689 2136 830 2167 Veneti.
846 2138 943 2168 1492.
972 2138 1069 2170 1495.
1104 2136 1190 2168 Bad.
1218 2136 1359 2168 Ascens.
1380 2138 1646 2168 stomacharis.—-

178 2292 275 2324 malit
299 2293 418 2333 Remp.
443 2293 573 2325 turbari
597 2303 697 2335 quam
724 2295 880 2326 comam?
978 2297 1038 2326 101
1055 2294 1299 2335 {mnireputas
1309 2295 1447 2326 solennia
1458 2296 1520 2337 me]
1538 2296 1636 2328 Com-

179 2343 252 2382 qnis
268 2351 334 2373 non
350 2343 515 2375 solicitior
531 2343 574 2374 de
599 2344 725 2384 capitis
740 2344 879 2385 decore,
934 2344 1026 2375 muni
1041 2344 1196 2375 omnibns
1213 2353 1330 2375 errore
1346 2354 1398 2375 me
1422 2344 1500 2375 duci
1524 2351 1638 2385 putas,

177 2401 276 2432 quam
293 2391 335 2423 de
351 2393 488 2424 salute?
501 2392 509 2406 ’
523 2394 590 2425 διο.
755 2414 763 2416 e
933 2394 1079 2436 ideoque
1094 2404 1148 2426 me
1165 2403 1231 2426 non
1249 2393 1400 2425 derides.

219 2444 261 2472 95
285 2441 419 2480 Sisorte
439 2443 588 2474 subucula
604 2444 709 2484 pexae]
742 2443 778 2475 Si
807 2452 879 2474 ves·
978 2447 1039 2476 102
1079 2445 1147 2476 Nec
1175 2444 1287 2475 medici
1316 2443 1427 2482 credis,
1451 2443 1519 2483 ξω]
1557 2443 1637 2475 Non

179 2490 263 2521 tium
292 2491 576 2534 inaequalitatem,
603 2492 881 2533 discrepantiam,
934 2503 988 2525 me
1005 2493 1115 2525 credis
1131 2494 1298 2527 insanum.
1320 2492 1377 2532 qui
1394 2492 1568 2523 helleboro
1584 2502 1637 2524 sa—

180 2539 415 2573 ineonci'nnam
443 2543 646 2583 positionem
675 2542 813 2582 viderie,
838 2543 880 2575 ri·
933 2543 1064 2574 naudus
1088 2544 1171 2574 sim:
1196 2548 1232 2573 et
1258 2541 1314 2572 cui
1342 2541 1476 2571 Praetor
1501 2547 1636 2574 curato-

182 2591 261 2622 des:
286 2591 366 2632 quid
393 2601 485 2632 vero,
505 2594 532 2624 si
556 2598 706 2625 mentem
728 2602 836 2624 meam
861 2604 880 2624 a
936 2602 1006 2623 rem
1031 2592 1115 2623 dare
1142 2591 1280 2626 debeat,
1297 2594 1335 2621 ut
1360 2590 1488 2622 «lictum
1514 2597 1578 2632 est,
1594 2601 1635 2623 ιι.

182 2640 296 2680 seipsa
311 2640 564 2674 dissentientem
580 2643 852 2674 animadvertas?
932 2643 1005 2674 Sat.
1020 2645 1052 2673 3.
1066 2645 1142 2673 218.

227 2692 286 2721 100
310 2690 416 2722 Mutat
438 2692 590 2732 quadrata
608 2692 767 2733 rotundis]
789 2693 880 2726 Qua·
979 2693 1041 2722 104
1065 2691 1170 2722 Prave
1198 2693 1314 2721 sectum
1340 2689 1378 2721 ob
1404 2690 1551 2731 unguem]
1581 2690 1636 2722 Ob

182 2740 314 2772 dratam
341 2740 601 2773 aedificationem
629 2742 776 2775 rotunda
808 2752 880 2774 mu·
934 2740 1107 2773 levissima
1122 2740 1252 2782 quaevis
1269 2740 1637 2781 errata,vitia,incom-

183 2794 246 2820 tat.
291 2787 358 2820 Ina
387 2789 542 2821 nimirum
570 2791 670 2831 paulo
695 2796 775 2823 ante
808 2792 880 2832 pla·
935 2791 1047 2823 moda.

182 2843 312 2879 onerat,
324 2838 397 2871 haee
415 2839 573 2880 verojam
587 2840 697 2880 magis
714 2841 838 2881 placet.
