1904 3256
596 306 871 338 SERMONUM
906 308 1004 339 mn.
1038 308 1068 338 1.
1105 297 1144 338 1.
1490 298 1575 339 767

125 404 356 447 Momento
375 402 466 445 cita
484 413 601 442 mors
621 402 756 451 venit,
777 405 856 443 aut
875 402 1060 443 victoria.
1078 402 1195 443 laeta.

123 471 381 525 Agricolam
399 468 551 510 laudat
563 467 680 521 juris
697 469 935 522 legumque
956 469 1142 522 peritus,

125 538 217 580 Sub
237 537 346 591 galli
365 539 541 578 cantum
559 535 781 577 consultor
801 536 876 577 ubi
898 536 1015 576 ostia
1034 536 1194 589 pulsat.
1520 535 1576 577 10

122 604 210 646 Ille
231 603 350 645 datis
369 602 560 644 vadibus
578 602 655 655 qui
672 615 770 643 rure
791 607 1021 645 extractus
1041 603 1086 644 in
1105 603 1254 644 urbem
1274 604 1357 652 est,

123 722 294 754 Enimvero
307 719 488 762 confligitur
500 730 510 750 .·
531 719 615 749 horoe
629 719 730 759 spatio
745 719 830 751 brevi
844 729 925 750 mors
939 721 1029 751 celox
1042 720 1169 759 accidit,
1183 718 1232 750 vel
1239 718 1325 757 felix
1338 719 1479 752 victoria.
1511 720 1574 750 Ju-

122 763 512 801 riscmuumsortunatos
526 762 681 800 agricolas
694 764 843 800 aestimac,
857 763 979 802 quando
994 763 1150 793 consultor
1156 762 1289 800 januam
1303 762 1368 800 ejus
1381 761 1575 793 verberatae!

120 806 327 845 gallicinium.
357 805 392 836 Is
405 814 476 836 vero
491 805 544 845 qui
558 804 643 835 datis
657 805 853 844 sponsoribus
867 814 939 835 rure
952 805 1100 836 deductus
1114 807 1161 835 est
1174 804 1207 834 in
1221 804 1392 844 civitatem,
1405 805 1483 836 solos
1493 814 1574 845 prae-

724 896 861 910 ‘0000‘ae
867 899 962 910 coece

123 963 144 992 8
166 961 326 992 Momento
350 964 405 993 aut
430 961 494 992 cita
519 970 602 992 mors
625 964 770 999 quatuor
787 959 887 991 codd.
905 961 1072 999 Lambini,
1087 962 1175 1003 quod
1193 965 1400 1002 receperunt
1416 961 1576 993 Glarean-

123 1003 239 1036 Lamb.
253 1004 369 1035 Bentl.
386 1003 530 1034 Wetzel.
548 1001 733 1038 Heindorf,
749 1007 785 1034 et
802 1002 908 1033 Kidd.
923 1007 979 1035 aut
995 1013 1061 1035 non
1078 1010 1267 1045 agnoscunt
1289 1004 1389 1035 Harl.
1406 1006 1436 1034 1.
1450 1006 1482 1035 2.
1497 1005 1527 1034 3.
1543 1006 1576 1034 4.

122 1048 154 1078 6.
170 1049 202 1077 7.
218 1055 333 1078 omnes
347 1046 561 1081 Bersmanni,
579 1045 720 1086 Cruquii
737 1044 925 1080 Torrentii‚
953 1050 989 1077 et
1012 1047 1091 1078 edd.
1115 1052 1201 1079 vett.
1226 1047 1308 1078 item
1323 1046 1448 1087 Delph.
1464 1045 1575 1077 Bond.

123 1087 231 1129 Cruq.
253 1089 410 1119 Torrent.
425 1088 472 1119 Η.
489 1092 526 1119 et
541 1088 582 1118 R.
604 1087 724 1127 Steph-
749 1087 872 1118 Heins.
897 1088 1072 1120 Schrevel.
1099 1089 1226 1121 Sanad.
1253 1089 1397 1129 Cuning.
1423 1088 1575 1127 Towers,

123 1129 277 1168 Francis,
291 1131 431 1170 Bipont.
447 1128 585 1161 Wakef.
611 1134 648 1160 et
669 1129 788 1160 Comb.
827 1131 837 1147 ‘
854 1130 980 1162 Metuit
1003 1131 1194 1171 Bentleius,
1210 1141 1252 1162 ne
1274 1131 1458 1162 ominosum
1474 1135 1510 1161 et
1526 1130 1576 1160 in-

121 1170 271 1203 faustum
286 1173 330 1203 sit
344 1172 409 1203 cita
422 1181 517 1211 mors,
531 1180 597 1202 non
614 1172 787 1211 praemissu
803 1172 974 1212 particula
989 1172 1206 1214 disjunctiva.
1250 1173 1319 1205 Sed
1343 1173 1432 1204 solet
1456 1172 1490 1203 in
1514 1172 1575 1204 tali

122 1221 160 1244 re
187 1214 264 1254 poni
291 1223 370 1254 pars
395 1213 546 1244 deterior
571 1213 826 1254 disjunctionis:
851 1218 887 1244 et
910 1215 974 1246 cita
992 1225 1075 1247 mors
1099 1216 1217 1247 melior
1233 1220 1348 1247 tamen
1363 1215 1417 1247 hic
1438 1214 1577 1256 ponitur

122 1255 216 1287 lento
232 1256 388 1287 cruciatu
403 1256 493 1287 inter
508 1264 603 1296 spem
620 1263 656 1288 et
671 1254 822 1287 metum!
840 1255 1025 1289 Gen—10
1041 1258 1108 1291 Sub
1127 1259 1208 1299 galli
1223 1261 1317 1290 cantu
1331 1257 1430 1290 Harl.
1442 1259 1475 1289 7.
1491 1257 1576 1288 Exc.

754 1332 919 1393 ''NOTAE

165 1436 206 1465 10
226 1433 386 1472 Subgaui
399 1433 540 1473 cautim]
563 1434 739 1474 Quemque
759 1438 819 1464 tae·

121 1483 180 1515 det
196 1492 266 1514 suae
287 1482 505 1522 conditionis,
527 1482 607 1513 dum
623 1482 697 1522 ejus
713 1482 820 1513 sentit

872 1434 1028 1466 faucibus
1045 1436 1149 1467 russis
1165 1440 1282 1476 cantu,
1293 1436 1483 1477 plausuque
1497 1444 1573 1475 pre·

872 1489 968 1516 munt
989 1486 1082 1517 alas.’
1138 1486 1223 1518 Coel.
1246 1485 1395 1526 Rhodig.
1420 1494 1496 1517 xvr.
1523 1488 1574 1516 13.

118 1534 352 1566 incommoda:
390 1533 536 1564 alienam
572 1541 653 1564 vero
692 1533 820 1572 laudat,

118 1583 274 1625 quoniam
303 1589 374 1615 tum
404 1583 480 1624 ejus
506 1583 614 1615 solum
641 1583 818 1615 commoda

117 1631 282 1666 intuetur.
327 1633 384 1666 Sic
412 1630 636 1674 Jurisperitns
667 1633 818 1674 agricola

116 1692 154 1714 se
168 1681 391 1715 infeliciorem
408 1686 520 1723 putat,
533 1682 817 1723 quandocumque

116 1734 300 1775 importuni
314 1734 436 1765 adsunt
449 1734 673 1772 consultores,
683 1737 719 1764 et
729 1742 817 1764 sum-

115 1792 171 1815 mo
193 1793 293 1816 mane
315 1784 403 1815 ostia
429 1783 580 1824 pulsant,
605 1791 756 1813 somnum
781 1787 817 1814 et

117 1833 264 1876 quietem
276 1833 565 1873 interturbantes,
574 1842 634 1864 seu
649 1842 724 1864 cum
742 1842 817 1863 nar-

115 1883 302 1917 rationibus
315 1884 368 1914 vel
384 1882 710 1923 interrogationibus
725 1891 816 1922 saepe

90 1971 98 1975 „
115 1932 270 1967 futilibus
285 1938 321 1966 et
335 1933 471 1965 insulsis
485 1938 591 1973 caput
607 1932 814 1966 obtundunt.

123 2016 126 2019 Δ
161 1983 250 2016 Gaui
263 1981 403 2023 cantum]
426 1982 514 2014 Vide
530 1982 623 2014 Plin.
638 1990 673 2014 x.
688 1985 742 2014 21.
757 1981 813 2013 ubi

117 2032 170 2064 sic
184 2033 306 2065 babet:
328 2035 338 2051 ‘
355 2033 402 2064 Hi
416 2032 524 2064 nostri
541 2033 662 2073 vigiles
678 2036 814 2064 noctur-

117 2081 167 2122 ni,
179 2091 260 2124 quos
273 2082 464 2114 excitandis
487 2082 522 2112 in
546 2091 651 2122 opera
666 2082 815 2113 mortali-

117 2130 192 2168 bus,
207 2131 463 2172 rumpendoque
486 2139 602 2161 somno
620 2134 742 2161 natura
757 2139 815 2170 ge-

116 2180 203 2218 nuit,
218 2184 341 2212 norunt
355 2178 488 2217 sidera;
510 2183 545 2210 et
565 2183 679 2211 ternas
694 2179 815 2211 distin-

117 2234 226 2270 gunnt
254 2229 355 2260 horas
382 2228 533 2260 interdiu
565 2233 682 2261 cantu.
729 2230 814 2261 Cum

116 2279 188 2310 sole
217 2283 300 2310 eunt
329 2278 492 2314 cubitum,
527 2284 715 2320 quartaque
741 2288 814 2311 cas-

116 2328 223 2360 trensi
252 2328 365 2369 vigilia
395 2327 437 2360 ad
467 2337 565 2360 curas
595 2328 814 2370 laboremque

114 2383 302 2410 revocant:
327 2387 391 2410 nec
422 2378 502 2409 solis
528 2382 639 2409 ortum
669 2378 814 2410 incautis

115 2428 294 2469 patiuntur
309 2427 487 2469 obrepere,
503 2427 663 2470 diemque
679 2428 814 2459 venien-

117 2482 186 2511 tem
201 2477 358 2510 nuntiant
372 2477 498 2509 cantu-¹
542 2478 664 2510 Cicero
684 2477 727 2509 de
751 2479 814 2510 Di-

118 2525 187 2558 vin.
213 2535 254 2558 ιι.
275 2536 309 2559 n.
333 2529 387 2559 57.
409 2528 419 2545 ‘
435 2527 654 2559 Democritus
675 2527 812 2569 quidem

119 2574 255 2617 optimis
272 2577 382 2608 verbis
406 2586 541 2609 causam
563 2578 729 2619 explicat,
751 2588 812 2609 cur

117 2627 199 2655 ante
229 2625 338 2656 lucem
371 2627 451 2667 galli
477 2631 613 2658 canant.
658 2627 811 2667 Depulso

119 2673 209 2704 enim
229 2672 272 2704 de
297 2680 448 2715 pectore,
470 2682 505 2709 et
520 2678 554 2708 iu
577 2686 675 2709 omne
689 2686 810 2718 corpus

119 2721 228 2753 diviso
266 2727 302 2753 et
335 2725 527 2758 modificato
563 2727 654 2766 cibo,
689 2733 809 2758 cautus

119 2770 222 2802 edere
246 2771 359 2812 quiete
394 2774 555 2807 satiatos:
588 2777 645 2817 qui
674 2776 810 2818 quidem

119 2819 256 2852 silentio
272 2820 395 2861 noctis,
416 2828 453 2854 ut
474 2823 523 2857 sit
538 2825 679 2866 Ennius,
693 2826 812 2858 favent

871 1534 981 1565 multa
997 1533 1040 1566 de
1056 1534 1119 1566 his.

917 1583 1100 1623 Consultor]
1118 1584 1251 1625 Cicero,
1263 1594 1327 1626 pro
1342 1584 1510 1623 Muraena,
1521 1585 1571 1616 sic

872 1638 983 1665 artem
995 1634 1175 1666 militarem
1187 1644 1263 1666 cum
1275 1634 1360 1666 Jure
1372 1633 1486 1669 Civili,
1497 1643 1570 1672 seu,

871 1684 952 1715 belli
985 1684 1107 1716 ducem
1137 1695 1214 1716 cum
1243 1685 1464 1725 Jurisperito‚
1492 1694 1573 1715 con-

871 1733 960 1765 fert:
988 1735 1143 1775 ‘Vigilas
1173 1739 1210 1766 tu
1237 1734 1280 1765 de
1307 1738 1420 1769 nocte,
1444 1739 1482 1764 nt
1504 1733 1572 1764 tuis

873 1784 1123 1815 consultoribus
1139 1783 1372 1824 respondeas3
1389 1783 1445 1813 ille
1465 1786 1503 1814 ut
1519 1791 1573 1822 eo,

871 1843 938 1874 quo
966 1833 1128 1873 intendit,
1152 1839 1283 1865 mature
1309 1843 1384 1864 cum
1415 1832 1572 1864 exercitu

870 1883 1061 1923 perveniat.
1099 1884 1146 1914 Te
1159 1883 1438 1924 gallorum,illum
1455 1882 1570 1915 bucci-

869 1941 986 1964 narum
998 1937 1117 1964 cantus
1130 1932 1337 1965 exsuscitat!

912 1985 952 2014 ll
976 1983 1036 2014 111⁶
1055 1983 1140 2015 datis
1160 1983 1300 2022 audilam,
1316 1983 1385 2024 mu]
1407 1982 1571 2024 Agricola

869 2032 1001 2064 veroin
1021 2032 1079 2073 jus
1106 2033 1224 2064 venire
1249 2037 1405 2074 coactus,
1427 2033 1519 2064 cives
1536 2034 1569 2064 in

868 2082 953 2114 urbe
969 2082 1134 2124 degentes
1148 2083 1268 2114 videns
1284 2093 1350 2114 non
1366 2083 1515 2124 experiri
1531 2093 1571 2115 ea

868 2142 943 2173 quae
973 2133 1080 2165 sentit
1108 2133 1334 2173 incommoda,
1364 2133 1480 2164 statim
1511 2142 1570 2164 eos

861 2181 998 2222 judicat
1012 2183 1182 2215 beatiores
1198 2193 1248 2224 se,
1270 2192 1434 2225 suamque
1459 2184 1570 2215 detes-

869 2235 962 2263 tatur
976 2233 1218 2264 conditionem.
1257 2233 1359 2264 Vades
1372 2237 1452 2264 sunt
1468 2243 1570 2274 spon-

869 2290 976 2318 sores,
993 2283 1050 2323 qui
1066 2292 1128 2323 pro
1141 2283 1250 2314 altero
1263 2292 1301 2314 se
1316 2283 1470 2324 obligant
1481 2284 1570 2324 ejus-

869 2340 935 2373 que
960 2332 1151 2372 suscipiunt
1179 2342 1330 2374 causam,
1360 2343 1400 2365 ac
1431 2343 1504 2365 reos
1531 2344 1568 2365 se

869 2390 930 2421 pro
955 2390 996 2413 eo
1024 2385 1204 2422 praestaut,
1225 2383 1297 2414 sive
1323 2386 1427 2423 caput
1448 2387 1569 2423 agatur

869 2435 926 2462 aut
952 2431 1092 2470 crimen,
1121 2432 1194 2463 sive
1225 2432 1385 2472 pecunia.
1430 2431 1566 2462 Nomen

868 2479 999 2513 factum
1026 2481 1167 2522 vadibus,
1188 2491 1231 2513 ex
1251 2491 1292 2512 eo
1312 2479 1403 2521 quod
1429 2480 1485 2520 qui
1508 2489 1567 2511 eos

867 2531 1039 2570 dederint,
1055 2531 1204 2562 vadendi
1219 2539 1276 2561 seu
1294 2528 1495 2560 discedendi
1509 2529 1565 2560 ha-

867 2580 952 2611 bent
976 2583 1195 2619 potestatem,
1219 2577 1329 2609 donec
1360 2577 1453 2609 adsit
1481 2588 1565 2619 prae·

866 2629 1008 2660 stitutus
1024 2627 1065 2658 ad
1082 2626 1267 2658 sistendum
1285 2635 1321 2657 se
1331 2626 1463 2666 judicio
1479 2627 1562 2659 dies.

866 2678 938 2710 Cic.
952 2677 995 2709 de
1013 2677 1125 2710 Finib.
1141 2686 1181 2708 ιῐ.
1204 2678 1213 2694 ‘
1228 2676 1357 2707 Vadem
1372 2681 1405 2707 te
1420 2677 1463 2708 ad
1476 2687 1563 2709 mor-

865 2732 934 2758 tem
960 2727 1119 2767 Tyranno
1153 2726 1249 2757 dabis
1281 2735 1342 2767 pro
1371 2726 1492 2766 amico,
1524 2734 1563 2759 ut

865 2776 1100 2817 Pythagoreus
1125 2776 1203 2808 ille-¹
1249 2775 1348 2809 Quod
1366 2774 1440 2807 fuse
1455 2778 1563 2817 expli-

866 2830 921 2858 cat
937 2823 1038 2858 Offic.
1061 2834 1117 2858 ιιι.
1134 2835 1167 2856 ιι.
1196 2828 1248 2858 45.
1295 2825 1305 2842 ‘
1323 2826 1510 2858 Damonem
1526 2830 1562 2857 et
