1904 3256
342 271 425 312 602
806 285 850 321 Q.
883 283 1088 313 HORA'rn
1123 283 1295 314 FLAcm

565 373 676 422 Nec,
697 373 735 413 si
755 375 858 426 quid
879 375 982 414 olim
1002 375 1108 414 lusit
1126 373 1369 423 Anacreon,

566 438 738 478 Delevit
758 443 868 478 aetas
887 452 897 478 ι
919 438 1053 490 spirat
1071 438 1211 478 adhuc
1231 451 1360 487 amor,

618 502 872 554 Vivuntque
891 504 1112 543 commissi
1134 504 1301 544 calores

672 567 828 607 AEoliae
857 566 1014 608 fidibus
1034 569 1203 620 puellae.

563 631 665 672 Non
685 632 780 672 sola
796 636 967 673 comtos
989 633 1096 673 arsit
1114 632 1292 673 adulteri

1699 441 1753 481 10

340 755 424 786 chori
435 757 552 795 gravis.
596 758 703 797 Neque
717 760 834 796 tempus
847 756 979 787 abolevit
992 756 1024 786 id
1039 758 1118 795 quod
1129 756 1287 788 Anacreon
1302 758 1373 788 olim
1388 757 1511 788 cecinit.
1557 756 1639 788 Vivit
1651 756 1756 788 etium-

340 805 411 828 num
425 808 519 838 amor,
539 807 575 829 ac
599 799 717 838 spirant
740 800 863 829 ardores
876 798 1014 828 mandati
1028 798 1148 828 chordis
1163 799 1274 829 AEoliae
1288 799 1431 838 virginis.
1476 799 1548 829 Non
1563 808 1623 829 una
1638 798 1755 829 Helene

925 891 1160 903 eeeeeeeeeeee

340 951 527 984 Comment.
543 962 594 992 ap.
612 953 803 993 Cruquium‚
820 953 908 993 Lips.
925 956 953 984 1.
970 963 1043 985 arn.
1062 963 1112 993 pr.
1131 954 1219 993 Lips.
1233 956 1262 984 2.
1275 956 1306 984 3.
1328 953 1434 984 minus
1449 957 1563 991 recte;
1587 961 1659 983 nam
1676 955 1754 983 ante

341 997 426 1032 erat,
455 994 582 1033 Ceaeque
605 997 727 1026 εἰν-11
752 995 842 1035 Lips.
864 998 895 1026 4.
921 999 957 1026 et
982 995 1062 1026 Fab.
1087 995 1258 1035 Vivuntque
1285 995 1424 1026 conmissi
1447 996 1652 1026 colores—13
1685 994 1755 1024 Non

977 1079 1115 1110 NOTAE

337 1134 530 1176 honoratus,
553 1139 692 1178 perinde
714 1149 752 1170 ac
777 1140 917 1171 Hieroni
934 1140 1017 1171 Sici-

337 1183 392 1214 liae
404 1185 572 1224 Tyranno,
587 1187 698 1218 floruit
719 1188 810 1219 circa
825 1188 1019 1228 Olympiad-

337 1234 389 1262 65.
416 1232 525 1263 Aliter
541 1234 594 1264 alii
607 1245 616 1272 ;
631 1235 691 1266 sed
706 1244 771 1266 non
788 1236 903 1266 mirum
918 1245 927 1266 ι
949 1236 1020 1265 vix-

1071 1144 1307 1180 pervenerunt.
1317 1140 1394 1171 Non
1404 1138 1658 1179 praetermittam
1668 1138 1754 1179 quod

1072 1188 1174 1222 aiunt,
1192 1188 1357 1227 proscissa
1376 1187 1520 1218 carmine
1538 1187 1684 1224 Helena,
1697 1186 1755 1216 im-

1070 1236 1202 1266 missam
1225 1235 1268 1266 ab
1286 1235 1378 1266 iratis
1401 1235 1474 1274 ejus
1497 1233 1656 1264 fratribus
1677 1234 1757 1264 Cas-

337 1279 365 1310 it
392 1280 479 1311 enim
505 1281 561 1312 ille
584 1282 714 1322 perdiu.
758 1283 912 1314 Divinum
935 1283 1020 1314 bunc

339 1328 481 1359 Poetam
497 1339 690 1371 nuncupare
705 1332 835 1362 divinus
852 1332 924 1371 ipse
947 1333 1025 1362 Pla·

339 1379 388 1413 to,
404 1380 439 1406 et
454 1377 580 1417 aliquot
602 1378 676 1416 ejus
693 1388 806 1409 versus
823 1378 942 1409 afferre
957 1388 1021 1410 non

339 1423 518 1455 dubitavit.
542 1425 751 1457 Praeclarum
767 1436 808 1456 ex
824 1427 911 1457 illius
920 1427 1020 1458 Thre-

338 1474 387 1504 nis
416 1475 652 1514 Fragmentum
679 1476 816 1507 exhibet
843 1477 1021 1516 Dionysius

338 1522 510 1553 Halicarn.
532 1523 587 1554 ubi
603 1524 721 1555 Danae·
737 1524 779 1555 ab
794 1524 926 1556 Acrisio
941 1524 1022 1556 fluc-

337 1570 427 1601 tibns
457 1572 555 1602 maris
584 1572 626 1602 ad
655 1577 784 1604 certum
813 1573 1021 1612 naufragium

338 1620 492 1659 exposita
527 1629 619 1650 suum
657 1620 760 1651 deflet
792 1620 1022 1653 infortunium.

338 1667 426 1697 Vide
444 1677 517 1707 quae
531 1668 573 1698 de
589 1677 629 1699 eo
639 1669 709 1708 jam
727 1670 882 1700 annotavi
898 1679 937 1700 ιι.
955 1670 1022 1701 Od.

339 1717 370 1745 1.
387 1715 419 1745 in
435 1714 512 1746 fine.
557 1717 631 1747 Val.
647 1717 741 1748 Max.
759 1726 783 1749 1.
799 1720 831 1748 7.
844 1722 879 1749 et
894 1720 922 1750 8.
948 1719 1022 1750 Sui-

338 1762 424 1798 dam,
439 1763 500 1794 &c-

380 1813 478 1843 Αἰακὲ
493 1814 640 1853 minaces]
661 1815 800 1848 Scilicet
815 1816 842 1846 is
860 1816 1025 1855 Tyrannis

339 1860 478 1891 infestus
496 1863 656 1902 quosdam
676 1865 777 1894 etiam
790 1865 858 1895 suis
873 1865 1025 1896 versibus

338 1910 554 1941 exterminari
570 1909 665 1943 fecit.
708 1913 764 1943 De
785 1921 825 1942 eo
841 1921 904 1942 non
921 1914 1024 1943 semel

339 1961 450 1989 antea.
467 1967 493 1989 1.
509 1958 577 1990 Od.
593 1962 645 1990 32.
661 1964 696 1990 et
709 1969 751 1991 ιι.
768 1960 834 1991 Od.
848 1963 899 1992 13.

365 2009 386 2039 8
398 2006 624 2047 Stesichorique
629 2018 740 2047 graves
747 2009 914 2049 Camoenoe]
925 2010 1031 2042 Quin-

338 2055 387 2086 til.
403 2056 461 2087 cit.
486 2060 495 2073 ‘
506 2056 747 2097 Stesichorum,
760 2067 856 2098 quam
874 2058 919 2089 sit
933 2058 1025 2098 inge-

337 2104 394 2134 nio
420 2104 561 2144 validus,
580 2106 729 2136 materiae
754 2115 887 2146 quoque
910 2111 1021 2137 osten-

338 2147 435 2190 dunt,
465 2154 610 2184 maxima
639 2155 725 2185 bella
758 2159 793 2186 et
824 2155 1020 2186 clarissimos

337 2206 513 2233 canentem
527 2202 747 2243 duces,atque
758 2203 853 2243 Epici
866 2203 1021 2234 carminis

339 2259 442 2283 onera
456 2251 529 2291 lyra
544 2251 772 2283 sustinentem.
791 2251 920 2283 Reddit
934 2252 1020 2283 enim

339 2299 486 2339 personis
502 2300 534 2329 in
551 2300 681 2339 agendo
698 2300 843 2330 simulet
857 2301 1022 2340 loquendo

337 2347 482 2379 debitam
505 2348 721 2387 dignitatem:
739 2358 792 2388 ac,
817 2349 844 2378 si
860 2349 1023 2379 tenuisset

338 2397 483 2432 modum,
512 2397 647 2428 videtur
676 2396 823 2428 aemulari
853 2396 1022 2436 proximus

338 2445 521 2477 Homerum
539 2446 708 2486 potuisse:
721 2446 778 2477 sed
794 2445 957 2476 redundat
972 2450 1022 2476 at-

338 2503 404 2533 que
433 2493 632 2526 effunditur:
656 2495 743 2535 quod
771 2499 808 2525 ut
835 2498 888 2524 est
909 2503 1022 2533 repre-

337 2541 561 2582 hendendum,
589 2544 638 2574 ita
665 2543 771 2583 copioe
805 2543 921 2572 vitium
949 2542 1022 2573 est!

338 2589 374 2620 Is
390 2595 461 2621 erat
475 2601 516 2622 ex
534 2592 674 2623 Himera
687 2592 769 2622 urbe
785 2591 919 2622 Siciliae.
948 2592 1022 2622 Flo-

338 2638 435 2669 rebat
459 2639 659 2679 Olympiade
684 2643 737 2672 42.
757 2645 834 2671 ante
855 2640 1021 2671 Christum

339 2687 433 2719 annis
446 2687 562 2718 decem
574 2694 610 2719 et
623 2690 803 2721 sexcentis.
845 2689 927 2728 Ejus
942 2698 1021 2728 pau-

339 2735 406 2767 culi
432 2735 606 2768 admodum
629 2747 742 2770 versus
766 2737 808 2778 ad
831 2746 889 2769 nos
915 2745 1020 2778 usque

1075 1287 1147 1314 tore
1160 1287 1196 1315 et
1206 1284 1347 1314 Polluce
1358 1282 1548 1314 stesichoro
1560 1281 1759 1320 caecitatem,

1076 1332 1217 1362 ablatam
1256 1341 1335 1362 vero
1375 1330 1575 1370 palinodiam
1611 1329 1756 1360 canenti.

1075 1381 1200 1410 Dictus
1215 1379 1303 1420 qnod
1323 1378 1453 1415 ἔστησεν
1473 1377 1568 1418 χορὸν
1587 1378 1704 1417 πρῶτος
1725 1378 1758 1407 ἐν

1073 1426 1240 1467 κιθαρῳδία,
1267 1428 1408 1458 statuerit
1433 1427 1554 1457 chorum
1575 1426 1693 1465 primns
1724 1426 1758 1455 in

1073 1476 1200 1508 citharoe
1212 1479 1304 1507 cantu
1313 1485 1326 1512 ;
1341 1485 1415 1506 nam
1433 1480 1530 1506 antea
1539 1474 1644 1505 Tisias
1661 1483 1757 1505 voca-

1074 1524 1182 1555 batur.
1205 1523 1335 1555 Suidas.
1359 1523 1400 1554 Ei
1412 1528 1556 1554 statuam
1572 1523 1756 1562 elegantem

1074 1573 1175 1605 fuisse
1206 1573 1360 1614 positam,
1396 1581 1468 1614 quae
1501 1581 1627 1603 summo
1656 1571 1759 1603 fuerit

1075 1628 1216 1663 propter
1231 1622 1397 1662 ingenium
1415 1621 1539 1652 bonore
1554 1624 1591 1651 et
1612 1620 1759 1657 nomine,

1076 1671 1169 1701 testis
1186 1670 1304 1701 Cicero
1320 1670 1352 1700 in
1375 1669 1528 1700 Verrem.
1570 1667 1656 1699 Vide
1673 1668 1760 1699 Plin-

1075 1726 1111 1750 x.
1127 1721 1180 1749 29.
1199 1719 1254 1749 ubi
1277 1718 1334 1757 ait,
1358 1718 1368 1736 ‘
1384 1717 1580 1748 suavitatem
1597 1725 1758 1756 praemou-

1075 1771 1213 1799 stratam
1230 1766 1357 1798 efficaci
1373 1767 1534 1807 auspicio,
1553 1775 1627 1797 cum
1651 1765 1684 1796 in
1700 1774 1758 1796 ore

1073 1816 1257 1847 Stesichori
1273 1815 1409 1847 infantis
1424 1814 1566 1849 luscinia
1580 1813 1727 1845 cecinit:

1115 1866 1136 1893 9
1159 1865 1335 1904 Anacreon]
1371 1864 1473 1899 Lusit,
1497 1863 1605 1904 inquit
1623 1861 1758 1903 proprie

1075 1910 1258 1941 Horatius:
1275 1911 1302 1941 is
1319 1911 1406 1942 enim
1421 1912 1580 1941 amatoria
1592 1910 1758 1950 praecipne

1074 1959 1207 1999 scripsit
1221 1969 1229 1990 ε
1247 1959 1394 1990 Ionicam
1407 1963 1541 1990 secutus
1557 1959 1758 1995 Dialectum,

1074 2007 1199 2048 quippe
1215 2008 1249 2038 in
1265 2007 1374 2038 media
1388 2012 1486 2038 natus
1501 2007 1609 2046 Ionia,
1628 2008 1695 2038 Teo
1711 2007 1758 2038 ci-

1074 2057 1191 2087 vitate.
1236 2056 1364 2086 Floruit
1381 2061 1460 2087 ante
1480 2056 1647 2087 Christum
1663 2055 1758 2086 annis

1074 2113 1181 2145 prope
1193 2105 1394 2145 quingentis.
1441 2105 1490 2135 Ex
1499 2104 1614 2144 Suida,
1625 2104 1760 2145 scripsit

1074 2154 1195 2184 vitiosa
1211 2153 1371 2193 carmina,
1397 2153 1540 2192 lambos,
1564 2154 1644 2184 item
1663 2162 1758 2194 quos·

1074 2201 1149 2232 dam
1179 2210 1292 2232 versus
1320 2201 1418 2232 metri
1443 2202 1621 2240 peculiaris
1642 2201 1696 2242 qui
1713 2201 1756 2232 ab

1074 2259 1113 2281 eo
1129 2248 1366 2280 Anacreontici
1383 2249 1563 2290 nuncupati
1575 2254 1662 2282 sunt.
1684 2250 1757 2281 Hos
1776 2277 1779 2282 .

1074 2302 1232 2330 venustos
1254 2298 1367 2329 dulces
1389 2308 1428 2329 ac
1453 2297 1674 2339 lepidissimus
1697 2308 1756 2339 ap-

1074 2347 1180 2387 pellat
1209 2346 1338 2378 Gellius
1369 2354 1446 2376 xix.
1475 2349 1508 2377 9.
1553 2346 1609 2377 De
1627 2355 1667 2377 eo
1689 2347 1755 2387 jam

1074 2404 1099 2425 1.
1127 2395 1194 2426 od.
1221 2397 1272 2426 17.
1301 2396 1352 2425 18.
1382 2394 1423 2424 ad
1448 2394 1507 2424 has
1532 2403 1645 2434 voces,
1669 2393 1755 2426 ‘fide

1074 2442 1178 2472 Teia!
1220 2441 1306 2472 Vide
1322 2441 1428 2481 Epod.
1444 2450 1519 2473 xiv.

1116 2493 1157 2522 12
1182 2491 1289 2520 AEolioe
1302 2490 1425 2530 puellae]
1459 2490 1511 2521 De
1527 2491 1662 2531 Sappho
1681 2491 1755 2523 [Ἐο-

1074 2540 1118 2571 lia
1133 2541 1202 2571 sive
1218 2540 1349 2578 Lesbia,
1365 2548 1406 2571 11.
1423 2539 1489 2571 Od.
1507 2542 1557 2570 13.

1118 2591 1156 2619 13
1181 2589 1253 2618 Non
1274 2588 1340 2618 sola
1361 2590 1473 2616 comtos
1491 2587 1581 2625 arsit,
1598 2587 1666 2627 ilc]
1689 2588 1756 2618 Ex-

1075 2637 1193 2676 emplis
1221 2635 1430 2675 conglobatis
1460 2636 1589 2675 probat,
1618 2637 1644 2666 si
1669 2636 1756 2668 desit

1074 2684 1193 2723 Po'e'ta,
1215 2693 1266 2714 res
1287 2692 1433 2723 quasque
1451 2683 1664 2715 laudabiliter
1678 2693 1754 2715 con—

1074 2732 1181 2765 fectas
1212 2732 1370 2764 interire:
1404 2736 1482 2763 ante
1509 2731 1684 2772 Helenam,
1707 2732 1752 2763 in-
