1890 3256
318 262 427 304 1024
778 278 819 315 Q.
852 270 1058 307 HoRA‘rn
1091 277 1261 308 snAcct

313 364 522 405 Inte-tiore
542 365 654 406 diem
674 378 780 418 gyro
802 365 946 412 trahit,
971 366 1034 405 ire
1052 378 1235 408 necesse
1255 374 1338 410 est.

312 422 347 476 ἿῘ
364 429 614 479 Postmodo,
634 430 750 482 quod
772 430 831 469 mi
851 430 980 479 obsit,
1000 429 1388 489 clare-certumque
1404 436 1565 488 locuto,

313 494 583 536 Luctandum
606 495 650 534 in
669 495 792 535 turba
809 507 819 544 ;
849 495 1048 549 facienda
1068 497 1222 550 injuria
1240 501 1393 544 tardis.

311 558 349 606 ΊῘ
368 558 488 609 Quid
510 560 594 606 vis,
615 559 767 599 insane
781 560 800 599 Ἰ
831 563 874 600 et
891 572 1004 613 quas
1021 573 1090 602 res
1110 563 1203 614 agis
1220 558 1468 619 improbus?
1496 573 1619 622 urget

311 621 443 665 lratis
462 622 689 675 precibus;
720 627 769 663 tu
790 624 940 676 pulses
958 638 1086 667 omne
1105 627 1224 680 quod
1243 631 1401 682 obstat,
1673 634 1731 675 30

308 744 379 775 orbe
392 745 545 785 interiori,
558 750 674 787 oportet
690 748 748 781 ire.
791 749 908 781 Postea
921 756 996 788 vero
1006 761 1095 791 quant
1117 754 1225 791 aperte
1243 754 1275 783 et
1299 751 1461 790 ”nuifare
1473 754 1542 784 dixi
1556 755 1633 794 quod
1653 755 1731 786 'nilis'

307 789 423 824 noceat,
433 791 550 819 certare
563 789 656 820 habeo
666 793 772 820 eontra
787 790 907 822 turbem
917 802 927 822 .-
949 787 1150 830 bissucienda
1164 790 1267 824 imis.
1311 793 1362 824 Hi
1370 803 1440 825 om
1451 795 1628 834 ἐπιτερπές
1645 796 1730 831 Quia

302 827 383 865 petis
395 829 488 860 stulte
495 839 509 866 ‚·
530 833 560 861 et
571 831 646 870 quid
659 832 775 862 moliris
784 830 800 863 ,⁹
845 833 980 868 Quidam
999 837 1102 866 autem
1119 834 1282 866 modas
1302 835 1391 866 addit
1404 835 1634 876 imprecationes
1645 848 1655 868 :
1674 837 1727 869 An

898 933 935 945 θ’
939 933 1133 946 OOWNO

303 1003 482 1043 ning.—27
503 1004 658 1045 Quinque
673 1005 772 1038 codd.
789 1016 844 1047 ap.
861 1008 976 1046 Feam,
998 1009 1076 1047 quod
1095 1012 1200 1040 noceat
1224 1010 1315 1041 clare.
1347 1011 1413 1042 Sex
1436 1010 1517 1042 ibid.
1543 1012 1727 1043 locum.—

302 1047 344 1075 28
366 1046 374 1062 ‘
388 1045 503 1076 Scribe
519 1056 562 1077 ex
578 1047 773 1078 Bersmanni
792 1049 1038 1088 Puimannique
1054 1049 1152 1080 codd.
1167 1051 1356 1090 nostrisque
1384 1052 1426 1083 ad
1450 1062 1548 1083 unum
1565 1053 1728 1093 omnibus,

303 1090 340 1116 et
356 1087 462 1117 tribus
477 1087 555 1118 edd.
570 1093 650 1119 vett.
665 1089 850 1127 etsucieuda
863 1090 1001 1128 infueris!
1024 1090 1136 1122 Benti.
1180 1091 1236 1123 Ita
1252 1092 1377 1123 habent
1395 1091 1488 1124 Harl.
1501 1096 1533 1124 2.
1549 1095 1580 1124 3.
1593 1095 1626 1124 4.
1642 1096 1674 1124 6.
1691 1099 1726 1126 et

303 1126 384 1158 Vet.
397 1128 597 1160 Comb.—29
610 1129 620 1147 ‘
632 1131 807 1162 Bentleius
818 1132 861 1162 de
877 1141 936 1162 suo
952 1131 1076 1171 posuit,
1086 1142 1176 1172 quum
1187 1142 1252 1164 rem
1261 1134 1341 1172 agis,
1352 1133 1449 1164 nimis
1460 1134 1587 1173 scabre,
1602 1134 1650 1164 nti
1665 1141 1727 1173 ego

302 1168 433 1199 sentio!
449 1170 548 1201 Baxt.
578 1171 632 1202 Ita
646 1171 788 1211 Bodoni‚
802 1177 836 1203 et
850 1173 948 1204 Wiei.
963 1183 1031 1212 «μισ
1042 1173 1114 1212 agie
1127 1183 1231 1205 rerum
1241 1178 1255 1205 Ρ
1275 1175 1419 1215 Cuning.
1437 1185 1479 1207 ex
1493 1176 1640 1215 ingenio.
1654 1176 1727 1215 quid

301 1209 360 1240 tibi
384 1211 554 1246 improbus?
590 1212 684 1244 Harl.
699 1216 729 1244 6.
746 1219 782 1244 et
803 1214 882 1245 Vet.
899 1215 1101 1246 eumin-ao
1123 1215 1227 1246 Iratus
1241 1215 1308 1246 duo
1325 1217 1421 1247 codd.
1437 1226 1491 1256 ap.
1505 1216 1602 1248 Feam
1623 1217 1727 1256 pulsas

302 1251 399 1282 codd.
415 1252 545 1284 Bersm.
561 1258 598 1284 et
616 1263 674 1286 sex
690 1264 745 1295 ap.
757 1255 870 1286 Feam.
901 1256 999 1287 obstet
1015 1256 1081 1287 duo
1097 1256 1196 1287 codd.
1211 1266 1265 1298 ap.
1280 1257 1378 1289 eund.
1390 1262 1426 1290 et
1441 1267 1525 1290 unus
1539 1268 1594 1300 ap.
1608 1258 1726 1289 Vni.-

954 1359 1091 1391 NOTAE

339 1430 382 1458 26
403 1428 556 1460 Interiore
575 1429 672 1470 gyro]
701 1430 856 1462 Breviori
885 1440 984 1462 cursu

298 1480 335 1507 et
365 1477 510 1508 ambitu:
545 1479 705 1510 circulum
732 1480 903 1520 minorem,
933 1485 986 1511 ut-

297 1530 378 1564 pote
404 1526 458 1565 qui
481 1531 597 1558 centro
620 1529 754 1568 propior
776 1529 831 1565 sit,
850 1530 927 1560 Sole
949 1530 982 1560 in

297 1574 503 1614 Capricorno
525 1577 740 1615 decurrente,
755 1587 794 1609 ac
814 1578 982 1610 breviores

297 1623 374 1654 hinc
391 1624 462 1654 dies
486 1623 645 1657 faciente.
680 1625 760 1656 Scil.
786 1626 819 1656 in
844 1626 984 1666 Sphaera

296 1676 412 1703 nostra
441 1672 577 1713 obliqua
616 1673 779 1713 hyemalis
818 1674 983 1714 Tropicus

295 1720 345 1752 ita
361 1721 401 1752 ab
418 1721 601 1753 Horizonte
617 1722 854 1762 intersecatur,
870 1727 906 1754 ut
923 1724 983 1754 mi-

295 1778 358 1800 nor
374 1780 452 1810 pars
468 1780 569 1810 supra
585 1775 720 1811 terram,
744 1772 850 1812 major
872 1777 982 1803 antem

295 1818 358 1848 sub
383 1823 475 1849 terra
501 1820 636 1850 existat.
674 1820 746 1852 Cic.
770 1830 809 1851 ιι.
837 1821 878 1851 de
902 1822 984 1852 Nat.

296 1866 402 1897 Deor.
433 1867 616 1906 Cynosura,
654 1868 764 1908 inquit
790 1877 832 1898 ex
862 1868 984 1907 Arato,

296 1914 423 1947 ‘cursu
457 1916 617 1948 interiore
651 1917 745 1948 brevi
775 1919 982 1949 convertitur

297 1963 404 1994 orbe.’

337 2011 389 2043 Ire
403 2022 521 2044 necesse
530 2013 592 2053 eet]
608 2012 661 2044 Ad
677 2012 906 2054 spondendum
919 2024 979 2054 pro

295 2059 413 2091 altero.

335 2111 376 2139 27
393 2109 569 2149 Postmodo,
582 2111 660 2150 quod
675 2110 718 2141 mi
733 2109 823 2150 obsit,
836 2111 904 2151 ξω]
921 2110 978 2142 ΑΙ-

294 2159 401 2187 terum
425 2159 478 2187 es't
494 2157 750 2197 incommodum,
774 2158 863 2199 quod
889 2163 978 2198 post-

291 2214 390 2246 quam
410 2205 588 2245 spopondi,
602 2207 657 2237 vix
680 2216 699 2237 e
724 2207 820 2238 turba
843 2217 895 2238 me
914 2209 977 2239 eri-

290 2262 373 2293 pere
398 2253 519 2292 liceat3
545 2254 700 2295 quodque
723 2255 917 2287 luctandum
941 2260 977 2288 et

286 2302 493 2343 jurgandum
514 2304 558 2334 sit
581 2313 656 2334 cum
679 2303 786 2334 obviis
808 2309 843 2336 et
870 2314 975 2337 remo-

291 2351 453 2382 rantibus.

335 2400 425 2436 Quod
445 2400 488 2430 mi
508 2398 603 2439 obsit]
625 2400 726 2432 Certe
749 2410 824 2432 raro
846 2406 898 2432 est
919 2411 976 2432 ex-

290 2458 369 2489 pers
388 2449 546 2480 molestiae
569 2453 604 2479 et
628 2449 737 2480 damni
753 2449 899 2491 quisquis
916 2460 976 2490 pro

291 2499 398 2530 altero
414 2498 568 2538 spondet.
597 2498 759 2530 Proverb.
781 2508 854 2539 cap.
870 2502 902 2531 6.
916 2502 925 2518 ‘
940 2500 976 2531 Si

291 2547 510 2588 spoponderis
533 2556 593 2587 pro
609 2547 715 2579 amico
737 2552 806 2587 tuo,
829 2548 974 2581 defixisti

291 2597 379 2636 apud
395 2602 593 2629 extraneum
614 2607 746 2629 manum
769 2603 882 2638 tuam3
904 2599 974 2630 illa-

290 2650 432 2685 queatus
451 2656 492 2677 ex
516 2646 625 2677 verbis
640 2647 706 2677 oris
723 2647 782 2687 tui,
799 2651 834 2678 et
855 2652 974 2687 captus

289 2693 435 2733 propriis
450 2694 681 2725 sermonibus!
710 2695 789 2726 Bias
804 2696 976 2736 sapienter

291 2740 467 2773 admodum
498 2741 652 2774 dicebat:
686 2743 696 2760 ‘
712 2743 862 2785 Sponde,
886 2753 974 2775 noxa

1037 1435 1161 1470 praesto
1189 1432 1265 1463 est.'
1317 1433 1386 1464 Cic.
1417 1433 1527 1473 Epist.
1557 1433 1598 1464 ad
1627 1434 1725 1466 Brut.

1034 1479 1045 1496 ⁴
1061 1480 1328 1519 Dependendum
1358 1482 1420 1513 tibi
1447 1486 1499 1513 est
1527 1483 1616 1524 quod
1642 1483 1722 1514 mihi

1034 1536 1095 1567 pro
1111 1528 1168 1558 ἰΙΙο
1185 1528 1422 1569 spopondisti?

1079 1577 1172 1607 Clare
1186 1581 1359 1618 certumque
1372 1579 1486 1618 locuto]
1502 1579 1617 1611 Debet
1633 1580 1721 1611 euim

1035 1625 1169 1664 sponsio
1183 1635 1222 1657 ac
1237 1626 1408 1666 fidejussio
1422 1627 1574 1667 praestari
1586 1627 1722 1659 disertis

1037 1673 1147 1704 verbis
1162 1679 1197 1704 et
1210 1674 1280 1704 sine
1292 1675 1500 1715 ambagibus.
1531 1674 1598 1706 Alii
1613 1676 1721 1707 locum

1036 1721 1122 1753 hunc
1138 1722 1245 1754 minus
1267 1729 1360 1754 recte
1383 1723 1576 1765 intelligunt
1598 1724 1641 1755 de
1663 1725 1722 1755 ad-

1036 1771 1211 1802 vocatione
1235 1776 1269 1802 et
1290 1772 1501 1812 peroratione
1522 1779 1720 1803 causarum:

1033 1818 1243 1860 afferuntque
1273 1821 1376 1850 verba
1409 1820 1507 1851 Tullii
1537 1820 1580 1851 de
1610 1821 1720 1853 Petit.

1034 1867 1170 1898 Consul.
1196 1867 1404 1898 ‘Nonnulios
1432 1877 1506 1899 esse
1529 1868 1591 1899 tibi
1615 1869 1720 1901 iratos

1033 1923 1075 1944 ex
1099 1914 1137 1944 iis
1153 1915 1262 1945 causis
1278 1924 1359 1955 quas
1375 1915 1473 1956 egisti
1489 1923 1627 1948 necesse
1643 1917 1719 1948 est!

1032 1965 1068 1993 et
1080 1962 1160 1993 alibi
1174 1973 1183 1992 ε
1206 1964 1216 1980 ‘
1235 1963 1327 1995 Quos
1343 1964 1460 1995 laesisti
1476 1973 1550 1996 cum
1563 1975 1625 2006 pro
1640 1967 1718 1997 anii-

1031 2019 1071 2041 co
1088 2015 1204 2041 contra
1219 2019 1275 2042 eos
1290 2011 1444 2044 diceres.-

1067 2061 1108 2090 28
1126 2059 1278 2090 Facienda
1289 2060 1404 2099 injuria
1416 2061 1528 2102 tardis]
1543 2062 1581 2093 In
1592 2061 1717 2094 forensi

1033 2108 1132 2140 turba
1161 2110 1297 2149 pulsare
1322 2116 1459 2151 oportet
1478 2116 1514 2143 et
1539 2113 1718 2153 objurgare

1031 2158 1157 2189 tardius
1182 2163 1311 2198 euntes,
1332 2160 1410 2191 dnm
1432 2161 1510 2192 inde
1529 2156 1627 2202 quam
1651 2162 1717 2202 pri-

1028 2217 1117 2238 mum
1134 2209 1227 2239 exire
1243 2210 1425 2242 contendo.

1069 2258 1111 2287 29
1134 2256 1218 2291 Quia
1233 2257 1291 2294 vis,
1307 2257 1429 2296 insane]
1452 2257 1506 2288 Ita
1529 2258 1714 2289 reiuctatur

1028 2305 1084 2345 qui
1115 2304 1155 2335 ab
1184 2304 1324 2335 Horatio
1350 2304 1531 2338 festinante
1562 2307 1711 2346 puisntns

1029 2359 1101 2392 est3
1128 2353 1316 2385 trudentem
1333 2354 1498 2393 retrudit3
1520 2359 1621 2396 atque
1635 2365 1712 2388 exe-

1030 2403 1193 2434 crationes
1215 2402 1394 2443 jaculatur.
1447 2403 1590 2435 Quidam
1616 2405 1713 2436 iratas

1025 2462 1130 2492 preces
1144 2452 1314 2491 explicant
1335 2451 1418 2482 iram
1435 2452 1576 2483 bominis
1591 2452 1710 2484 adver-

1029 2510 1084 2531 sus
1110 2499 1285 2531 Horatium
1308 2499 1600 2542 excandescentis,
1621 2501 1709 2543 quod

1027 2549 1130 2590 ipsius
1167 2548 1365 2579 obtestantis
1399 2550 1624 2588 patrocinium
1653 2554 1712 2582 etit

1026 2598 1196 2637 suscipere
1232 2597 1414 2637 detrectet,
1447 2602 1506 2629 aut
1533 2606 1598 2630 non
1628 2600 1710 2630 satis

1025 2646 1148 2676 acriter
1163 2650 1319 2677 assumat.
1357 2646 1455 2678 Prior
1474 2647 1707 2689 interpretatio

1028 2694 1130 2735 magis
1146 2694 1316 2735 probatur.
