1890 3256
371 263 454 304 992

834 279 878 316 Q.
910 277 1115 308 HORA'rn
1151 269 1319 306 abaco!

371 399 444 440 ΠΝ
455 412 531 451 DE,
553 407 594 443 et
615 417 701 456 quo
722 403 907 443 Catius?
967 400 1002 449 ἹῙ
1021 401 1123 442 Non
1141 406 1210 442 est
1229 403 1332 443 mihi
1354 406 1520 456 tempus
1538 405 1684 445 aventi

373 464 536 508 Ponere
556 469 677 521 signa
695 467 816 507 novis
836 467 1080 519 praeceptis,
1101 467 1249 520 qualia
1267 468 1442 509 vincunt

406 561 553 600 'Hortum
581 569 669 600 Unde
682 567 776 604 venit,
791 571 823 599 et
836 577 894 608 quo
907 568 993 600 vadit
1010 569 1140 600 Catius?

1183 570 1272 602 Cast.
1287 569 1356 601 Tibi
1367 571 1545 610 respondere
1554 569 1702 602 nonlicet
1713 567 1790 602 mini

964 662 1196 676 OOOOOOOOOOOO

409 725 520 756 Satira
535 727 631 755 sexta
645 724 737 755 Libri
753 724 890 756 secundi
913 725 945 756 in
968 725 1031 758 Ed.
1048 725 1169 757 Sanad.
1172 729 1264 757 —2‘
1276 725 1317 758 In
1333 726 1698 768 cod.Jann.sc1-iptum
1714 732 1789 760 erat

368 768 509 798 vincant.-
531 767 644 806 itaque
660 772 778 806 postea
792 767 952 807 scriptum
968 768 1078 808 reperi
1093 767 1128 798 in
1142 767 1341 806 Nicotianis,
1357 773 1392 799 et
1405 768 1590 807 Clericano,
1605 773 1641 800 et
1657 769 1788 802 duobus

365 804 463 839 'aliisz
479 808 512 838 in
529 807 742 839 Russardinis
758 808 898 845 duobus,
913 815 948 839 et
963 809 1067 841 tribus
1082 809 1155 839 aliis
1170 809 1310 840 vincent.-
1325 810 1358 840 in
1375 810 1460 848 νιιΙκ.
1474 810 1618 842 va'ncunt:
1642 820 1705 851 ego
1721 821 1789 842 vnn-

368 853 436 879 cent
453 857 516 880 non
530 850 693 889 improbo.
715 850 839 881 vincant
854 855 965 881 tamen
981 851 1077 882 malo.

1120 850 1526 891 Verumtamenjudicent
1541 851 1654 883 docti.'
1676 852 1786 883 Lamb.

368 891 378 907 ‘
393 890 515 921 Melius
542 889 651 921 forsan
675 892 847 922 Bentleius
873 900 915 922 ex
939 891 1011 922 aliis
1035 891 1127 922 libris
1149 892 1282 923 vincant.
1326 891 1477 932 Oportet
1493 897 1604 924 tamen
1621 894 1787 925 incertum

370 940 441 962 esse
455 932 557 973 quid
550 941 620 972 ipse
637 933 798 965 Horatius
813 933 986 973 scripserit
1001 932 1043 964 ob
1054 933 1187 964 Satirici
1201 934 1282 973 styli
1296 933 1556 974 negligentiam.¹
1571 935 1673 965 Base.
1719 936 1788 966 vin-

1009 1027 1040 1058 N
1047 1025 1151 1058 01*AE

413 1090 430 1119 1
458 1087 557 1127 Unde,
577 1092 608 1120 et
633 1099 704 1129 quo,
734 1087 804 1128 ξω]
836 1088 1054 1122 Quemadmo-

371 1137 448 1168 dum
460 1138 572 1169 Satira
589 1138 791 1177 praecedenti
804 1136 904 1168 falsos
915 1142 949 1167 et
961 1136 1054 1167 adul-

371 1187 495 1218 terinos
518 1187 648 1218 Stoicos
669 1187 732 1217 sub
761 1186 958 1226 Damasippi
981 1195 1053 1226 per-

370 1245 453 1266 sona
475 1236 636 1266 Horatius
658 1236 842 1266 insectatus
864 1240 936 1272 est;
958 1234 1054 1266 sicin

370 1285 433 1316 hac
450 1285 617 1325 sophistas
636 1285 818 1326 Epicureos
833 1284 980 1324 exagitat
995 1283 1056 1315 sub

372 1342 516 1374 persona
539 1333 639 1364 Catii.

420 1381 518 1420 Unde,
531 1385 560 1412 ee
577 1381 649 1421 quo]
679 1381 867 1412 Fortuitum
881 1390 1055 1412 occursum

371 1429 467 1468 fingit
494 1429 613 1460 Poeta.
655 1429 769 1460 Simile
800 1434 853 1460 est
882 1429 1055 1461 exordium

373 1477 508 1509 Phaedri
525 1478 699 1509 Platonici.

417 1528 540 1567 Catius]
555 1528 622 1558 Hic
637 1528 708 1567 ipse
721 1532 773 1558 est
785 1528 834 1560 M.
849 1528 965 1559 Catius
976 1529 1056 1568 Epi-

372 1585 492 1608 cureus
531 1576 748 1615 Philosophus
780 1577 933 1615 Insuber,
961 1577 1056 1617 cujus

372 1626 576 1657 mentionem
591 1624 721 1655 faciunt
737 1625 857 1656 Cicero
872 1630 907 1655 et
922 1625 1055 1658 Quinti-

373 1675 492 1706 lianus.
514 1674 654 1707 Quintil.
669 1683 704 1705 x.
723 1677 752 1706 1.
771 1675 819 1705 ita
833 1674 971 1706 scribit:
995 1675 1056 1706 ‘Iu

373 1723 548 1764 Epicureis
569 1723 651 1754 levis
675 1723 821 1765 quidem,
842 1724 901 1755 sed
925 1734 988 1755 non
1012 1724 1059 1755 in-

368 1772 537 1813 jucundus
567 1777 680 1804 tamen
702 1778 818 1804 auctor
841 1778 894 1804 est
919 1774 1059 1805 Catius.’

374 1821 507 1860 Nempe
534 1821 561 1851 is
590 1821 632 1850 de
662 1830 770 1851 rerum
801 1826 930 1862 natura,
954 1827 989 1853 et
1014 1822 1057 1852 de

374 1878 502 1900 summo
518 1869 603 1900 bono
629 1870 772 1909 quat'uor
793 1870 892 1900 libros
913 1870 1060 1909 scripsit,

374 1918 483 1958 inquit
500 1918 578 1948 Vet.
595 1918 780 1948 Comment.
802 1923 891 1948 teste
912 1927 990 1948 vero
1005 1919 1060 1949 Ci-

374 1975 495 1997 cerone
515 1974 591 1996 mox
614 1965 762 2003 citando,
781 1965 964 1996 doctrinam
981 1967 1061 2006 Epi-

376 2025 509 2047 cuream
526 2015 645 2045 Latine
672 2013 862 2055 descripsit.
901 2015 973 2047 Cic.
995 2017 1059 2056 Ep.

376 2065 417 2095 ad
434 2065 526 2095 Fam.
539 2072 598 2095 xv.
610 2067 662 2095 16.
693 2065 842 2096 Cassium
858 2074 876 2095 a
887 2065 998 2096 Stoica
1015 2065 1057 2095 ad

375 2113 512 2153 Epicuri
526 2114 733 2154 disciplinam
755 2114 950 2145 translatum
966 2115 1059 2155 quasi

377 2162 744 2202 transfugamvellicat:
759 2163 768 2180 ‘
778 2164 831 2195 Ne
840 2163 988 2203 tefngiat
998 2165 1058 2195 Ca-

377 2212 444 2242 tius
455 2211 595 2242 Insuber
606 2213 805 2252 Epicureus,
819 2215 871 2244 &c
875 2234 968 2244 .....
982 2213 1058 2245 Jam

377 2260 548 2292 biennium
562 2266 617 2292 aut
630 2262 809 2292 triennium
822 2266 886 2300 est,
902 2272 976 2293 cum
995 2263 1058 2292 vir-

377 2310 443 2341 tuti
459 2310 608 2340 nuntium
625 2310 793 2348 remisisti,
815 2310 972 2341 delinitus
988 2311 1057 2342 ille-

376 2358 485 2390 cebris
514 2359 719 2399 voluptatis:
770 2359 877 2399 Epist.
906 2363 957 2390 18.
986 2370 1057 2400 seq.

375 2409 385 2425 ‘
399 2408 466 2439 Ubi
503 2408 616 2448 igitur,
651 2408 794 2449 inquies,
833 2409 1060 2449 philosophia?

378 2459 451 2489 Tua
468 2458 598 2496 quidem
625 2457 657 2488 in
681 2459 803 2496 culina,
825 2468 899 2489 mea
921 2459 1061 2489 molesta

378 2506 454 2538 est.’
478 2507 678 2537 Rescribens
692 2513 802 2538 antem
813 2508 965 2538 Ciceroni
982 2507 1061 2538 Cas-

378 2556 446 2586 sius
476 2556 548 2586 eod-
574 2555 630 2585 lib.
661 2556 770 2595 Epist.
797 2559 845 2587 19.
867 2556 915 2587 sic
939 2556 1057 2587 habet:

378 2605 389 2620 ‘
406 2605 479 2634 Non
493 2603 682 2635 mehercule
699 2605 731 2635 in
747 2605 808 2635 hac
824 2615 898 2636 mea
914 2605 1061 2645 peregri-

380 2652 515 2682 natione
552 2653 726 2693 quicquam
766 2654 924 2684 libentius
962 2653 1059 2690 facio,

379 2709 479 2740 quam
506 2702 615 2731 scribo
652 2702 692 2732 ad
724 2707 767 2732 te.
813 2702 938 2733 Videor
973 2703 1060 2732 enim

379 2756 455 2778 cum
473 2754 637 2788 praesente
660 2750 749 2791 loqui
772 2754 808 2781 et
823 2750 944 2790 j0cari.
987 2750 1059 2782 Nec

1107 1093 1218 1119 tamen
1234 1088 1295 1119 hoc
1312 1098 1372 1119 usu
1395 1089 1486 1121 venit
1501 1095 1641 1130 propter
1655 1095 1791 1130 spectra

1107 1135 1270 1167 Catiana:
1295 1146 1356 1177 pro
1371 1147 1437 1178 quo
1453 1137 1517 1168 tibi
1533 1138 1681 1178 proxima
1695 1139 1791 1179 Epis-

1104 1185 1176 1216 tola
1190 1189 1242 1216 tot
1265 1185 1405 1217 rusticos
1421 1186 1550 1217 Stoicos
1569 1195 1730 1227 regerem,
1755 1191 1792 1218 ut

1107 1234 1242 1266 Catium
1260 1233 1399 1266 Athenis
1415 1240 1529 1267 natum
1545 1245 1618 1267 esse
1633 1235 1725 1267 dicas
1738 1258 1767 1267 ..
1782 1257 1791 1267 .

1108 1281 1253 1314 Difficile
1273 1288 1325 1314 est
1340 1283 1524 1315 hominibus
1540 1284 1741 1325 persuadere
1754 1284 1792 1315 τὸ

1105 1330 1203 1362 καλὸν
1217 1331 1252 1362 δι’
1263 1331 1338 1362 αὐτὸ
1350 1332 1470 1372 αἱρετὸν
1478 1342 1570 1364 esse:
1589 1333 1699 1371 ἡδονὴν
1712 1343 1791 1365 vero

1105 1385 1140 1411 et
1155 1379 1318 1421 ἀταραξίαν
1334 1382 1473 1420 virtute,
1483 1382 1630 1421 justitia,
1644 1384 1694 1420 τῷ
1706 1382 1792 1421 καλῷ

1107 1430 1231 1468 parari,
1253 1435 1287 1460 et
1314 1439 1426 1460 verum
1445 1434 1479 1461 et
1493 1434 1656 1470 praeterea
1673 1431 1792 1471 proba-

1106 1477 1174 1508 bile
1190 1482 1252 1509 est.
1295 1478 1373 1518 Ipse
1395 1479 1484 1509 enim
1503 1479 1679 1519 Epicurus,
1694 1488 1713 1510 a
1726 1489 1792 1520 quo

1107 1537 1221 1558 omnes
1239 1528 1327 1558 Catii
1342 1533 1377 1558 et
1393 1527 1563 1566 Amafinii,
1579 1528 1658 1559 mali
1673 1528 1791 1559 verbo—

1109 1585 1180 1606 rum
1190 1577 1408 1616 interpretes,
1416 1576 1791 1616 proficiscuntur-‚dicim

1109 1624 1164 1655 οὐκ
1180 1623 1265 1655 ἔστιν
1285 1624 1378 1662 ἡδέως
1402 1624 1473 1656 ἄνευ
1493 1625 1548 1655 τοῦ
1567 1626 1669 1656 καλῦς
1681 1624 1732 1656 καὶ
1752 1627 1793 1655 δι-

1109 1673 1199 1705 καίως
1213 1673 1285 1715 ζῇν.
1327 1674 1448 1715 Itaque
1463 1679 1499 1706 et
1514 1675 1638 1715 Pansa,
1657 1675 1711 1715 qui
1724 1674 1794 1713 ἥδο-

1110 1723 1165 1760 νὴν
1186 1724 1348 1764 sequitur,
1365 1724 1522 1754 virtutem
1545 1723 1689 1755 retinet:
1711 1728 1746 1754 et
1761 1724 1794 1761 ii,

1110 1775 1167 1814 qui
1185 1784 1204 1804 a
1219 1774 1312 1805 nobis
1334 1773 1491 1813 φιλήδονοι
1515 1777 1687 1814 vocantur,
1715 1777 1793 1804 sunt

1108 1822 1271 1861 φιλόκαλοι
1298 1822 1347 1853 καὶ
1378 1821 1580 1861 φιλοδίκαιοις
1611 1831 1794 1862 omnesque

1109 1871 1251 1902 virtutes
1277 1876 1312 1901 et
1337 1871 1451 1901 colunt
1473 1874 1508 1901 et
1529 1870 1698 1901 retinent!

1107 1919 1226 1958 quibus
1253 1919 1450 1959 intelligitur
1474 1918 1628 1950 doctrina
1655 1918 1794 1958 Epicuri

1106 1966 1240 2006 quidem
1254 1976 1346 2005 sana,
1361 1972 1396 1997 et
1412 1966 1619 2007 quorundam
1634 1965 1794 2006 Epicure-

1107 2023 1214 2053 orum,
1229 2023 1247 2044 e
1261 2025 1400 2056 quorum
1415 2024 1450 2046 se
1473 2024 1544 2046 esse
1559 2023 1696 2045 numero
1713 2015 1794 2046 Cas—

1110 2063 1176 2094 sius
1199 2063 1254 2094 ille
1277 2065 1447 2095 ostendit:
1473 2064 1590 2094 insana
1613 2073 1691 2094 vero
1716 2063 1794 2094 alio-

1110 2121 1182 2142 rum
1199 2113 1353 2152 plurium,
1370 2113 1458 2144 iuter
1479 2122 1561 2153 quos
1582 2112 1646 2143 iste
1669 2112 1796 2152 Catius,

1110 2170 1208 2202 quem
1231 2161 1286 2192 hic
1313 2162 1494 2192 subsannat
1519 2161 1638 2192 Poeta.
1681 2161 1729 2192 Hi
1745 2162 1794 2191 ni-

1110 2210 1226 2240 mirum
1242 2209 1283 2239 ad
1300 2210 1448 2249 corporis
1468 2210 1655 2250 voluptates
1677 2218 1796 2249 perpe-

1111 2267 1180 2289 ram
1213 2256 1406 2288 referebant
1437 2258 1595 2298 quicquid
1627 2258 1791 2298 Epicurus

1111 2307 1281 2338 tribuebat
1294 2307 1455 2346 voluptati
1471 2307 1632 2336 duntaxat
1648 2305 1677 2336 'ei
1693 2315 1792 2346 quam

1111 2357 1238 2387 animus
1261 2366 1280 2387 e
1310 2356 1432 2386 virtute
1456 2355 1599 2395 percipit
1623 2364 1662 2385 ac
1684 2356 1793 2386 metit.

1112 2406 1197 2437 Vide
1213 2406 1284 2436 Sat.
1300 2413 1381 2436 vm.
1398 2414 1467 2444 seq.

1155 2455 1227 2485 Non
1241 2457 1285 2485 est
1299 2453 1374 2484 mihi
1389 2456 1518 2492 tempus,
1538 2453 1608 2493 ξω]
1629 2452 1794 2494 Interpel-

1112 2507 1234 2537 lantem
1250 2510 1380 2536 amovet
1393 2509 1429 2535 ct
1441 2504 1610 2543 amandat,
1623 2505 1715 2545 quasi
1724 2515 1793 2537 rem

1111 2565 1244 2596 gravem
1267 2555 1421 2584 moliatur
1444 2553 1554 2593 anxie,
1577 2553 1655 2584 dum
1671 2555 1791 2587 culiuae

1112 2604 1270 2645 mysteria
1287 2607 1482 2643 pertractat.

1154 2656 1174 2684 2
1198 2653 1313 2684 Ponere
1340 2653 1447 2694 signa]
1484 2653 1569 2685 Haec
1600 2655 1711 2692 σημεῖα
1743 2655 1792 2686 καὶ

1111 2701 1251 2739 μνήματα
1277 2708 1371 2733 vocat
1393 2703 1492 2733 Plato
1516 2703 1547 2733 in
1575 2703 1732 2743 Cratylo:
1757 2709 1793 2735 et

1112 2756 1204 2782 certe
1230 2761 1294 2783 non
1317 2751 1422 2783 minus
1445 2761 1507 2792 per
1523 2752 1680 2793 imagines
1694 2762 1793 2795 quam

1741 1871 1793 1901 E„
1840 1878 1847 1885 .
