1936 3236
373 296 428 336 ἐξ

429 296 456 336 Φ

838 309 880 345 Q·
912 308 1114 338 HORATU
1152 306 1324 336 FLAccl

955 463 1082 504 ODE
1134 462 1216 504 IV.

371 558 515 588 Drusum
533 558 676 599 Augusti
693 558 879 599 privignum
895 559 939 590 ob
954 559 1107 591 devictos
1125 559 1261 591 Ruaetos
1278 560 1472 592 Vindelicos
1496 560 1630 602 egregio
1645 560 1790 592 carmine

990 611 1171 643 collaudat.

370 660 378 675 ‘
398 659 484 691 Haec
500 666 552 693 est
570 662 709 702 Ecloga,
726 668 866 702 propter
883 672 979 702 quam
996 668 1087 694 totus
1105 664 1156 695 hic
1174 665 1275 695 Liber
1291 663 1493 703 compositus
1510 663 1584 695 est!
1610 663 1678 694 Vet-
1691 661 1790 694 Schol-

766 715 862 755 (vid.
880 715 1019 756 Argum.
1036 716 1130 747 Odes
1146 725 1170 748 1.
1187 717 1217 747 h.
1235 717 1256 749 l.
1276 715 1389 756 Gesn.)

595 788 809 838 QUALEM
835 790 1074 830 ministrum
1094 790 1286 830 fulminis
1308 790 1451 829 alitem

594 853 699 907 (Cui
719 854 814 895 Rex
839 856 1030 896 Deorum
1053 869 1226 908 regnum
1248 856 1290 896 in
1308 867 1413 896 aves
1434 867 1567 907 vagas

650 921 870 971 Permisit,
890 927 1093 975 expertus
1113 922 1284 962 fidelem

701 986 878 1039 Jupiter
897 988 941 1028 in
959 988 1212 1040 Ganymede
1230 987 1365 1039 flavo)

593 1051 710 1090 Olim
725 1051 927 1103 juventas
949 1057 991 1093 et
1011 1054 1174 1106 patrius
1193 1055 1315 1107 vigor
1763 1053 1790 1092 5

594 1116 713 1157 Nido
734 1117 929 1159 laborum
952 1119 1140 1172 propulit
1157 1120 1357 1167 inscium,

415 1232 542 1266 Qualem
557 1234 705 1264 volucrem
716 1233 862 1270 fulminis
875 1234 1091 1265 administrum
1102 1235 1167 1273 (cui
1181 1245 1312 1265 summus
1326 1236 1463 1265 Deorum
1473 1232 1602 1273 Jupiter
1615 1233 1699 1263 dedic
1708 1231 1794 1271 priu-

369 1271 500 1310 ciputum
517 1274 549 1303 in
565 1274 761 1312 vagabundas
781 1285 861 1313 ures,
874 1276 1001 1314 probata
1015 1275 1079 1314 ejus
1091 1274 1159 1315 fide
1173 1276 1206 1305 in
1221 1272 1505 1315 Gunymedefluvo)
1518 1272 1795 1318 uliqmdojtwe‘u-

370 1316 420 1342 tus
435 1317 465 1344 et
477 1318 607 1353 palerna
627 1315 724 1345 virtus
746 1315 888 1354 ignarum
902 1316 1014 1346 laboris
1038 1317 1158 1355 expuit
1172 1317 1256 1355 nido,
1271 1317 1414 1355 vernique
1435 1315 1518 1346 venti
1535 1315 1606 1352 giam
1629 1315 1795 1344 transactis

965 1394 1081 1406 oooooo

1084 1395 1198 1408 cccccc

412 1445 487 1476 Ode
503 1445 633 1476 decima
648 1450 745 1477 sexta
762 1447 853 1478 Libri
868 1447 975 1488 quinti
998 1448 1031 1478 in
1050 1448 1113 1478 Ed.
1129 1447 1252 1479 Sanad.
1296 1447 1487 1487 Epigraplie
1511 1446 1544 1477 in
1569 1445 1696 1477 duobus
1713 1446 1792 1482 Tor,-

370 1492 455 1517 rent.
474 1487 525 1518 Aa
546 1487 656 1518 Urbem
680 1488 809 1519 Romam
834 1490 871 1519 de
895 1489 995 1520 indole
1019 1490 1165 1527 Duum,-
1187 1490 1220 1520 in
1246 1489 1318 1520 aliis
1344 1489 1442 1520 codd.
1463 1487 1624 1528 ejusdem,
1650 1488 1794 1518 Ena-omi-

368 1529 464 1558 astice
482 1529 608 1565 Druso;
633 1529 696 1566 vel,
712 1531 761 1560 Ad
778 1530 907 1561 Romam
915 1541 927 1566 ‚·
949 1531 982 1561 in
997 1532 1134 1562 Venett.
1151 1536 1184 1562 et
1210 1532 1349 1562 Locher.
1373 1531 1426 1560 De
1451 1529 1551 1561 Drusi
1573 1529 1735 1565 laudibus,-
1757 1529 1792 1560 iu

371 1570 510 1600 Asceus.
533 1571 582 1600 De
599 1571 700 1602 Drusi
714 1571 767 1602 sub
782 1571 918 1610 Augusti
930 1572 1062 1612 auspicio
1077 1573 1292 1603 laudibus—8
1315 1572 1466 1603 Promisit
1488 1571 1580 1611 Lips.
1597 1573 1627 1602 3.
1642 1570 1793 1601 Perman-

368 1611 408 1641 sit
427 1611 524 1642 Dess.
541 1614 635 1643 2.--6
653 1612 815 1645 Qua-dam
831 1613 909 1645 edd.
926 1614 1175 1652 vett.J'uventus.
1196 1614 1287 1654 Lips.
1316 1615 1347 1644 4.
1363 1617 1392 1643 et
1403 1616 1532 1653 patruus
1548 1612 1710 1651 vigam—o
1723 1611 1792 1642 Pro

1011 1685 1154 1718 NOTAE

409 1750 559 1782 Meu-um
575 1750 663 1782 idem
679 1752 766 1792 quod
783 1762 884 1793 supra
900 1762 924 1784 ι.
939 1752 1007 1785 Od.
1023 1756 1053 1785 9.

412 1802 426 1829 1
454 1800 582 1834 Qualem
591 1801 778 1840 ministrum,
789 1802 858 1842 ξω]
875 1803 974 1833 Drusi
987 1803 1053 1833 Ne-

369 1848 457 1878 ronis
481 1847 623 1888 Augusti
638 1849 781 1880 Caesaris
801 1850 943 1890 privigni
966 1851 1052 1881 cele-

368 1896 445 1927 brat
461 1896 631 1928 victoriam
648 1898 690 1928 de
708 1899 834 1930 Rlioetis
850 1909 888 1930 ac
904 1899 1053 1930 Vindeli-

368 1946 416 1976 cis
443 1951 658 1986 reportatam.
702 1948 781 1987 Ejus
809 1953 920 1979 autem
949 1950 1052 1980 virtu-

368 1998 438 2025 tum
467 1996 604 2034 gloriam
633 1995 703 2028 fere
730 2001 833 2028 totam
861 1998 992 2029 derivat
1020 1999 1052 2029 in

370 2043 570 2086 Augustum,
584 2045 681 2085 cujus
698 2046 900 2077 educatione
916 2051 951 2078 et
963 2047 1054 2078 iusti-

369 2094 496 2125 tutioue
512 2095 581 2126 laus
598 2097 702 2126 omnis
718 2106 757 2127 ea
775 2097 887 2128 Druso
904 2107 1052 2128 accesse-

366 2144 410 2174 rit
435 2145 696 2186 accreveritque.
740 2146 817 2178 Ode
845 2147 1055 2187 perelegans,

368 2198 403 2224 et
418 2193 523 2232 regali
538 2194 696 2226 mandato
711 2195 917 2236 composita:
946 2197 1051 2236 stylus

368 2246 402 2273 et
417 2242 522 2273 dictio
537 2242 683 2283 grandis,
697 2253 715 2274 a
732 2244 846 2284 capite
862 2245 903 2276 ad
925 2245 1052 2276 calcem

367 2290 559 2323 elaborata:
582 2293 711 2324 initium
727 2302 767 2324 eo
790 2293 976 2333 sublimius,
989 2303 1054 2334 quo

369 2341 501 2373 videtur
516 2343 687 2383 aliquanto
711 2343 948 2382 perturbatius.
992 2343 1054 2374 Or-

368 2391 411 2422 do
427 2397 499 2423 est:
525 2393 665 2423 Drusum
688 2392 744 2423 sub
761 2391 891 2432 Alpibus
911 2391 987 2423 bella
999 2401 1053 2430 ge-

368 2443 484 2472 rentem
499 2441 605 2472 1311oest
618 2445 648 2472 el
669 2441 819 2472 Vindelici
833 2443 924 2472 talem
938 2442 1052 2476 videre,

368 2491 484 2529 qualem
495 2491 668 2522 ministrum
673 2491 817 2529 fulminis
826 2514 835 2523 .
845 2514 853 2523 .
863 2514 871 2522 .
883 2514 891 2522 .
901 2492 1055 2522 Juventas

368 2542 398 2569 et
407 2541 527 2577 patrius
537 2541 627 2579 vigor
638 2540 711 2570 nido
719 2541 851 2580 propulit
863 2561 871 2570 .
882 2563 890 2571 .
901 2563 909 2571 .
921 2561 929 2570 .
942 2550 1012 2571 mox
1021 2540 1054 2570 in

368 2589 461 2619 ovilia
487 2591 608 2621 demisit
632 2591 745 2622 hostem
767 2591 888 2622 viridas
912 2592 1054 2631 impetus,

368 2640 422 2676 Ere.
436 2639 590 2677 qualemve
602 2649 710 2678 cuprea
724 2641 836 2671 leonem
852 2640 945 2678 vidit,
966 2642 1054 2671 dente

368 2696 443 2716 uoco
454 2687 604 2725 peritura,
618 2690 670 2727 ⁸5⁶·
715 2690 836 2720 Sensus
852 2693 962 2720 autem
979 2694 1031 2720 est
1045 2699 1052 2719 ε

370 2735 481 2766 Rlioeti
503 2746 541 2766 ac
566 2737 732 2768 Vindelici
757 2749 831 2769 cum
858 2740 968 2770 Druso
987 2739 1054 2770 bel-

368 2785 478 2817 lantes
495 2786 592 2817 talem
609 2797 683 2818 eum
703 2788 1054 2829 eouspexerejmeni·

1107 1754 1130 1785 li
1150 1753 1269 1785 ardore
1283 1763 1322 1784 ac
1338 1757 1480 1794 paterno
1495 1752 1615 1784 robore
1629 1752 1792 1784 invictum

1107 1811 1146 1833 ac
1175 1801 1432 1844 formidabilem,
1469 1800 1571 1841 qualis
1601 1809 1674 1832 esse
1707 1802 1793 1832 solet

1106 1853 1216 1892 aquila
1231 1862 1289 1882 rex
1304 1852 1426 1890 avium,
1440 1851 1594 1890 eumjam
1605 1849 1685 1881 nido
1700 1851 1791 1882 exire

1105 1900 1220 1939 audet,
1249 1900 1440 1940 primosque
1465 1899 1556 1930 nisus
1581 1908 1622 1930 ac
1646 1898 1792 1939 impetus

1106 1950 1228 1988 exerit,
1244 1958 1346 1989 agnos
1370 1957 1447 1980 mox
1473 1952 1507 1978 et
1524 1947 1686 1978 dracones
1706 1948 1791 1988 rapi-

1107 2007 1166 2029 ens
1191 2003 1227 2029 et
1253 2005 1459 2038 expugnans.
1501 1995 1596 2027 Idem
1626 1995 1792 2036 Princeps

1106 2048 1298 2079 adolescens
1313 2050 1407 2078 tauta
1423 2046 1454 2076 vi
1470 2045 1606 2076 Rhoetus
1617 2048 1653 2076 et
1665 2043 1791 2076 Vinde-

1106 2098 1187 2128 licos
1213 2105 1391 2136 aggressus
1414 2099 1466 2126 est
1489 2099 1591 2134 atque
1612 2094 1791 2134 oppressit,

1106 2152 1231 2187 quanta
1243 2148 1295 2177 leo
1305 2154 1439 2186 capram
1450 2143 1644 2185 aggreditur
1654 2151 1792 2184 pascen-

1106 2200 1172 2227 tem
1185 2201 1220 2227 et
1235 2195 1386 2227 dilaniat.

1146 2242 1481 2281 Ministrumsulminis
1490 2241 1609 2281 alitem]
1646 2241 1736 2272 Plin.
1752 2250 1791 2272 n.

1104 2298 1157 2326 55.
1179 2296 1188 2313 ‘
1203 2295 1312 2326 Solam
1329 2303 1348 2324 e
1363 2291 1554 2323 volucribus
1566 2290 1709 2332 aquilum
1725 2289 1790 2322 sul-

1104 2353 1180 2375 meu
1194 2343 1284 2375 haud
1299 2341 1469 2383 percutit:
1494 2349 1568 2380 qnae
1590 2339 1634 2371 ob
1651 2339 1714 2371 hoc
1737 2347 1791 2370 ar-

1106 2393 1233 2432 migera
1255 2391 1352 2432 liujus
1373 2389 1432 2422 teli
1446 2387 1605 2428 fingitur?
1647 2388 1692 2419 Et
1708 2395 1743 2418 x.
1757 2390 1790 2418 3.

1103 2443 1136 2474 in
1151 2441 1218 2472 fine
1229 2452 1238 2470 :
1261 2445 1270 2459 ⁸
1283 2441 1418 2479 Negant
1431 2447 1575 2479 unquam
1590 2436 1693 2468 solam
1706 2436 1790 2468 banc

1105 2492 1218 2523 alitem
1231 2489 1369 2520 fulmine
1383 2487 1603 2518 exanimatam
1617 2495 1627 2516 t
1650 2484 1790 2516 ideoar-

1105 2540 1263 2580 migeram
1279 2537 1372 2570 Jovis
1387 2533 1592 2567 consuetudo
1601 2533 1796 2574 judicavit.’

1105 2589 1158 2620 De
1187 2593 1284 2627 rapto
1314 2583 1510 2624 Ganymede
1543 2591 1604 2622 per
1638 2582 1794 2623 aquilam,

1105 2646 1162 2668 seu
1180 2646 1241 2676 per
1257 2635 1363 2675 ipsum
1379 2634 1498 2666 Jovem
1522 2631 1641 2673 aquilae
1666 2630 1793 2671 specie.

1107 2693 1142 2719 ut
1179 2686 1313 2727 qnidam
1350 2685 1478 2723 volunt,
1514 2682 1589 2713 vide
1626 2681 1708 2714 Not.
1736 2689 1791 2712 ιιι.

1109 2736 1176 2768 Od.
1197 2739 1251 2767 20.
1267 2735 1302 2766 in
1324 2733 1402 2765 fine.
