1904 3256
589 298 857 328 cARmNUM
895 298 993 329 mn.
1027 296 1092 327 tv.
1123 285 1167 326 6.
1532 283 1618 325 583

201 392 368 424 concitat.
412 391 534 423 Altera
549 395 649 432 parte
666 391 886 431 peculiariter
902 400 1025 432 pueros
1042 400 1082 428 ac
1098 390 1227 431 puellas
1242 389 1400 421 hortatur
1414 388 1457 420 ad
1474 387 1616 429 diligen-

200 449 270 476 tem
286 445 388 477 Chori
405 444 494 476 illius
512 444 693 475 Saecularis
718 443 988 485 meditationem,
1004 444 1027 476 i.
1043 453 1074 475 e.
1090 442 1386 474 exercitationem.
1433 440 1615 472 Hactenus

199 506 293 538 ergo,
312 498 485 529 Saeculare
508 497 655 528 Carmen
673 506 809 537 vocare,
825 497 924 529 sicui
946 497 1076 538 lubeat,
1099 499 1231 537 potest.
1274 494 1343 527 Sed
1366 495 1401 526 in
1429 494 1504 535 ipsa
1521 494 1616 525 caeri-

198 550 324 591 monia,
341 555 378 582 et
401 549 594 581 solennibus
621 549 832 590 temporibus
858 560 899 582 ac
922 550 1020 590 locis,
1037 552 1225 587 cantatum,
1240 547 1322 579 mihi
1346 547 1440 578 nullo
1458 546 1560 578 modo
1577 546 1616 578 fit

201 602 389 643 probabile.
408 601 524 643 Gesn.)
569 601 725 644 (Summa
741 602 910 634 Carminis
923 606 976 634 est
991 603 1085 634 haec:
1110 600 1257 640 Phoebe,
1272 600 1330 642 qui
1345 599 1475 631 Niobes
1490 599 1619 639 magui-

198 655 409 696 loquentiam
427 658 462 686 et
478 654 698 686 libidinosum
720 654 813 695 Tityi
829 659 987 687 conatum
1013 663 1050 686 es
1072 655 1177 694 ultus,
1193 658 1296 695 atque
1311 652 1481 685 Achillem
1504 651 1617 683 fortis-

199 708 333 744 simum,
349 708 485 749 quinon
498 698 589 746 dolo,
606 707 667 739 sed
686 707 716 738 vi
734 711 770 738 et
787 708 900 750 Marte
916 711 1037 748 aperto
1052 708 1190 749 Trojam
1213 707 1466 748 Trojanamque
1479 710 1619 746 gentem

199 760 335 801 penitus
352 760 549 800 delevisset,
563 761 628 792 nisi
645 761 712 792 tuis
729 761 942 803 Venerisque
959 760 1121 801 precibus
1137 765 1322 792 commotus
1338 759 1478 799 Jupiter
1494 767 1618 799 peper-

199 813 302 844 cisset
326 813 444 844 AEneae
474 813 516 844 ad
545 813 661 844 urbem
690 814 864 845 meliorem
893 813 1142 854 imperiumque
1168 813 1362 844 Romanum
1392 810 1620 851 condendum,

197 864 335 897 fortiter
358 866 585 907 prostravisti,
602 870 638 898 tu
662 867 804 906 Phoebe,
820 867 969 907 inquam,
986 871 1103 898 auctor
1118 870 1153 898 et
1170 875 1297 907 praeses
1319 865 1487 898 Carminis
1507 864 1619 904 lyrici,

197 917 323 960 adjuva
339 928 405 956 me,
429 923 467 950 ut
483 919 628 950 Carmen
653 919 813 951 Latinum
837 919 1010 951 Saeculare
1033 930 1096 961 pro
1116 920 1228 951 salute
1244 924 1281 951 et
1299 918 1534 960 perpetuitate
1560 918 1620 948 im-

198 971 286 1012 perii
301 971 444 1003 Romani
461 971 601 1004 fundam
618 972 755 1005 decore.
793 973 871 1006 Jam
885 982 980 1014 vero,
995 974 1058 1005 hac
1075 973 1155 1004 mihi
1171 972 1336 1004 facultate
1357 982 1376 1003 a
1390 971 1522 1003 Phoebo
1539 980 1620 1002 con-

193 1033 302 1066 cessa,
320 1035 388 1061 vos,
405 1025 544 1066 patrimi
567 1025 784 1067 matrimique
812 1027 907 1067 pueri
933 1026 1137 1068 puellaeque,
1154 1025 1211 1067 qui
1237 1025 1319 1057 estis
1343 1025 1376 1055 in
1403 1024 1511 1055 tutela
1535 1023 1620 1054 Dia-

147 1077 149 1079 ’
196 1086 263 1118 nae,
279 1082 416 1109 servate
433 1078 626 1119 rhythmum
652 1088 876 1120 numerosque
901 1079 1066 1111 Carminis
1091 1079 1171 1120 mei,
1187 1082 1224 1110 et
1239 1078 1325 1109 adeo
1343 1078 1410 1109 rite
1426 1082 1461 1108 et
1486 1086 1529 1108 ex
1545 1081 1620 1107 arte

167 1123 170 1127 ⁸
197 1122 311 1162 canite
333 1130 454 1162 laudes
471 1130 642 1172 Apollinis
658 1136 694 1163 et
709 1132 835 1163 Dianae
851 1131 968 1173 fruges
998 1131 1232 1172 prosperantis
1250 1134 1285 1162 et
1300 1139 1433 1161 menses
1459 1128 1620 1161 celeriter

195 1182 379 1215 decurrere
394 1183 572 1223 facientis;
595 1184 643 1216 ita
659 1189 710 1224 ut,
734 1185 760 1215 si
787 1194 855 1225 qua
870 1189 1036 1224 vestrum,
1060 1184 1197 1224 pnellae,
1223 1182 1406 1224 aliquando
1422 1186 1531 1222 nupta
1548 1180 1620 1212 fue-

197 1235 254 1275 rit,
268 1235 385 1267 dicere
407 1236 530 1276 possit,
547 1245 612 1276 ego
635 1236 861 1267 Horatianum
878 1237 1025 1268 Carmen
1044 1237 1118 1268 Diis
1142 1240 1277 1277 gratum
1301 1235 1421 1267 diebus
1438 1234 1620 1266 Saeculari-

196 1286 259 1318 bus
273 1286 372 1319 festis
389 1288 512 1319 cecini.
528 1287 647 1328 Zeim.)

381 1364 529 1411 DJVE,
548 1375 682 1415 quem
705 1363 855 1415 proles
879 1355 1055 1402 Niobea
1075 1375 1249 1414 magnae

379 1427 618 1469 Vindicem
642 1427 823 1479 linguae,
844 1426 1096 1480 Tityosque
1115 1432 1267 1480 raptor

195 1527 227 1558 0
242 1525 342 1567 Deus,
365 1534 451 1565 quem
474 1524 601 1565 superbi
626 1524 776 1556 sermoni>-
801 1525 932 1555 ultorem
958 1524 1082 1565 experti
1112 1528 1186 1556 sunt
1207 1524 1277 1566 filii
1293 1524 1422 1565 Niobes,
1441 1534 1477 1556 ac
1504 1524 1616 1566 Tityus

761 1607 896 1620 0000000
900 1608 1000 1622 ooooo

195 1662 296 1695 Hanc
310 1663 411 1695 Oden
427 1663 592 1696 Carminis
606 1663 790 1695 Saecularis
808 1667 942 1704 partem
957 1663 1174 1695 constituunt
1187 1660 1314 1694 Sanad.
1327 1661 1447 1694 Jones.
1463 1662 1616 1701 Francis,

152 1705 302 1747 Tovem,
324 1711 362 1738 et
385 1705 551 1738 Anchers.
597 1706 676 1738 Vid.
703 1705 823 1746 Argin.
851 1707 893 1737 ad
921 1706 1036 1737 Carm.
1059 1706 1150 1736 Saec.
1195 1703 1396 1744 Epigraphe
1418 1704 1452 1734 in
1469 1705 1613 1735 Venett.

151 1748 297 1780 Locher.
313 1752 348 1780 et
364 1747 510 1781 Ascens.
545 1749 596 1780 De
612 1748 773 1779 Laudibus
787 1748 1019 1789 Apollinis.—l
1045 1747 1144 1786 Dine,
1172 1755 1260 1787 quom
1286 1746 1367 1776 Vet.
1389 1746 1509 1776 Comb.
1535 1747 1617 1776 Nio-

151 1790 228 1827 boen,
247 1791 390 1829 Niobaeu,
408 1792 487 1822 edd.
505 1795 589 1823 vett.
628 1791 750 1822 Niobea
777 1791 892 1822 Bentl.
917 1790 1064 1829 Cuning.
1091 1788 1182 1829 Jani,
1205 1788 1348 1827 Bipont.
1366 1787 1617 1819 Mitsch.Wet-

155 1833 218 1865 zei.
245 1839 282 1866 et
306 1834 412 1867 Kidd.
435 1834 498 1865 Gr.
522 1838 574 1866 est
590 1832 796 1871 Νιοβείη.-2
823 1833 946 1874 Tyrius,
965 1832 1086 1873 Tytios,
1106 1831 1216 1871 Titios,
1235 1830 1353 1870 ricius,
1369 1831 1542 1861 variantes
1558 1840 1615 1871 ap.

812 1907 955 1940 NOTAE

191 1972 343 2004 Mettum
358 1971 449 2005 idem
465 1972 556 2014 quod
572 1981 596 2004 1.
613 1971 680 2004 Od.
696 1974 728 2004 2.

193 2025 210 2054 1
235 2022 334 2062 Dine,
358 2023 428 2064 aa]
450 2023 594 2054 Carmen
615 2022 691 2061 hoc,
716 2025 755 2053 ut
776 2025 810 2053 et
828 2030 852 2053 1.

150 2073 220 2105 Orl.
234 2076 288 2105 21.
332 2073 503 2105 Saeculare
524 2072 665 2104 inscribi
689 2073 787 2112 solet,
813 2076 853 2103 ut

150 2122 315 2154 annotavi
353 2122 480 2153 ibidem
499 2132 507 2152 :
544 2126 701 2153 neutrum
740 2127 852 2154 tamen

150 2173 290 2214 proprie
319 2175 455 2205 titulum
485 2175 576 2206 hunc
606 2179 768 2215 meretur,
791 2175 852 2206 sed

148 2223 234 2256 illud
251 2228 380 2256 tantum
398 2223 487 2266 quod
503 2224 649 2256 habetur
665 2229 743 2266 post
763 2226 853 2266 Epo-

155 2274 226 2306 dos.
272 2274 360 2306 Vide
376 2274 422 2306 ibi
435 2278 612 2307 annotata.

195 2325 295 2361 Quem
321 2325 426 2366 proles
454 2325 589 2361 Niobea,
612 2326 682 2367 ζα]
715 2325 855 2366 Apollo,

150 2374 207 2415 qni
222 2374 383 2406 honorem
401 2375 542 2407 Latonae
559 2376 680 2407 matris
698 2381 766 2407 tuae
782 2376 854 2407 vin-

149 2424 272 2456 dicasti
284 2425 446 2456 adversus
460 2425 690 2466 arrogantiam
709 2426 854 2466 Niobes,

149 2484 226 2516 quae
240 2484 276 2506 se
292 2485 375 2507 ausa
389 2480 442 2507 est
455 2476 591 2516 Jactare
606 2475 854 2508 foecundiorem

151 2533 191 2557 ac
202 2523 390 2557 feliciorem
405 2527 571 2566 partubus
583 2536 623 2558 ac
637 2527 766 2566 sobole,
781 2537 852 2568 prae

150 2573 226 2614 ipsa
241 2575 374 2607 Latona
388 2575 472 2607 duos
490 2580 622 2608 tantum
646 2578 759 2617 enixa,
777 2587 854 2608 cum

153 2622 228 2663 ipsa
249 2634 461 2657 numerosam
488 2627 733 2668 pulchramque
750 2636 853 2667 genu·

152 2672 235 2704 isset
259 2675 400 2713 prolem.
445 2676 536 2708 Gen.
566 2685 629 2709 xx.
653 2680 684 2708 7.
714 2675 854 2718 ‘Mira‚'

154 2722 278 2763 inquit,
288 2725 298 2742 ‘
311 2731 345 2756 et
363 2735 468 2768 prope
483 2727 569 2759 adeo
583 2727 729 2759 ridicula
741 2727 851 2758 diver-

153 2771 236 2803 sitas
252 2770 375 2806 fabulae
389 2776 480 2816 apud
493 2777 636 2809 Graecos
649 2777 776 2809 Poetas
793 2776 852 2808 de-

155 2821 378 2863 prehenditur
403 2834 503 2867 super
526 2837 704 2868 numerum
725 2827 850 2864 Niobae

907 1970 1066 2003 filiorum.
1112 1971 1202 2004 Nam
1223 1970 1396 2002 Homerus
1412 1980 1536 2012 pueros
1554 1980 1615 2012 pu-

907 2024 1059 2065 ellasque
1086 2024 1159 2065 ejus
1187 2023 1239 2055 bis
1261 2033 1360 2055 senos
1385 2023 1468 2054 dicit
1492 2022 1614 2063 fuisse,

906 2074 1089 2116 Euripides
1114 2074 1166 2106 bis
1188 2078 1367 2115 septenos,
1388 2074 1527 2115 Sappho
1562 2074 1615 2106 bis

905 2125 1306 2166 novenos,Bacchylides
1323 2130 1360 2156 et
1374 2124 1544 2156 Pindarus
1561 2124 1616 2156 bis

907 2175 1036 2207 denos:
1065 2175 1204 2217 quidam
1236 2174 1292 2206 alii
1319 2175 1517 2215 scriptores,
1543 2179 1613 2206 tres

907 2225 1012 2257 fuisse
1039 2226 1128 2257 solos
1159 2223 1348 2257 dixerunt!
1395 2225 1504 2257 Porro
1526 2225 1614 2257 filios

908 2275 1031 2307 Niobae
1048 2285 1165 2307 omnes
1183 2274 1320 2315 Apollo,
1335 2274 1421 2307 filias
1440 2276 1549 2308 Diana
1561 2286 1614 2308 sa-

907 2325 1003 2367 gittis
1032 2324 1183 2357 confixos
1213 2329 1433 2365 peremerunt
1452 2337 1460 2356 :
1479 2326 1612 2357 ,Niobe

908 2385 990 2407 vero
1005 2375 1038 2406 iu
1055 2384 1174 2406 saxum
1186 2379 1316 2406 mutata
1326 2374 1448 2407 fertur.
1472 2375 1613 2407 Homer.

908 2426 1009 2458 Iliad.
1040 2426 1104 2458 ult.
1132 2425 1237 2457 ovid.
1267 2426 1355 2457 Met.
1375 2434 1439 2456 vr.
1471 2425 1552 2456 Fab.
1579 2428 1611 2456 3.

907 2476 1053 2509 Diodor.
1084 2476 1186 2508 Sicul.
1213 2486 1249 2509 v.
1269 2478 1321 2507 11.
1359 2476 1518 2508 Juvenal.
1538 2476 1611 2507 Sat.

908 2536 958 2558 vr.
995 2529 1069 2559 1⁷3.
1104 2531 1140 2557 et
1176 2535 1248 2566 seq.
1282 2526 1412 2556 Auson.
1450 2525 1613 2565 Epitaph-

910 2585 1035 2607 xxvn.
1049 2575 1092 2606 de
1108 2575 1235 2606 Niobe.
1261 2580 1268 2592 ¹
1286 2576 1344 2605 Bis
1369 2581 1500 2614 septem
1522 2575 1612 2607 natis

909 2626 1057 2668 genitrix
1074 2626 1154 2656 laeta
1167 2630 1269 2666 atque
1281 2625 1441 2666 superba,
1450 2626 1515 2658 Tot
1531 2625 1612 2658 duxi

908 2680 1019 2708 mater
1034 2674 1156 2707 funera
1176 2680 1258 2716 quot
1274 2675 1391 2716 genui:
1435 2675 1511 2708 Nec
1526 2677 1611 2708 satis

906 2727 971 2758 hoc
1001 2725 1126 2764 Divis;
1165 2725 1252 2756 duro
1286 2725 1497 2757 circumdata
1527 2737 1610 2758 saxo

906 2776 1014 2808 Amisi
1029 2776 1164 2807 humani
1188 2774 1529 2816 corporiseffigiemf
1545 2779 1611 2808 διο.

906 2827 1019 2860 Niobe
1030 2826 1165 2858 Tantali
1178 2825 1260 2867 filia,
1278 2835 1363 2858 uxor
1376 2835 1456 2859 vero
1468 2826 1610 2869 Amphi-
