1936 3236
619 214 637 226 Ο

520 301 793 334 marimum
830 301 927 333 Lm.
961 272 1094 332 rvs4.
1464 289 1552 331 569

324 398 518 439 Drusum
537 400 749 450 gerentem
769 395 1018 448 Vindelici3
1049 395 1210 449 quibus

93 507 348 546 benefacientem
363 508 505 539 Drusum
518 507 662 539 viderunt
681 507 789 539 Rhaeei
810 511 903 549 atque
924 505 1089 547 Vindelici,
1103 504 1211 546 quibus
1227 513 1290 536 mos
1304 504 1388 536 omni
1402 514 1468 536 ατο
1484 515 1548 537 ma·

861 602 880 615 Ο
883 602 943 615 ΝΟ

92 665 234 699 Sueton.
259 665 346 706 Aug.
370 668 425 698 21.
444 667 560 699 Strab.
579 677 632 699 ιν.

91 709 290 741 Vindelicos
307 709 360 740 vel
382 709 577 750 intelligunt
600 709 801 743 Rhaetorum
825 717 955 752 partem
979 709 1167 741 Vindelicis
1184 708 1392 749 propiorem,
1418 708 1470 739 vel
1494 707 1550 749 (nt

91 750 216 792 Gesn.)
241 751 382 783 Rliaetos
397 761 468 792 eos,
483 752 541 794 qui
557 753 753 792 specialiori
769 754 903 786 nomine
919 752 1092 783 Vindelici
1116 751 1279 792 appellati
1298 750 1446 789 fuerint3
1471 759 1549 781 nam

91 794 244 826 boccum
261 794 362 834 plane
378 794 592 826 arbitrarium
616 800 682 835 est,
708 806 771 827 nec
798 796 880 828 satis
906 799 1176 827 consentaneum
1193 792 1331 834 quidem
1355 792 1444 823 illius
1469 792 1549 823 belli

92 835 271 875 Historiae,
287 841 371 873 tum,
385 846 484 878 quam
501 837 647 869 alienum
663 838 709 870 sit
734 849 755 870 a
778 838 910 870 ratione
925 836 1059 878 poetica
1076 840 1111 868 et
1133 835 1253 877 lyrica,
1271 834 1372 866 facile
1388 835 1548 866 sentitur.

90 877 201 910 Remu
214 900 242 910 ..
255 902 264 911 .
277 882 308 910 et
329 879 484 911 Vindelici
498 880 598 920 pauci
614 881 751 920 quidem
768 880 869 912 codd.
890 885 930 911 nt
956 879 1074 911 Bentl.
1100 879 1231 911 Battel.
1258 878 1351 918 Lips.
1369 880 1399 909 l.
1422 877 1549 919 aliique

90 921 311 962 recentiores,
335 921 417 953 item
440 922 570 954 Muret.
595 923 717 954 Heius.
741 923 858 964 Steph.
874 924 1037 963 Rutgers.
1052 921 1131 953 Fab.
1152 921 1279 953 Dacer.
1293 923 1358 952 «Sec.
1417 921 1548 951 Miran-

90 963 182 1001 dum,
197 963 367 1005 quomodo
389 969 459 996 tam
482 965 604 997 multas
627 965 728 998 editt.
753 975 925 1006 occupare
951 965 1103 1006 potuerit
1130 963 1234 995 lectio
1263 963 1313 994 ita
1336 963 1487 1003 vulgaris
1514 967 1551 994 et

89 1006 259 1047 prosaica,
283 1016 383 1048 quatu
408 1007 452 1038 ab
467 1007 725 1049 interpolatoris
742 1009 912 1049 sapientia
927 1017 1001 1039 esse
1016 1007 1131 1039 statim
1150 1011 1328 1047 appareat.
1374 1006 1550 1037 Praeclare

89 1047 197 1089 igitur
208 1049 326 1080 Bentl.
350 1049 510 1082 Rha-tis...
520 1050 686 1090 Vindelici,
701 1050 752 1083 uti
765 1056 841 1083 erat
853 1051 889 1082 in
905 1049 1245 1090 cod.Rottendorph.
1260 1049 1342 1080 item
1355 1048 1390 1079 in
1407 1058 1474 1079 uno
1483 1049 1551 1080 Cu-

89 1091 182 1133 ning.
229 1091 287 1124 Ita
301 1095 338 1123 et
355 1092 401 1123 N.
418 1092 541 1124 Heius.
557 1102 613 1135 ap.
636 1093 751 1125 Bentl.
767 1094 851 1126 item
869 1094 955 1125 Cun.
971 1092 1095 1124 Sanad.
1110 1096 1147 1124 et
1161 1091 1240 1125 Jon.
1258 1091 1368 1122 Favet
1387 1091 1418 1122 ei
1435 1100 1548 1122 emen-

89 1133 234 1170 dationi.
248 1134 338 1176 quod
354 1134 387 1166 in
403 1135 488 1168 Mas.
501 1140 541 1167 ut
556 1145 623 1168 uno
637 1137 793 1169 Torrent.
811 1136 964 1168 Bentleii
980 1136 1097 1167 Graev.
1113 1134 1268 1175 pluribus
1285 1135 1371 1166 Cun.
1388 1133 1549 1174 Gotting.

90 1181 144 1208 est
162 1176 283 1217 Raetii,
297 1183 418 1218 aperto
433 1178 534 1219 lapsu
550 1188 611 1220 pro
627 1179 753 1211 Rhetis.
791 1179 895 1211 Nunc
913 1183 949 1210 et
964 1178 1128 1218 expedita
1143 1182 1179 1209 et
1194 1177 1362 1218 praeclara
1376 1178 1551 1208 sententia

90 1223 154 1250 est.
198 1219 360 1251 Ceterum
377 1221 470 1251 varie
485 1221 585 1253 codd.
601 1218 767 1253 exhibent
782 1233 791 1253 ι
809 1222 900 1261 Reli,
918 1221 1031 1260 Βὴειὶ,
1048 1220 1157 1259 Rethi,
1176 1219 1295 1258 Rhoeli,
1312 1219 1433 1258 Roethi,
1451 1219 1550 1255 Rani,

91 1256 210 1293 Rhoefi.
255 1262 341 1293 Duae
369 1266 550 1302 postremae
576 1263 757 1303 scripturae
786 1263 876 1294 bene
900 1263 1042 1302 habent,
1069 1267 1196 1294 ceterae
1224 1262 1432 1302 corruptelae
1456 1266 1548 1293 sunt.

91 1303 159 1336 Qui
177 1302 264 1335 Raeti
278 1303 447 1342 scribunt,
464 1304 537 1334 sine
554 1303 774 1345 aspiratione,
797 1314 874 1336 cum
898 1314 967 1336 non
988 1314 1063 1336 esse
1085 1304 1247 1335 Graecum
1263 1313 1385 1335 nomen
1402 1308 1553 1343 monent,

91 1350 162 1377 tum
178 1345 308 1385 lapides
323 1345 504 1385 advocant,
530 1351 564 1377 ut
583 1356 639 1385 ap.
656 1346 797 1377 Gruter.
811 1356 846 1386 p.
860 1349 935 1377 376.
950 1356 986 1377 n.
1002 1350 1034 1377 6.
1056 1348 1133 1377 439.
1150 1355 1185 1375 n.
1199 1348 1230 1376 8.
1253 1348 1330 1377 524.
1346 1355 1379 1377 n.
1396 1349 1429 1377 3.
1477 1346 1551 1377 Ne-

90 1395 156 1426 que
179 1389 292 1417 tamen
315 1387 399 1417 vitio
420 1387 509 1418 verti
536 1387 657 1427 possit,
682 1388 709 1418 si
725 1387 801 1428 quis
824 1387 955 1418 scribat
970 1387 1093 1427 Rhaeti,
1118 1396 1195 1417 cum
1224 1386 1268 1417 ob
1294 1396 1466 1418 nummum
1494 1397 1549 1427 ap.

88 1428 271 1468 spanhem.
288 1427 331 1459 de
346 1428 437 1459 V.N.
454 1439 486 1469 p.
501 1430 578 1460 843.
600 1437 780 1460 numicvs
805 1437 1021 1465 nxnncrrvs,
1047 1435 1116 1459 tum
1135 1428 1341 1459 auctoritate
1357 1428 1550 1469 Strabonis,

89 1470 222 1506 Dionis.
236 1472 299 1502 &c-
321 1470 443 1512 quibus
459 1475 538 1502 sunt
551 1470 681 1510 ‘Pau-02,
693 1472 771 1502 deni
799 1480 841 1502 ue
866 1472 910 1503 ob
935 1472 1112 1511 vulgarem
1137 1475 1383 1511 receptamque
1404 1481 1548 1503 consue-

88 1512 252 1552 tudinem,
265 1522 332 1554 qua
347 1512 449 1544 etiam
468 1513 607 1553 Rhenus,
622 1514 760 1545 minime
813 1523 935 1546 raecnm
953 1523 1088 1550 nomen,
1104 1512 1289 1545 scribitur?
1303 1514 1394 1544 dani.
1439 1514 1550 1545 Rhaeti

88 1578 97 1588 .
114 1577 124 1587 .
141 1577 150 1587 .
167 1577 176 1587 .
199 1555 354 1588 Vindelici
375 1555 474 1587 Harl.
491 1558 520 1587 1.
535 1559 566 1589 2.
581 1559 613 1588 3.
627 1558 660 1588 4.
677 1560 709 1588 5.
725 1559 758 1588 6.
818 1557 922 1588 Raetis
945 1557 1063 1588 laudat
1089 1556 1318 1596 Oudendorp.
1336 1555 1379 1587 ad
1406 1556 1550 1588 Sueton.

89 1597 215 1630 Octav.
231 1607 309 1638 cap.
322 1601 374 1630 21.
393 1602 429 1630 et
443 1599 492 1630 sic
507 1599 596 1640 conj.
613 1599 731 1631 Bentl.
747 1608 814 1631 non
833 1599 967 1631 Rhaetie.
1001 1603 1010 1617 ⁴
1023 1599 1106 1630 Cum
1121 1599 1211 1631 Jano
1228 1599 1326 1630 uncis
1343 1599 1465 1630 inclusi
1479 1600 1551 1639 qui-

87 1639 144 1672 bus
158 1641 244 1680 Mos,
258 1642 311 1681 ᾴσ.
334 1650 440 1683 nsque
454 1641 510 1683 ad,
519 1640 575 1680 fas
590 1644 637 1674 est
652 1643 767 1681 omnia,
783 1651 858 1674 cum
874 1642 943 1673 siut
958 1642 1063 1674 assuti
1079 1651 1099 1672 a
1115 1641 1221 1672 sciolo
1236 1642 1396 1683 quodam,
1415 1651 1548 1683 pannus

88 1682 198 1715 Poeta
213 1683 384 1724 indignus,
398 1693 588 1725 quanquam
599 1684 673 1726 jam
688 1685 801 1716 Servii
819 1685 880 1726 (ad
895 1685 992 1725 Virg.
1010 1684 1085 1716 AEn.
1102 1693 1127 1715 1.
1142 1683 1236 1724 247.)
1261 1688 1367 1716 aetate
1383 1685 1415 1715 ei
1432 1684 1546 1715 adhae-

87 1734 176 1758 rens.
220 1724 317 1758 Idem
327 1726 400 1768 jam
422 1732 603 1759 senserant
617 1727 744 1759 Sanad.
762 1727 850 1760 Sivr.
867 1731 903 1758 et
918 1727 1038 1760 Jones.
1055 1735 1132 1758 cum
1149 1727 1310 1758 Bentleio
1331 1727 1414 1758 nihil
1439 1727 1548 1768 spurii

746 1811 776 1842 N
783 1810 892 1843 OTAE

656 677 690 708 p.
708 672 783 701 206.
799 671 862 702 &c-
908 669 1022 702 Quare
1048 665 1152 698 nihilo
1178 666 1300 697 melius
1326 665 1382 696 alii
1409 664 1549 696 Rhaetos

85 1884 141 1916 tiis
156 1889 193 1917 et
207 1885 303 1917 Boiis
319 1884 466 1924 finitimi,
488 1895 531 1917 ex
546 1885 715 1917 Strabone
731 1885 790 1917 lib.

86 1944 137 1966 lv.
161 1935 219 1977 qui
248 1940 284 1967 et
305 1935 389 1967 ibid.
414 1936 519 1968 Drusi
544 1936 722 1968 victoriam
746 1937 790 1968 de

86 1985 153 2017 illis
169 1986 349 2028 praedicat.
393 1987 483 2019 Vide
507 1988 598 2020 Flor.
620 1996 670 2020 tv.
689 1990 740 2020 12.
754 1992 790 2020 et

86 2035 236 2068 Dionem
251 2036 309 2068 lib.
325 2045 397 2069 mv.

131 2087 173 2117 18
201 2086 372 2129 Vindelici]
387 2087 434 2119 Hi
450 2088 631 2119 Borealem
650 2086 789 2129 Alpium

88 2136 262 2176 regionem
285 2138 464 2178 tenebant,
489 2137 578 2169 sicut
595 2137 790 2169 Australem

89 2186 215 2227 Rhaeti,
230 2187 365 2229 utrique
377 2187 520 2228 perinde
529 2187 694 2219 bellicosi.
718 2187 791 2219 Ho·

87 2237 144 2270 die
165 2237 270 2270 Suevi
292 2243 328 2270 et
357 2238 478 2270 Bavari
494 2238 723 2270 Vindeliciam
741 2239 791 2270 in-

87 2288 216 2320 colunt.
273 2288 361 2320 Sunt
396 2289 453 2330 qui
484 2288 682 2320 Vindelicos
712 2299 788 2321 cnm

87 2338 219 2370 Rhoetis
233 2338 462 2371 confundant:
480 2340 540 2371 sed
554 2348 706 2372 errorem
719 2350 790 2372 ma-

86 2387 212 2421 nifeste
227 2389 380 2422 ostendit
404 2390 496 2422 Vell.
518 2390 658 2422 Patere.
675 2399 716 2422 11.
733 2392 787 2422 94.

86 2442 124 2470 et
149 2441 204 2472 95.
229 2440 279 2472 ita
305 2439 479 2472 referens:
504 2439 599 2472 ιΤίῑ).
624 2440 788 2472 Claudius

86 2487 194 2530 Nero,
207 2512 216 2521 .
231 2511 240 2520 .
251 2511 261 2520 .
271 2512 280 2522 .
295 2489 482 2522 innutritus
495 2490 686 2522 coelestium
701 2500 787 2532 prae-

87 2543 263 2581 ceptorum
279 2539 482 2582 disciplinis,
495 2541 632 2582 juvenis
648 2550 788 2582 genere,

86 2587 205 2632 forma,
229 2591 438 2623 celsitudine
461 2592 626 2633 corporis,
648 2593 788 2633 optimis

87 2640 215 2682 studiis,
227 2642 440 2684 maximoque
451 2642 588 2684 ingenio
599 2643 790 2674 instructis-

89 2686 203 2729 simus,
216 2691 273 2731 qui
288 2692 455 2733 protinus,
467 2697 614 2733 quantus
631 2697 696 2732 est,
713 2702 791 2733 spe-

90 2736 158 2767 rari
192 2743 363 2781 potuerat,
397 2742 555 2784 visusque
590 2743 789 2783 praetulerat

89 2786 300 2828 Principem,
315 2791 476 2823 Quaestor
496 2791 788 2825 undevicesimum

88 2846 212 2869 annum
236 2847 339 2878 agens
360 2849 538 2882 capessere
561 2843 666 2883 coepit
688 2843 787 2876 Rem-

843 1884 1040 1926 publicam,’
1055 1886 1120 1917 &c.
1166 1885 1213 1916 Et
1237 1885 1341 1926 paulo
1357 1888 1457 1926 post:
1482 1886 1550 1918 Re·

843 1944 979 1967 versum
1009 1945 1051 1966 ex
1082 1934 1256 1976 Armenia,
1278 1935 1312 1967 in
1338 1939 1548 1977 potestatem

841 1985 969 2027 Populi
997 1985 1142 2017 Romani
1169 1985 1325 2026 redacta,
1347 1986 1357 2003 ‘
1373 1986 1548 2018 Neronem

843 2037 960 2068 Caesar
976 2035 1067 2067 hand
1083 2035 1266 2067 mediocris
1285 2035 1366 2067 belli
1384 2036 1473 2067 mole
1489 2046 1548 2067 ex-

840 2087 946 2129 periri
957 2086 1092 2125 statuit,
1101 2086 1262 2128 adjutore
1271 2086 1385 2128 operis
1394 2086 1474 2119 dato
1481 2087 1549 2119 sra-

842 2142 895 2169 tre
911 2137 1016 2179 ipsius
1034 2139 1149 2169 Druso
1166 2137 1324 2177 Claudio,
1341 2147 1441 2179 quem
1459 2138 1550 2170 intra

842 2187 990 2220 Caesaris
1028 2192 1172 2230 penates
1201 2188 1302 2219 enixa
1330 2193 1407 2220 erat
1436 2189 1548 2220 Livia.

843 2238 983 2280 Quippe
1023 2242 1185 2279 uterque,
1223 2237 1342 2270 divisis
1380 2239 1550 2279 partibus,

841 2288 983 2321 Rhaetos
1002 2288 1269 2330 Vindelicosque
1286 2290 1452 2330 aggressi,
1463 2289 1548 2320 mul-

840 2339 883 2371 tis
908 2340 1040 2372 urbium
1060 2343 1097 2371 et
1124 2339 1345 2372 castellorum
1369 2348 1547 2380 oppugna-

842 2390 1006 2431 tionibus,
1018 2399 1081 2422 nec
1096 2399 1162 2421 non
1178 2389 1310 2421 directa
1325 2398 1461 2431 quoque
1474 2389 1547 2420 acie

842 2438 992 2473 feliciter
1015 2439 1139 2480 functi,
1161 2444 1283 2481 gentes
1313 2439 1396 2471 locis
1419 2438 1547 2470 tutissi-

842 2501 929 2532 mas,
953 2491 1046 2523 aditu
1068 2490 1298 2530 difficillimas,
1316 2499 1456 2522 numero
1477 2487 1546 2519 fre-

841 2546 998 2583 quentes,
1012 2540 1152 2573 feritate
1175 2545 1303 2580 truces,
1319 2541 1448 2581 majore
1469 2549 1547 2571 cum

844 2593 998 2633 periculo
1015 2601 1116 2633 quam
1142 2591 1265 2622 damno
1285 2590 1428 2622 Romani
1445 2599 1546 2621 exer-

844 2643 944 2679 citus,
961 2643 1108 2683 plurimo
1130 2651 1206 2672 cum
1230 2650 1346 2672 earnm
1368 2639 1546 2681 sanguine,

845 2690 1135 2733 perdomuerunt.‘
1150 2690 1291 2721 Sueton.
1307 2690 1433 2722 Octav.
1450 2693 1546 2723 c.2l.

843 2747 852 2761 ¹
867 2743 1034 2774 Rhaetiam
1052 2747 1088 2774 et
1114 2741 1312 2774 VIndelicos
1329 2763 1337 2772 .
1353 2762 1362 2771 .
1376 2765 1384 2774 .
1400 2763 1408 2773 .
1424 2747 1544 2783 gentes

842 2793 1030 2834 Inalpinas,
1046 2790 1220 2824 coercuit!
1272 2816 1279 2819 .

886 2843 977 2875 Bella
1004 2843 1140 2874 Drusum
1159 2842 1338 2883 gerentem]
1379 2841 1543 2874 Claudius
