1890 3256
282 275 393 315 1004
748 288 789 324 Q.
819 284 1022 316 nonnul
1056 283 1225 326 ηᾼοσι

285 377 366 416 Est
380 389 525 429 operae
544 377 726 430 pretium
747 376 937 426 duplicis
958 387 1216 427 pernoscere
1229 376 1343 428 juris

284 441 524 483 Naturam:
554 442 741 494 simplex
761 453 785 479 e
805 440 920 480 dulci
940 443 1109 480 constat
1129 440 1261 489 olim,

283 505 419 555 Quod
439 507 588 559 pingui
608 506 788 545 miscere
807 517 923 545 mero
942 506 1164 557 muriaque
1183 505 1370 554 decebit,

284 571 388 611 Non
408 572 495 612 alia
513 582 642 622 quam
663 582 749 621 qua
768 570 983 623 Byzantia
1003 571 1144 622 putuit
1164 582 1280 610 orca.

284 635 387 681 Hoc
407 636 482 675 ubi
503 633 729 674 confusum
751 633 885 674 sectis
901 634 1107 675 inferbuit
1126 634 1284 683 herbis,

281 699 550 751 Corycioque
569 710 697 739 croco
718 711 917 751 sparsum
937 700 1084 750 stetit3
1115 701 1291 752 insuper
1310 699 1447 740 addes

283 830 419 868 Expedit
433 840 519 861 nosse
532 834 674 861 naturam
686 831 802 869 juscult'
817 831 921 861 mixti.
964 830 1103 870 Simplex
1125 831 1245 870 quidem
1265 831 1424 872 conficitur
1446 841 1485 862 ex
1508 832 1570 861 oleo
1596 829 1699 860 dulci:

282 871 332 901 cui
345 871 493 910 oportebit
503 871 671 903 immiscere
691 881 823 902 wascum
837 872 940 902 vinum
953 875 984 902 et
998 872 1126 902 muriam
1142 882 1200 903 non
1214 873 1307 902 aliam
1321 882 1409 912 quom
1422 882 1481 911 quo
1497 871 1616 911 putruit
1632 879 1703 900 orca
1739 893 1744 898 .

283 912 471 951 Byzantina.
515 913 683 952 Postquam
702 916 803 944 autem
824 913 878 944 lioc
900 913 1002 944 herbis
1022 913 1149 944 concisis
1169 913 1300 944 mixtum
1320 916 1411 953 atque
1430 913 1579 944 incoctum
1600 914 1657 949 est,
1671 914 1702 941 ee

877 1013 1107 1027 OOOONOOONO

285 1087 399 1117 Bentl.
415 1086 522 1117 ceteri
537 1095 602 1117 uno
625 1087 728 1118 verbo
741 1087 907 1125 inmundis,
923 1096 966 1118 ex
981 1086 1091 1126 prisca
1113 1086 1359 1126 orthographiae
1383 1086 1520 1118 ratione.
1564 1087 1705 1126 Cuning.

276 1127 408 1164 fervunt
421 1128 511 1158 illota
528 1128 661 1167 popinis.
706 1128 802 1158 Harl.
817 1130 848 1158 2.
868 1127 1016 1158 nonnulli
1035 1127 1148 1158 Lamb.
1171 1133 1208 1158 et
1227 1128 1308 1158 Vet.
1325 1127 1441 1158 Comb.
1470 1127 1596 1164 servent
1609 1129 1704 1159 nunes

281 1169 411 1208 popinis.
455 1169 520 1199 Alii
537 1169 635 1199 codd.
651 1178 704 1208 ap.
720 1169 837 1200 Lamb.
858 1170 983 1205 odiam
1006 1169 1062 1199 alii
1077 1168 1370 1208 Bentleihnblntn.
1415 1168 1501 1199 Edd.
1525 1173 1610 1201 vett.
1633 1169 1702 1199 iun-

284 1212 340 1246 ta,·
364 1209 451 1241 unde
467 1210 583 1241 Lamb.
600 1210 688 1249 conj.
710 1209 892 1240 iuota.—6⁵
915 1210 962 1240 At
981 1210 1092 1248 pingui
1105 1210 1219 1241 Bentl.
1234 1219 1275 1241 ex
1290 1209 1364 1240 cod.
1380 1209 1486 1244 Bosii.
1501 1210 1557 1249 qui
1580 1209 1628 1240 ita
1649 1210 1704 1240 ha-

284 1250 353 1289 bet,
375 1251 420 1282 At
439 1251 548 1290 pingui
562 1251 752 1288 immisce-rm
775 1250 863 1293 unde
879 1250 998 1281 Bosius
1014 1251 1101 1291 conj.
1126 1251 1215 1286 Quod
1233 1251 1348 1290 pingue
1360 1251 1538 1282 immiscere.
1581 1251 1704 1282 Trinit.

286 1301 341 1331 ap.
357 1291 500 1323 eundem
515 1293 629 1323 Bentl.
653 1293 732 1323 Cum
755 1291 867 1332 pingui
875 1302 890 1328 ‚⁸
912 1291 967 1322 aiii
991 1300 1081 1330 vero,
1101 1301 1118 1322 e
1137 1292 1246 1332 pingui
1268 1294 1388 1322 constat
1401 1291 1498 1322 olivo:
1521 1292 1611 1327 Quod
1624 1293 1706 1322 dulci

284 1332 421 1364 miscere.
463 1334 637 1364 Bentleius
656 1333 743 1373 conj.
765 1333 866 1363 etiarn
889 1342 932 1363 ex
953 1341 994 1364 11.
1010 1333 1080 1363 sat.
1097 1335 1128 1364 8.
1143 1335 1196 1364 47.
1243 1333 1439 1372 Quinquenni
1460 1333 1596 1364 miscere.
1640 1333 1706 1364 Cu-

286 1374 378 1412 ning.
401 1375 444 1404 At
458 1374 581 1404 mistum
594 1374 729 1404 miscere.
773 1374 853 1404 Vet.
870 1373 986 1404 Comb.
1008 1373 1108 1405 licebit
1124 1383 1184 1412 pro
1202 1374 1413 1404 decemb—66
1436 1373 1542 1404 Codd.
1566 1378 1602 1404 et
1626 1373 1704 1404 edd.

287 1415 446 1454 antiquae,
467 1424 525 1453 qua
543 1415 720 1454 Byzantiu,·
742 1414 784 1444 al.
808 1423 886 1453 quoe.
930 1413 1026 1444 Harl.
1041 1417 1072 1444 6.
1096 1414 1238 1444 Medici.
1265 1416 1359 1445 1477.
1383 1419 1419 1444 et
1444 1414 1594 1444 Florent.
1613 1417 1704 1445 1482.

283 1455 415 1493 putruit.
459 1455 556 1486 Gott.
574 1456 687 1494 potuit,
703 1460 737 1485 et
754 1464 814 1493 pro
832 1464 862 1485 v.
880 1454 901 1485 Ι.
923 1455 1037 1494 putuit,
1051 1458 1086 1485 et
1103 1455 1235 1494 putruit.
1279 1455 1407 1486 Omnes
1423 1453 1496 1484 fere
1511 1454 1608 1485 codd.
1623 1455 1707 1485 Cru-

287 1495 369 1535 quii,
384 1496 563 1535 'roi-rentii,
587 1501 622 1526 et
649 1495 809 1534 Bentleii,
846 1497 923 1526 item
950 1495 1047 1526 Harl.
1062 1498 1094 1527 2.
1114 1498 1146 1527 3.
1172 1499 1203 1527 4.
1228 1499 1263 1527 et
1288 1495 1365 1527 edd.
1387 1500 1528 1527 recentt.
1548 1496 1706 1534 putuit.—

935 1598 967 1628 N
973 1597 1072 1628 O'rAE

330 1674 370 1702 63
395 1670 536 1711 Duplicis
561 1679 737 1710 pernoscere
755 1669 842 1707 juris
871 1669 974 1700 Natu·

288 1719 370 1759 rom]
389 1719 541 1759 Simplex
552 1719 610 1758 jus
636 1728 678 1749 ex
693 1718 781 1748 olivo
797 1717 888 1748 dulei
902 1722 974 1748 tau-

1027 1679 1111 1708 sum,
1133 1678 1190 1701 ore
1211 1676 1365 1711 angusto,
1391 1671 1423 1701 iu
1451 1679 1516 1711 quo
1532 1669 1638 1701 muria
1657 1678 1709 1699 re.

1026 1718 1105 1758 poni
1121 1719 1218 1749 solita
1230 1723 1319 1750 esset
1332 1729 1341 1751 ι
1366 1719 1462 1760 quale
1475 1718 1630 1759 Byzantii
1641 1717 1709 1748 fre-

290 1773 376 1804 tum:
391 1768 517 1808 duplex
530 1772 640 1798 autem
657 1776 717 1797 seu
729 1766 883 1804 mixtum,
898 1775 974 1796 cum

287 1818 424 1856 insuper
447 1816 495 1846 illi
522 1815 689 1846 adduntur
711 1814 828 1849 muria,
852 1814 976 1852 vinum,

290 1873 436 1902 crocum,
451 1863 564 1895 herbae
577 1863 733 1902 concisae,
749 1865 812 1894 ἃς.

330 1916 371 1943 65
394 1911 517 1951 Mutia]
549 1911 698 1942 Isidorus
725 1919 788 1941 xx.
817 1913 848 1941 3.
876 1909 974 1940 docet

291 1970 361 1993 esse
377 1961 516 2001 piscium
539 1960 700 1999 liquorem
716 1957 785 1989 sive
808 1957 974 1998 liquamen

292 2011 424 2041 salsum.
455 2009 543 2039 Plin.
558 2015 661 2039 xxxi.
675 2009 708 2038 7.
726 2010 761 2037 et
774 2009 804 2037 8.
847 2006 856 2023 ‘
873 2005 974 2036 Aliud

292 2056 500 2095 etiamnum‚’
523 2055 644 2096 inquit,
669 2055 679 2073 ‘
698 2054 834 2095 liquoris
861 2053 974 2094 exqui-

293 2107 348 2138 siti
364 2115 480 2147 genus,
494 2105 582 2146 quod
606 2113 721 2144 garum
737 2112 913 2141 vocavere,
928 2103 975 2133 in-

295 2155 426 2187 testinis
452 2155 604 2194 piscium,
620 2154 809 2192 ceterisque
825 2161 898 2192 quae
921 2151 977 2182 ab·

288 2203 438 2245 jicienda
452 2207 576 2240 essent,
590 2202 660 2233 sale
676 2201 865 2240 maceratis,
877 2204 913 2232 ut
935 2200 978 2231 sit

295 2254 352 2284 illa
367 2252 627 2292 putrescentium
643 2250 775 2281 sanies.’
818 2249 907 2281 lund
924 2259 979 2290 ga-

292 2311 371 2332 ‘rum
381 2311 438 2332 seu
450 2301 618 2342 liquamen
631 2300 833 2339 exquisitum
843 2308 862 2330 e
875 2307 982 2329 scom-

298 2351 366 2381 bris
391 2349 505 2388 fiebat,
530 2354 566 2380 et
593 2348 733 2378 divitum
760 2351 855 2379 erat:
890 2345 980 2377 aliud

298 2404 372 2430 erat
389 2407 572 2439 pauperum
589 2397 652 2427 vile
675 2405 693 2427 e
717 2396 860 2427 numnis.
896 2395 982 2425 Vide

299 2447 448 2478 Maniai.
465 2454 546 2477 xm.
563 2448 635 2476 102.
651 2449 686 2476 et
700 2447 774 2476 103.

340 2498 382 2526 66
404 2495 559 2535 Byzantia
586 2492 671 2532 orca]
706 2493 757 2523 De
789 2500 830 2523 ea
858 2491 983 2523 marius

300 2544 414 2575 bellua
435 2543 523 2575 Ptin.
543 2551 594 2574 tx,
617 2546 650 2574 6.
693 2542 838 2575 Quidam
860 2541 981 2572 intelli-

303 2596 386 2631 gunt
410 2593 583 2632 munuum,
609 2591 665 2632 qui
694 2590 830 2631 quidem
850 2590 883 2621 in
899 2590 981 2621 Bos-

1028 1776 1132 1806 quens
1148 1772 1220 1798 erat
1242 1768 1275 1798 in
1301 1777 1372 1799 usu.
1409 1767 1541 1798 Persius
1555 1775 1596 1796 eo
1610 1774 1709 1796 sensu

1028 1816 1125 1852 dixit,
1139 1816 1212 1846 Sat.
1231 1825 1286 1846 ιιι.
1311 1819 1363 1847 76.
1407 1815 1417 1832 ‘
1430 1815 1606 1854 Maeuaque
1621 1813 1708 1854 quod

1028 1863 1133 1902 prima
1148 1863 1291 1894 nondum
1307 1863 1469 1894 defecerit
1483 1861 1584 1893 oren.²

1068 1911 1240 1951 Byzantia]
1264 1911 1462 1951 Byzantium
1479 1911 1558 1941 urbs
1572 1910 1613 1941 ad
1627 1910 1710 1941 Bos-

1029 1968 1145 1999 porum
1153 1960 1327 1991 Thracium
1335 1959 1595 1990 celebratissima
1605 1968 1614 1989 =
1624 1958 1710 1989 Con·

1028 2009 1263 2049 stantinopolis
1288 2008 1427 2040 subinde
1450 2008 1636 2047 appellata,
1655 2007 1712 2038 ho·

1029 2056 1083 2087 die
1100 2056 1269 2087 Stamboul.

1069 2107 1111 2135 68
1136 2104 1316 2145 Corycioque
1335 2103 1437 2143 croco]
1472 2104 1620 2144 Corycus
1636 2103 1712 2134 urbs

1029 2157 1064 2184 et
1088 2162 1180 2183 mons
1204 2152 1331 2183 Ciliciae
1353 2153 1471 2192 optimi
1494 2152 1584 2184 croci
1608 2152 1711 2183 abuu-

1029 2201 1150 2232 danter
1164 2199 1272 2231 ferax.
1288 2201 1422 2231 Strabo.

1072 2249 1184 2288 Stetit]
1220 2248 1414 2280 Deferbuit.
1441 2248 1508 2279 Alii
1528 2247 1712 2288 explicant,

1032 2299 1221 2330 concrevit:
1245 2306 1325 2338 quos
1341 2297 1424 2327 bene
1441 2296 1612 2334 redarguit
1631 2296 1712 2326 Tor-

1033 2348 1172 2384 rentius,
1201 2354 1244 2376 ex
1271 2353 1311 2375 eo
1340 2343 1427 2383 qnod
1457 2343 1616 2384 liquidum
1640 2353 1713 2374 esse

1033 2398 1199 2436 oporteat,
1233 2392 1364 2424 minime
1402 2400 1478 2422 vero
1515 2398 1712 2423 concretum

1029 2444 1101 2483 jus,
1123 2443 1156 2474 in
1178 2451 1240 2483 quo
1264 2441 1370 2481 pisces
1394 2440 1499 2471 aliave
1514 2440 1650 2471 obsonia
1665 2440 1713 2471 in-

1038 2495 1167 2522 natent.

1079 2541 1205 2579 Insuper
1230 2539 1334 2576 addes,
1358 2539 1427 2578 ssa]
1450 2537 1632 2578 Postquam
1660 2547 1713 2568 su-

1037 2589 1189 2630 pradicta
1207 2587 1263 2618 illa
1286 2587 1382 2618 simul
1406 2587 1537 2618 incocta
1562 2590 1650 2625 sunt,
1665 2596 1715 2618 ss-

305 2649 422 2679 pornm
432 2641 610 2672 Thracium
620 2650 678 2671 seu
687 2638 811 2670 fretum
823 2639 982 2679 Byzanti·
1024 2637 1188 2679 ⁸pergitur
1203 2644 1350 2674 crocum,
1363 2640 1398 2666 et
1409 2634 1591 2667 affunditur
1605 2636 1715 2666 oleum

304 2697 381 2718 num
403 2688 579 2728 aliquando
599 2693 766 2729 penetrat.
802 2688 870 2719 Alii
884 2697 984 2718 orcam

303 2736 568 2776 interpretantur
597 2746 653 2769 vus
684 2736 788 2769 fictile
818 2736 982 2768 ventrico-

1027 2682 1254 2732 mmmmm.
1300 2685 1354 2716 De
1383 2684 1482 2725 liujus
1515 2684 1715 2716 excellentia

1036 2734 1092 2766 lib.
1109 2741 1151 2765 n.
1166 2732 1232 2764 Od.
1248 2735 1279 2764 6.
