1904 3256
373 284 456 325 730
835 303 876 340 Q.
907 301 1112 332 HORATn
1145 302 1316 332 unitum

541 390 655 432 Dedi
676 393 782 432 satis
802 404 1015 444 superque
1035 405 1258 445 poenarum
1278 393 1372 442 tibi,

537 456 699 496 Amata
719 457 857 496 nautis
877 457 1056 497 multum
1077 462 1119 499 et
1137 459 1420 500 institoribus.

541 521 669 572 Fugit
682 521 899 573 juvenum,
920 525 962 562 et
983 524 1244 565 verecundus
1259 525 1379 566 color

538 585 736 637 Reliquit
754 598 856 626 ossa
875 586 990 639 pelle
1010 588 1170 630 amicta
1187 589 1348 640 lurida3

535 649 644 690 Tuis
662 651 850 704 capillus
870 652 995 693 albus
1010 657 1075 694 est
1094 653 1321 705 odoribus3

541 714 722 755 Nullum
742 728 769 756 a
786 717 936 757 labore
954 730 1023 758 me
1043 718 1229 759 reclinat
1246 719 1381 760 otium
1398 732 1408 760 :

535 780 669 833 Urget
689 781 803 821 diem
820 795 923 832 noX‚
946 788 990 824 et
1009 784 1103 825 dies
1122 789 1318 837 noctem;
1346 799 1495 839 neque
1505 791 1572 827 est

534 846 697 887 Levare
716 850 832 888 tenta
852 849 1008 900 spiritu
1027 849 1283 902 praecordia.

534 910 648 963 Ergo
667 916 865 964 negatum
886 914 1034 954 vincor
1053 921 1102 955 ut
1121 915 1290 956 credam
1309 916 1450 965 miser,

535 976 714 1018 Sabella
733 982 888 1030 pectus
907 979 1126 1033 increpare
1146 981 1348 1030 carmina,

1729 461 1784 502 20

1727 785 1784 826 25

363 1092 462 1124 decor.
505 1093 635 1125 Abunde
649 1098 679 1125 et
698 1097 868 1135 plusculum
888 1107 908 1127 a
928 1100 959 1129 te
978 1107 1045 1128 sum
1063 1099 1201 1138 punitus,
1223 1109 1241 1129 ο
1262 1099 1372 1130 dilectu
1386 1098 1471 1128 valde
1484 1096 1589 1128 nautis
1601 1099 1631 1128 et
1644 1096 1783 1135 negotia-

365 1135 491 1166 toribus.
537 1136 587 1166 En
599 1135 750 1173 juvenilis
763 1138 840 1168 abiit
865 1139 965 1178 vigor,
987 1143 1018 1170 et
1037 1141 1117 1170 color
1134 1149 1304 1179 purpureus
1325 1140 1460 1170 deseruit
1480 1148 1547 1170 ossa
1565 1141 1703 1178 coopertu
1716 1140 1784 1168 cute

364 1175 490 1207 tabida.-
511 1177 612 1208 crines
633 1178 692 1208 mei
710 1188 767 1218 per
787 1182 842 1209 tua
858 1181 1023 1219 pharmaca
1043 1181 1114 1211 cani
1133 1185 1206 1211 sunt
1218 1181 1323 1218 facti.-
1345 1181 1428 1211 nulla
1448 1189 1495 1211 me
1515 1180 1605 1228 quicq
1621 1180 1742 1226 relaxa-t
1763 1187 1784 1208 a

360 1217 471 1254 poenis.
517 1219 592 1249 Nox
602 1220 715 1258 premit
729 1220 822 1259 diem,
835 1225 865 1251 et
881 1221 945 1251 dies
959 1225 1094 1252 noctem:
1115 1231 1210 1261 neque
1225 1223 1297 1253 licet
1310 1231 1446 1252 recreare
1455 1221 1638 1260 praeeram,
1650 1227 1784 1268 ramm-

363 1257 445 1289 tivne
458 1259 613 1299 impedita.
658 1262 768 1301 unque
781 1262 873 1293 mioer
887 1271 978 1302 cogor
991 1264 1114 1294 credere
1127 1265 1205 1303 quod
1218 1273 1375 1303 negaram,
1387 1271 1491 1302 nempe
1504 1261 1635 1293 Sabellis
1646 1263 1784 1292 amuta-

957 1345 1191 1358 OO‘OOOMO

356 1391 445 1431 jecit
458 1392 587 1425 Valart.
609 1399 644 1426 et
667 1394 716 1426 ita
738 1395 845 1427 edidit
869 1396 972 1428 Kidd.
1019 1398 1146 1430 Relatuu
1168 1397 1344 1429 Gott-duo
1359 1396 1458 1428 codd.
1474 1395 1617 1427 Blandd.
1631 1393 1784 1434 cruquii,

364 1432 492 1472 aliquot
511 1443 564 1474 ap.
589 1436 744 1467 Torrent.
773 1438 918 1477 quinque
943 1439 1107 1478 Lambini,
1129 1439 1274 1469 nonnulli
1300 1438 1500 1476 Bentleiaui,
1521 1436 1662 1467 Mediol.
1688 1437 1782 1483 ¹:4⁷⁷·

360 1473 500 1505 Venett.
517 1478 606 1506 1477.
622 1479 714 1507 1478.
727 1478 931 1519 1479.Cruq.
947 1480 1069 1519 Delph.
1081 1481 1123 1511 al.
1139 1481 1289 1519 Relapsus
1300 1479 1398 1510 Harl.
1415 1481 1484 1510 1.2.
1495 1481 1526 1509 3.
1537 1480 1569 1508 4.
1581 1480 1616 1509 6.
1630 1477 1782 1524 plerique

361 1514 461 1545 codd.
486 1516 658 1548 Torrentii
683 1523 718 1549 et
744 1518 898 1551 Lambini
924 1519 990 1551 duo
1017 1521 1159 1552 Blandd.
1180 1522 1285 1552 Mart.
1308 1521 1389 1551 Div.
1415 1524 1450 1551 et
1476 1518 1605 1550 anlid.
1635 1518 1784 1557 Cruqnn,

359 1555 510 1587 Bentleii
525 1558 639 1590 Graev.
656 1559 774 1598 Regin.
790 1565 826 1591 et
841 1561 985 1601 quinque
1009 1563 1078 1601 alii,
1100 1563 1183 1593 Exc.
1200 1563 1276 1592 Sax.
1293 1562 1405 1592 zarot.
1420 1561 1502 1591 Vet.
1526 1559 1641 1591 Comb.
1663 1558 1782 1590 Lamb.

358 1596 517 1629 Torreat.
533 1599 576 1629 R.
590 1605 626 1630 et
642 1600 687 1630 H.
700 1601 819 1640 Stepli.
836 1602 954 1633 Heius.
970 1603 1086 1634 Burm.
1099 1603 1222 1634 Sanad.
1238 1603 1380 1641 Cuning.
1394 1602 1507 1632 Bentl.
1521 1602 1669 1647 Tovem,
1683 1599 1784 1647 Frau-

359 1638 422 1675 cis,
436 1639 538 1669 Baxt.
555 1639 658 1671 Gesn.
682 1641 788 1672 Zeun.
805 1642 943 1681 Bipont.
963 1644 1100 1675 Mitsch.
1117 1645 1260 1675 Wetzel.
1277 1642 1409 1674 Wakef.
1425 1641 1543 1673 Comb.
1559 1646 1596 1672 et
1610 1639 1714 1672 Kidd.
1735 1644 1784 1671 ita

361 1688 496 1719 quoqne
510 1680 643 1711 Plotius
659 1682 906 1714 Grammaticus
923 1693 956 1723 p.
971 1687 1151 1716 2643.-19
1171 1686 1180 1702 ‘
1195 1685 1308 1725 Lego:
1332 1684 1416 1715 Dedi
1429 1693 1454 1714 ο.
1467 1693 1494 1714 s.
1511 1693 1543 1723 p.
1559 1682 1627 1717 tibi.
1645 1682 1674 1712 Ο
1688 1681 1784 1713 Δηια-

360 1723 405 1758 ta,
417 1721 471 1759 ξε.
514 1720 571 1752 Sic
587 1723 708 1762 oratio,
724 1733 799 1764 quae
816 1723 906 1763 prius
921 1725 1078 1765 languida
1093 1731 1128 1756 et
1144 1725 1253 1757 hiulca
1267 1729 1352 1763 erat,
1368 1734 1470 1756 novas
1487 1725 1574 1755 vires
1599 1731 1783 1771 novamque

353 1761 548 1800 juncturam
563 1764 717 1804 acquirit.
759 1764 817 1796 Ita
831 1775 880 1797 vs,
894 1768 947 1797 45.
960 1769 1022 1798 463
1043 1768 1150 1798 Bentl.
1191 1768 1253 1798 Vir
1266 1766 1384 1797 doctus
1406 1771 1519 1798 tamen
1532 1765 1622 1805 vulg·
1635 1767 1784 1812 retinuit.

357 1805 443 1832 —22
466 1803 566 1835 Hunc
582 1814 714 1836 versum
737 1810 773 1837 et
796 1812 992 1847 sequentem
1009 1809 1119 1839 omitti
1135 1809 1205 1839 vult
1221 1809 1388 1848 Guyetus.
1428 1808 1438 1825 ‘
1455 1808 1532 1844 Ora,
1546 1806 1578 1837 in
1605 1815 1692 1842 nam,
1705 1805 1784 1853 reli-

359 1844 443 1883 quit,
464 1853 528 1874 non
546 1854 635 1882 ossen
657 1847 781 1887 quippe
802 1848 835 1878 in
861 1858 918 1879 ore
945 1850 1015 1880 solo
1037 1851 1150 1880 sedem
1172 1855 1207 1880 et
1228 1851 1335 1881 locum
1361 1848 1472 1880 habet.
1516 1847 1580 1879 Ovi
1610 1869 1618 1878 .
1642 1845 1782 1894 Heroni.

358 1884 471 1924 Epist.
487 1893 526 1915 11.
550 1888 601 1917 72.
623 1888 710 1918 Met.
726 1897 751 1918 1.
771 1890 845 1919 484.
889 1890 1047 1921 Ceterum
1070 1891 1203 1922 codices
1224 1891 1422 1929 Regiuensis
1443 1894 1480 1920 et
1500 1888 1785 1935 MagdalenenS-lffi

358 1926 502 1965 amictus,
512 1930 548 1957 et
560 1927 764 1958 Bodleianus
779 1929 927 1960 amictus:
949 1940 1023 1970 quae
1044 1931 1156 1962 nescio
1171 1932 1326 1971 equidem
1343 1930 1424 1971 quid
1438 1930 1500 1961 sibi
1516 1930 1640 1977 velintf
1663 1928 1718 1976 alii
1732 1937 1782 1958 in·

356 1967 560 2006 geniosiores
576 1968 629 1999 hic
645 1978 680 2000 se
694 1976 885 2001 exerceant.
906 1970 990 2003 Ideo
1002 1977 1112 2002 autem
1129 1972 1329 2003 crediderim
1347 1972 1515 2002 Librarios
1530 1980 1596 2001 osta
1610 1970 1662 2000 liic
1677 1973 1782 2000 imer-

359 2008 548 2047 polavisse3
572 2009 649 2049 quia
671 2012 769 2041 ‘ossa
791 2012 879 2050 pelle
895 2012 964 2052 tegi
979 2018 1013 2044 et
1029 2013 1155 2045 amiciri
1167 2012 1177 2027 ’
1200 2014 1327 2053 vulgari
1350 2013 1443 2044 dicto
1461 2012 1668 2043 notissimum
1685 2015 1782 2058 ‘erat-

357 2049 501 2080 Plautus
525 2050 677 2090 Captivis
693 2060 720 2082 1.
734 2054 766 2082 2.
780 2054 833 2082 32.
878 2053 987 2085 ‘Ossa
1007 2059 1109 2095 atque
1132 2055 1230 2095 pellis
1251 2064 1322 2085 sum
1348 2055 1448 2085 miser
1472 2064 1492 2084 a
1517 2050 1782 2100 macritudmclu'

359 2089 468 2122 Bentl.
511 2091 520 2107 ‘
537 2092 688 2123 Pessime
714 2093 887 2124 Bentleins
915 2105 969 2126 ora
993 2105 1054 2136 pro
1075 2095 1164 2127 ossa?
1187 2096 1373 2127 Betim—24
1395 2095 1492 2126 Harl.
1516 2097 1546 2125 1.
1572 2095 1604 2125 4.
1632 2093 1780 2141 Bentleii

359 2131 473 2164 Graev.
491 2136 525 2164 et
540 2133 606 2164 duo
621 2134 677 2165 alii
693 2135 856 2175 ejusdem,
878 2136 916 2167 ab
931 2137 1126 2169 labora—25
1155 2138 1274 2176 Urguet
1287 2137 1368 2168 diem
1391 2137 1456 2168 duo
1471 2134 1615 2166 Blaudd.
1631 2134 1779 2176 Cruqnii.

1001 2219 1139 2252 Nom-2

356 2277 414 2319 ta,'
429 2287 472 2309 ex
490 2279 575 2310 Plin.
592 2288 677 2312 xxv.
694 2283 727 2313 2.

397 2330 439 2359 2⁰
453 2328 568 2360 Amata
581 2330 695 2370 nautis,
709 2330 776 2371 ξω]
798 2330 961 2373 Adeoque
976 2331 1042 2363 vile

357 2382 520 2416 scortum,
537 2379 678 2410 sordidis
701 2380 887 2412 hominibus
910 2382 1042 2422 exposi-

357 2429 442 2464 tum,
457 2430 493 2456 et
506 2426 612 2456 obviis
628 2427 905 2468 quibuscumque.

399 2476 439 2504 21
461 2473 720 2514 Pugitjuventas,
733 2477 801 2516 Esou]
822 2477 873 2507 En
890 2486 951 2517 per
966 2481 1040 2508 tuas

359 2524 556 2554 vexationes
586 2524 681 2555 amisi
700 2524 850 2565 juvenile
876 2525 978 2556 robur
1002 2534 1041 2557 ac

358 2572 473 2604 decus.

403 2622 593 2652 Verecundus
603 2622 699 2663 color]
715 2623 874 2664 Ingenuis
890 2624 1042 2664 proprius

357 2669 460 2701 rubor
475 2673 686 2703 verecundiae
700 2673 814 2704 index.
852 2673 936 2704 Cato
951 2673 1042 2704 dice-

356 2718 428 2756 bat,
439 2718 449 2734 ‘
465 2719 598 2758 placere
612 2720 674 2751 sibi
681 2721 836 2761 juvenes,
852 2721 907 2762 qui
924 2721 1041 2752 moniti

358 2766 610 2809 erubescerent,
628 2778 694 2800 non
717 2769 773 2810 qui
798 2770 1044 2811 pallescerent.'

1094 2282 1243 2322 Scaliger
1251 2279 1470 2311 hallucinatur
1479 2279 1635 2320 turpiter,
1642 2278 1690 2310 ita
1698 2279 1779 2310 scri·

1094 2332 1197 2363 bens:
1220 2331 1230 2347 ⁴
1247 2329 1415 2361 Ruborem
1429 2329 1613 2371 juvenilem
1629 2328 1663 2359 in
1679 2337 1777 2359 vene-

1093 2380 1157 2411 fica
1174 2379 1283 2410 minus
1306 2376 1491 2418 prudenter
1514 2377 1665 2416 appellat
1685 2385 1778 2407 vere-

1094 2427 1262 2459 cundum.’
1302 2426 1409 2457 Immo
1423 2425 1465 2455 de
1488 2433 1524 2455 se
1543 2424 1616 2464 ipso
1632 2424 1778 2464 loquitur

1094 2477 1268 2516 Horatius,
1282 2483 1487 2515 nequaquam
1501 2473 1543 2504 de
1559 2473 1719 2513 Canidia;
1739 2479 1777 2506 nt

1093 2525 1215 2567 probat
1231 2527 1417 2556 contextus.

1135 2578 1175 2606 23
1200 2574 1274 2605 Tuis
1291 2571 1508 2613 capillatum]
1538 2570 1627 2602 Ante
1643 2574 1778 2611 tempu·

1093 2633 1195 2655 senex
1210 2622 1320 2654 factus
1331 2631 1401 2652 sum
1418 2630 1476 2660 per
1490 2625 1547 2651 tua
1563 2618 1735 2650 veneficia.

1135 2674 1176 2703 28
1198 2671 1316 2703 Sabella
1336 2673 1450 2710 pectus,
1470 2668 1540 2708 ἔξω]
1562 2668 1688 2700 Sabelli
1705 2669 1775 2700 sive

1093 2720 1259 2752 Samnites
1276 2719 1357 2750 artis
1372 2717 1511 2757 magicae
1526 2721 1561 2748 et
1576 2717 1776 2748 incantatio-

1093 2779 1170 2801 num
1199 2767 1311 2809 periti.
1348 2766 1436 2797 Plin.
1463 2774 1519 2796 ιιι.
1543 2767 1596 2798 12.
1623 2766 1632 2783 ⁶
1647 2765 1774 2796 Samni-
