1930 3242
595 284 872 316 suasionum
909 285 1003 316 ms.
1034 284 1089 315 11.
1117 274 1161 316 3.

1512 276 1600 318 969

153 379 330 421 Servius
354 377 577 433 Oppidius
598 377 762 419 Canusi
781 378 871 420 duo
891 378 1075 432 praedia,
1095 376 1220 420 dives

151 445 348 500 Antiquo
369 458 518 494 censu,
539 445 682 497 gnatis
702 445 868 486 divisse
888 445 1062 486 duobus

153 512 320 563 Fertur,
339 516 383 553 et
401 512 498 553 haec
517 513 708 552 moriens
729 513 877 566 pueris
897 512 1065 553 dixisse
1085 511 1256 553 vocatis

1512 511 1596 555 170

150 579 224 621 Ad
243 579 428 620 lectum:
461 578 709 631 Postquam
729 581 772 620 te
793 580 924 629 talos,
945 578 1076 629 Aule,
1096 592 1324 634 nucesque

152 645 284 687 Ferre
303 645 401 686 sinu
421 645 542 694 laxo,
563 644 726 686 donare
747 650 792 686 et
811 645 965 686 ludere
986 645 1102 697 vidi;

148 712 231 761 Te,
251 711 414 761 Tiberi,
435 723 671 761 numerare,
693 711 818 752 cavis
840 711 1109 752 abscondere
1130 712 1327 754 tristem:
1366 716 1379 723 ”

149 778 348 819 Extimui
367 789 421 817 ne
441 789 523 818 vos
545 782 692 830 ageret
710 779 893 818 vesania
913 777 1108 830 discors3

147 845 219 886 Tu
238 843 581 894 Nomentanum,
599 849 648 886 tu
668 857 722 885 ne
747 857 977 898 sequerere
999 844 1216 888 Cicutam.
1511 847 1595 889 175

144 1001 262 1041 thr-um,
269 1011 310 1033 an
321 1003 481 1043 acquisitis
492 1006 579 1035 utare
591 1013 743 1043 nunquam
753 1003 769 1036 2
793 1003 921 1035 Servius
931 1004 1084 1045 Oppidius
1092 1004 1191 1036 veteri
1204 1014 1294 1036 censu
1309 1005 1439 1044 locuples
1445 1005 1505 1035 duo
1513 1013 1594 1044 proe·

144 1044 197 1074 dia
211 1044 414 1086 duobnsfiliis
423 1046 542 1077 Canusi
554 1046 692 1086 partitus
705 1055 770 1078 esse
781 1050 952 1083 narratum
965 1046 1163 1078 moribundus
1176 1051 1280 1078 autem
1293 1057 1415 1078 vocasse
1429 1047 1540 1078 liberos
1553 1047 1594 1078 ad

144 1085 256 1125 cubile,
270 1090 302 1118 et
315 1087 361 1118 sic
371 1088 539 1119 auocutus:
559 1089 610 1119 Ex
624 1098 682 1128 quo
697 1091 739 1127 te,
750 1088 842 1126 Aule,
857 1089 1000 1129 perspexi
1016 1090 1096 1120 talos
1108 1099 1245 1121 aenitces
1258 1093 1364 1130 aperto
1374 1089 1444 1120 sinu
1454 1092 1594 1130 portare,

145 1137 262 1160 necnon
273 1129 387 1168 largiri
396 1133 491 1170 atque
501 1131 606 1162 ludere
614 1141 627 1166 ;
642 1134 673 1161 te
684 1140 767 1168 vero,
781 1130 900 1167 Tiberi,
907 1134 1047 1162 moestum
1056 1135 1234 1172 supputare,
1245 1133 1318 1163 etin
1330 1132 1414 1163 cavis
1423 1132 1573 1163 occultare
1581 1141 1594 1168 ‚·

145 1170 263 1202 verua·
275 1172 415 1212 squidem
427 1182 495 1204 sum
504 1182 543 1204 ne
557 1173 701 1204 vecordia
712 1172 818 1213 dispar
831 1182 885 1204 vos
899 1177 1017 1206 teneret
1027 1184 1041 1211 ;
1053 1184 1091 1206 ne
1106 1178 1141 1206 tu
1153 1174 1392 1215 Nomentanum,
1402 1178 1436 1206 tu
1449 1175 1594 1206 Cicutam

752 1289 925 1302 “0000000
932 1291 991 1302 eoo

148 1363 382 1403 walam—163
406 1363 472 1395 Hic
495 1373 584 1395 nova
606 1363 727 1406 incipit
748 1365 859 1397 Satira
881 1365 916 1396 in
939 1365 1060 1397 codice
1081 1366 1243 1398 Laurent.
1265 1366 1467 1398 Petrarchae
1483 1365 1517 1397 in
1533 1365 1592 1397 Bi-

142 1406 261 1438 bliotli.
291 1406 446 1456 Floreat.
476 1415 552 1436 cum
577 1406 810 1446 inscriptione,
836 1407 955 1439 Contra
974 1408 1152 1439 ambitiosos
1172 1412 1202 1439 et
1224 1418 1337 1439 avaros
1360 1410 1490 1447 Ecloga.
1535 1408 1592 1440 Ita

140 1447 1591 1531 23:32³ss‘h‘fffflffi‘2ssss‘k.¹221¹¹¹32„{trelffiifissti'ffi‘vz„¹2⁵3Pes22223.‘'132351‘.

139 1536 176 1564 et
191 1531 298 1566 Kidd.
318 1532 376 1563 hoe
387 1531 638 1565 γωνίαι-172
653 1532 662 1550 ⁶
676 1532 802 1566 Quaero
817 1542 877 1564 cur
893 1533 1072 1566 Bentleius
1085 1534 1128 1565 de
1146 1544 1206 1566 suo
1221 1535 1374 1575 posuerit
1386 1535 1514 1575 perdere
1527 1544 1590 1576 pro

140 1574 257 1614 ludere,
272 1584 348 1606 cum
366 1583 430 1606 vox
445 1574 566 1605 ludere
588 1574 696 1615 possit
709 1574 855 1613 figurate
872 1575 941 1606 dici
966 1586 1028 1616 pro
1046 1577 1187 1616 perdere,
1209 1576 1266 1608 ubi
1282 1577 1374 1608 lusus
1390 1577 1523 1608 scilicet
1540 1582 1591 1607 te-

139 1617 306 1650 merarius
321 1621 374 1649 est
388 1620 424 1648 et
439 1617 538 1648 nimis
553 1615 734 1658 frequens.²
756 1617 858 1648 Bam-t.
902 1618 912 1634 ‘
930 1618 1022 1649 Puer
1044 1619 1100 1659 qui
1126 1620 1213 1650 talos
1233 1623 1269 1650 et
1287 1628 1390 1650 nuces
1411 1628 1476 1649 non
1497 1618 1589 1651 domi

139 1658 260 1699 habet,
275 1662 326 1698 ut,
340 1669 417 1690 cum
434 1665 662 1699 opportunum
679 1663 745 1697 est,
762 1660 828 1690 illis
848 1658 965 1698 ludat3
989 1659 1049 1691 sed
1067 1660 1190 1700 ubique
1206 1661 1280 1691 sinu
1298 1659 1512 1696 circumfert,
1526 1669 1591 1691 nee

141 1700 284 1741 deponit
302 1705 394 1740 ante,
408 1711 508 1742 quam
535 1702 589 1732 vel
612 1700 876 1732 donandicausa
896 1701 949 1732 vel
974 1702 1111 1734 ludendi
1129 1702 1321 1743 depromat,
1343 1702 1504 1733 indicium
1530 1702 1587 1733 ille

141 1743 203 1775 dat
225 1743 327 1774 animi
349 1743 392 1774 ad
416 1753 487 1774 rem
510 1741 701 1774 faciendam
718 1747 752 1774 et
769 1742 969 1775 servandam
994 1753 1111 1785 parum
1130 1745 1276 1776 attenti:
1301 1750 1419 1776 contra
1435 1744 1590 1776 avaritiae

140 1789 177 1816 et
192 1785 342 1816 sordium
358 1786 490 1826 signum
505 1789 569 1824 est,
583 1786 610 1816 si
630 1785 829 1826 abscondat,
844 1785 934 1816 solus
951 1790 988 1817 et
1008 1788 1132 1827 saepius
1148 1786 1351 1818 dinumeret,
1396 1787 1480 1818 Cum
1496 1786 1593 1825 gravi

139 1831 176 1858 et
190 1826 381 1859 decretoria
396 1828 583 1859 severitate
600 1837 660 1858 sua
675 1836 813 1868 operam
830 1828 884 1858 hic
900 1828 982 1860 lusit
1005 1834 1042 1860 et
1063 1828 1212 1869 perdidit
1229 1838 1367 1868 magnus
1383 1827 1588 1860 Bentleius.’

141 1869 238 1903 Gen.
281 1869 425 1911 Cuning.
445 1879 488 1901 ex
504 1870 591 1911 conj.
603 1871 729 1901 credere
739 1880 752 1907 ,·
767 1874 804 1901 et
819 1870 870 1901 sic
885 1869 994 1902 edidit
1008 1871 1242 1903 Sanam—174
1258 1872 1337 1904 Nic.
1353 1870 1513 1903 Heinsius
1530 1879 1587 1911 ap.

790 1974 933 2008 No'rAE

184 2063 247 2092 1⁶8
270 2060 400 2093 Smin
425 2059 594 2102 Oppidius]
624 2060 710 2091 Rem
739 2060 835 2092 illus-

142 2114 214 2143 trat
243 2111 399 2151 exemplo
435 2110 544 2151 patris
580 2109 835 2149 prudentissimi

140 2159 228 2192 filios
256 2159 340 2192 duos
361 2169 382 2192 a
403 2159 538 2191 diversa
558 2158 698 2190 insaniae
720 2159 834 2200 specie

141 2209 361 2243 deterrentis.

185 2260 318 2302 canuae]
338 2260 426 2292 Haec
444 2260 524 2292 urbs
546 2266 597 2293 est
617 2260 767 2302 Apuliae,
791 2260 834 2293 de

139 2320 205 2354 qua
222 2320 245 2343 r.
260 2311 333 2344 Sat.
345 2315 378 2344 5.

180 2363 245 2394 169
265 2360 408 2402 Dicisne]
427 2361 605 2402 Divisisse,
613 2370 776 2403 syncope.

181 2413 244 2444 171
266 2411 364 2452 Ande]
384 2411 449 2444 Fili
464 2411 523 2444 mi.

182 2459 291 2501 ratu]
313 2461 368 2493 Ne
398 2466 544 2492 tesseras
559 2459 717 2502 lusorias,
742 2460 832 2493 Gall.

138 2510 206 2550 dez,
218 2509 338 2550 accipe
352 2511 486 2547 Lector,
498 2511 556 2542 sed
569 2511 744 2542 ocellatos.
768 2510 833 2542 His

140 2557 240 2595 onim,
251 2567 318 2590 non
333 2559 414 2590 item
430 2560 506 2600 illis,
521 2560 707 2592 {usitabant
723 2560 834 2601 pueri.

140 2607 279 2639 Sueton-
296 2607 420 2640 Oetav·
434 2619 511 2650 cap.
534 2613 588 2642 83.
610 2613 620 2629 ⁴
634 2610 746 2642 Animi
762 2612 832 2642 lax-

141 2655 220 2688 andi
239 2665 353 2696 causa,
377 2657 476 2690 modo
506 2659 701 2699 piscabatur
721 2661 833 2700 lisnio,

138 2705 240 2738 modo
255 2706 345 2743 talis,
359 2710 417 2738 aut
433 2708 596 2748 ocellatis,
619 2709 832 2751 nucibusque

140 2756 282 2788 ludebat
309 2765 385 2788 cum
418 2757 531 2798 pueris
558 2759 720 2791 minutis)
762 2760 830 2792 Ubi

139 2809 150 2826 ⁴
165 2806 318 2840 ossiculis
328 2805 339 2821 ⁰
353 2801 423 2848 alii,
434 2806 491 2839 alii
503 2808 514 2826 ⁴
529 2808 654 2842 oscillis
666 2809 675 2824 '
690 2810 808 2852 legunt
822 2821 831 2842 ι

887 2061 944 2092 alii
959 2061 1063 2093 etiam
1086 2062 1096 2080 ‘
1110 2060 1267 2094 ocellatis
1285 2060 1454 2102 nucibus‚’
1470 2060 1504 2092 id
1521 2066 1588 2102 est,

887 2110 921 2142 iu
937 2111 1027 2142 oculi
1047 2111 1190 2152 figuram
1206 2111 1416 2152 compositis.

930 2163 992 2193 1⁷2
1018 2161 1114 2194 Ferre
1133 2161 1206 2193 sinu
1224 2160 1314 2200 laxo]
1337 2159 1476 2203 Absque
1493 2171 1586 2202 mug-

887 2219 932 2242 na
950 2220 1044 2251 cura,
1060 2211 1287 2251 negligenter.

929 2263 991 2293 173
1030 2260 1153 2302 Tiberi]
1183 2260 1286 2293 Alter
1313 2261 1366 2294 liic
1393 2266 1448 2294 est
1474 2262 1585 2294 Servii

887 2309 1030 2352 Oppidii
1046 2310 1149 2343 filius.

930 2363 992 2392 174
1018 2361 1152 2393 Vesania
1160 2360 1293 2401 discors]
1311 2360 1352 2392 Iu
1365 2360 1479 2401 pueris
1490 2369 1583 2391 uem-

886 2421 930 2454 pe
942 2411 1125 2444 elucebant
1137 2422 1261 2452 mores,
1269 2413 1342 2452 jam
1352 2411 1467 2442 studia
1478 2411 1583 2442 mica-

886 2462 978 2494 bant.
1023 2462 1131 2494 Aulus
1155 2461 1394 2503 propendebat
1414 2461 1446 2491 in
1466 2460 1581 2500 prodi-

883 2512 1071 2552 galitatem,
1082 2511 1238 2543 Tiberius
1254 2511 1296 2542 ad
1313 2510 1490 2542 avaritiam
1505 2520 1582 2542 ver-

884 2560 998 2600 gebat.

928 2613 988 2642 175
1013 2609 1259 2649 Nomentanum]
1290 2608 1472 2641 Hominem
1502 2619 1579 2651 pro-

881 2659 1012 2692 fusione
1037 2664 1073 2691 et
1101 2659 1237 2691 luxuria
1257 2657 1443 2691 famosum:
1468 2659 1511 2692 de
1535 2669 1578 2691 eo

881 2718 907 2742 ι.
919 2712 951 2741 8.
1182 2733 1185 2736 s

926 2758 1085 2800 Cicutam]
1129 2759 1381 2791 Faeneratorem
1423 2757 1575 2791 avaritias

882 2809 1040 2842 sordidae.
