1890 3256
535 289 888 322 EPlSTObARUM
923 290 1019 322 ms.
1052 292 1082 322 1.
1111 281 1152 322 2.
1456 281 1570 324 1083

121 381 222 424 Nos
240 394 443 423 numerus
463 395 632 432 sumus,
653 386 697 424 et
714 382 863 436 fruges
883 395 1140 425 consumere
1161 384 1267 434 nati,

118 448 286 502 Sponsi
307 447 562 502 Penelopae,
582 450 843 498 nebulones,
862 448 1126 503 Alcinoique

119 514 172 556 In
193 519 297 556 cute
317 515 514 556 curanda
533 515 646 569 plus·
659 529 786 570 aequo
807 521 991 570 operata
1006 517 1216 571 juventus
1234 531 1245 568 ;

119 580 205 622 Cui
225 581 455 634 pulchrum
472 580 555 622 suit
573 582 618 622 in
640 582 812 623 medios
833 583 1025 623 dormire
1048 582 1162 631 dies,
1182 588 1228 624 et

116 646 189 688 Ad
211 648 439 701 strepitum
461 647 638 690 citharae
659 653 881 690 cessatum
903 649 1061 690 ducere
1081 661 1244 691 curam.

118 714 183 756 Ut
195 714 398 768 jugulent
415 714 649 766 hominem,
671 722 853 769 surgunt
872 716 927 757 de
947 719 1077 757 nocte
1099 717 1320 767 latrones;

1513 582 1569 623 30

114 860 180 890 rus,
193 855 224 883 et
239 851 371 883 vivimus
383 855 506 883 tantum
518 853 561 883 ad
574 853 759 883 absumenda
773 852 941 883 alimenta:
955 861 1059 883 sumus
1069 853 1161 892 quasi
1172 851 1259 892 proci
1267 851 1436 890 Penelopes
1449 849 1572 889 ignavi,

114 896 150 924 at
189 903 206 925 e
219 893 341 926 Alcimi
358 893 489 934 juvenes
502 895 638 925 curando
653 894 775 934 corpori
789 893 918 924 nimiam
934 902 1058 934 operam
1073 896 1200 925 dantes.-
1222 894 1334 933 quibus
1348 892 1499 933 optimum
1520 892 1570 921 vi-

114 937 153 966 de
193 939 245 967 eur
257 939 389 968 stertere
410 946 504 976 usque
519 937 559 967 ad
580 936 762 975 Illeridiem,
784 939 876 976 atque
889 935 1020 967 citlmroe
1035 940 1130 967 cantu
1144 935 1241 967 lenire
1256 935 1478 967 solicitudines.
1525 933 1571 964 At

117 981 264 1018 quantum
279 981 326 1010 est
340 979 418 1015 illud
432 977 588 1012 dedecus?
621 979 702 1010 Ecce
714 979 878 1019 predones
891 981 985 1010 noctu
996 981 1131 1019 surgunt
1147 979 1188 1010 ad
1199 978 1336 1009 hmines
1351 976 1548 1008 trucidandos
1560 986 1571 1011 ‚-

723 1083 963 1097 euoeoeooeoeo

115 1158 158 1189 26
186 1157 327 1190 Vixisses
341 1159 571 1192 Schoenborn.
590 1163 707 1193 3.-28
730 1161 846 1202 Sponsi
868 1162 1038 1202 Penelopes
1060 1159 1291 1192 Schoenborn.
1307 1161 1339 1190 2.
1355 1156 1410 1189 ed.
1427 1154 1570 1192 Bodoni.

115 1199 159 1230 al.
182 1199 346 1242 Penelopoe
361 1202 495 1242 plurimi
511 1203 611 1234 codd.
627 1213 682 1244 ap.
701 1204 817 1242 Feam,
833 1204 889 1235 alii
907 1204 991 1235 Mss.
1009 1203 1100 1243 apud
1116 1202 1236 1234 Lamb.
1251 1201 1365 1232 Pulm.
1380 1199 1458 1230 val.
1473 1202 1571 1229 nota-

115 1245 186 1272 tum
202 1242 235 1272 in
251 1243 359 1274 citata
373 1244 523 1276 editione
545 1244 692 1284 Aldina;
714 1246 761 1277 ita
785 1245 938 1277 restitnit
966 1245 1083 1277 Lamb.
1104 1245 1191 1276 Dae.
1213 1243 1328 1275 Bentl.
1355 1242 1460 1273 Baxt.
1483 1241 1570 1272 Cun.

112 1283 192 1315 San·
208 1284 295 1316 Phil.
312 1285 419 1317 Gesn.
437 1287 515 1318 Val.
535 1287 655 1321 Oberl.
671 1288 811 1325 Combe.
827 1286 962 1319 Wakef.
978 1288 1124 1319 wetzel.
1141 1287 1248 1318 Zeun.
1300 1285 1380 1317 vid.
1394 1292 1435 1315 ιι.
1449 1283 1521 1315 Sat·
1537 1285 1570 1312 5-

113 1327 168 1357 ⁷6.
189 1329 219 1357 et
234 1326 381 1359 nebulone
395 1329 626 1361 Schoenborn.
642 1333 762 1362 4.-30
783 1329 1012 1362 Schoenborn.
1029 1332 1062 1362 3.
1084 1330 1303 1370 ‹Resque—31
1330 1327 1456 1358 Venet.
1475 1327 1571 1356 1495.

113 1367 231 1400 Bentl.
252 1374 288 1400 et
311 1370 416 1402 Kidd.
440 1374 622 1403 cessantem.
665 1373 748 1404 Vat.
764 1382 863 1413 nnus,
885 1375 1078 1409 cenomani,-
1100 1377 1134 1403 et
1153 1372 1200 1402 sic
1216 1371 1367 1402 Florem.
1383 1370 1477 1400 1482.
1503 1367 1570 1397 Ve-

114 1414 201 1442 nett.
215 1413 311 1443 1483.
330 1414 424 1444 1490.
439 1419 474 1445 et
487 1414 580 1454 Lips.
597 1416 692 1445 1499.
713 1418 865 1447 coenatum
879 1416 988 1446 ducere
1003 1413 1238 1445 Schoenborn.
1254 1415 1287 1443 3.
1309 1413 1459 1442 cessatam
1473 1409 1503 1439 d.
1519 1418 1571 1439 eu-

111 1461 181 1484 ram
195 1453 359 1494 Scaliger.
379 1455 489 1487 ducere
501 1465 642 1487 somnum
657 1457 737 1487 Vat.
754 1457 850 1488 Rom.
866 1459 898 1487 8.
915 1456 1040 1497 aliique
1056 1455 1156 1487 codd.
1176 1465 1232 1496 ap.
1256 1453 1373 1485 Bentl.
1388 1452 1470 1483 item
1492 1450 1571 1499 edd.

113 1494 228 1526 Bentl·
242 1500 278 1527 et
294 1495 488 1528 Kidd.—32
507 1498 667 1530 Nonnulli
683 1497 784 1529 codd.
802 1498 894 1537 Feoe,
907 1498 1067 1529 Torreat.
1083 1497 1198 1528 Bentl.
1216 1496 1347 1527 Valart.
1363 1499 1398 1525 et
1416 1492 1572 1525 Oberlin.

112 1535 287 1574 hominem5
303 1540 477 1571 revocavit
493 1539 525 1571 in
545 1544 677 1572 textum
694 1540 870 1572 Bentleius
884 1550 894 1579 3
911 1545 1032 1581 utpote
1047 1549 1121 1581 quae
1138 1538 1241 1570 lectio
1258 1538 1288 1568 ei
1305 1536 1441 1568 suavior
1455 1534 1572 1565 videa-

112 1581 181 1618 tur,
195 1586 231 1610 et
248 1580 432 1621 niajoribus
449 1582 597 1614 testibus
613 1582 777 1624 probata:
803 1581 899 1614 addit
914 1582 1102 1621 Gesnerus,
1118 1586 1155 1613 ut
1170 1581 1321 1612 evitetur
1336 1579 1385 1611 sic
1401 1578 1571 1617 ingratum

112 1619 415 1655 homoeoteleuton.
446 1624 642 1665 Sequuntur
655 1624 735 1655 inde
748 1624 804 1655 alii
816 1624 980 1663 editores,
992 1624 1136 1663 Cnning.
1149 1624 1250 1654 Baxt.
1267 1623 1344 1652 San.
1361 1620 1452 1651 Phil.
1465 1618 1571 1649 Gesn.

111 1662 190 1693 Val.
211 1663 332 1695 Oberl.
358 1666 500 1705 Combe,
513 1666 650 1697 Wakef.
666 1666 814 1698 Wetzel.
837 1670 874 1698 et
900 1666 1008 1697 Zenn.
1044 1665 1104 1696 ‘Si
1133 1663 1342 1696 anctoritate
1370 1660 1571 1693 certandum

113 1708 190 1742 8⁸13
213 1707 518 1747 manuscriptorum
536 1708 608 1740 sive
623 1713 832 1748 nostrorum,
847 1709 919 1739 sive
936 1708 1077 1739 aliorum
1095 1706 1266 1738 editorum
1290 1713 1369 1746 pars
1388 1705 1487 1743 longe
1503 1711 1573 1733 ma-

109 1745 182 1786 jor,
196 1751 232 1777 et
248 1748 388 1788 optimae
405 1756 510 1790 nom,
531 1750 633 1782 babet
653 1751 812 1787 immines,-
835 1750 884 1782 uti
901 1754 938 1781 et
957 1749 1095 1781 Servius
1122 1748 1164 1780 ad
1182 1749 1282 1788 Virg.
1299 1747 1428 1786 Georg.
1445 1754 1470 1776 1.
1484 1744 1573 1775 287!

114 1787 277 1821 Fam-82
299 1790 368 1822 Ms.
385 1792 420 1822 in
436 1797 518 1823 nota
534 1792 575 1823 ad
599 1793 738 1825 citatum
754 1792 864 1824 Servii
880 1793 1007 1833 locum,
1023 1792 1058 1823 in
1074 1791 1128 1823 ed.
1152 1791 1271 1823 Burm.
1290 1789 1407 1829 vigilat
1421 1789 1458 1820 de
1473 1789 1574 1818 nocte.

767 1899 908 1933 NOTAE

113 1979 246 2012 quoque
261 1972 425 2002 memoria
449 1981 508 2003 sua
532 1971 694 2013 frequens
709 1971 812 2004 fuisse
868 1972 951 2003 sites
968 1971 1026 2003 ille
1049 1972 1142 2003 iners
1158 1975 1193 2003 et
1210 1970 1396 2011 inglorius:
1422 1968 1577 2000 videmur

116 2019 212 2051 dicat
228 2026 267 2050 nt
283 2019 476 2051 stabulai-iae
493 2021 650 2052 mulieres
674 2021 813 2053 imbutae
869 2025 1003 2053 tantum
1020 2021 1137 2053 vivere
1154 2025 1192 2052 ut
1208 2020 1358 2051 edamus.

118 2069 217 2101 malis
231 2069 360 2101 artibus
375 2071 410 2100 in
426 2079 525 2101 caseo
541 2070 663 2102 darent
679 2071 814 2101 viatori-

114 2119 179 2151 bus
195 2119 285 2150 nnde
309 2119 343 2150 in
359 2119 518 2160 jumenta
534 2120 625 2150 illico
642 2124 815 2151 verteren-

115 2175 185 2209 tur,
201 2173 238 2201 nt
254 2168 447 2201 necessaria
463 2179 607 2211 qnaeque
625 2172 816 2209 portarent,

115 2225 264 2262 postque
285 2217 468 2260 perfuncta
493 2228 600 2260 opera
625 2219 748 2250 iterum
771 2217 814 2249 ad

113 2278 152 2300 se
167 2269 332 2300 redirent.
377 2268 456 2300 Vid.
482 2269 519 2300 S.
537 2268 747 2310 Augustinus
770 2267 814 2299 de

113 2318 188 2351 Civ.
207 2318 276 2351 Dei
293 2326 401 2350 ιιι-ιιι.
418 2321 471 2350 17.
488 2322 524 2350 et
540 2320 592 2350 18.
637 2318 726 2350 Item
743 2318 814 2350 Da-

111 2368 191 2401 niel.
205 2377 281 2409 cap.
296 2377 349 2400 lv.
368 2367 426 2399 nbi
440 2367 756 2400 Nabuchodonosor
769 2368 813 2400 ab

111 2417 302 2450 hominibus
319 2416 447 2449 dicitnr
461 2418 606 2459 ejectus,
623 2428 663 2450 ac
680 2427 744 2458 per
757 2427 814 2449 an-

113 2476 173 2498 nos
187 2474 318 2508 septem
333 2468 424 2499 inter
436 2468 564 2500 bestias
576 2467 703 2500 soenum
716 2468 812 2509 quasi

114 2516 177 2549 bos
198 2516 406 2548 comedisse:
432 2523 553 2558 postea
583 2527 677 2557 vero,
701 2517 814 2559 figura

114 2566 190 2608 ejus
214 2574 351 2597 reversa
377 2566 419 2598 ad
441 2567 562 2608 ipsum,
590 2578 812 2609 recuperasse

116 2616 295 2658 pristinum
310 2625 446 2647 sensum
466 2625 508 2648 ac
533 2617 693 2650 decorem
710 2619 813 2650 liono-

115 2674 256 2708 remqne
271 2665 380 2706 regni.

157 2717 199 2747 2⁴1
217 2715 286 2746 Nos
305 2724 448 2746 numerus
469 2716 588 2757 sumus]
617 2718 732 2750 Turba
757 2728 811 2750 su·

115 2775 190 2797 mus
208 2763 335 2805 absque
352 2763 493 2805 virtute,
509 2767 677 2799 exercitus
694 2778 811 2800 nnme-

117 2824 190 2847 rum
207 2813 385 2855 explentes
400 2812 578 2856 duntaxat,
595 2816 688 2848 velut
701 2817 810 2849 Ther-

911 2073 954 2101 28
979 2071 1093 2111 Sponsi
1108 2069 1294 2110 Penelopes]
1326 2069 1406 2100 Sive
1429 2068 1573 2099 lnxnriae

869 2118 992 2159 dediti,
1007 2119 1078 2150 sive
1101 2120 1214 2160 gulae3
1238 2123 1276 2149 nt
1294 2117 1378 2149 alibi
1393 2122 1445 2148 est
1471 2126 1574 2148 anno-

869 2172 992 2200 tatum.
1035 2169 1123 2200 Vide
1141 2177 1181 2199 n.
1198 2168 1271 2199 Sat.
1287 2171 1320 2199 5.

911 2220 954 2249 29
970 2218 1154 2257 Alcinoique
1170 2217 1209 2248 In
1225 2219 1294 2248 cute
1309 2225 1378 2248 cur.
1394 2215 1464 2256 εἷα]
1479 2216 1575 2248 Simi-

868 2267 919 2299 les
950 2277 1064 2298 sumus
1097 2266 1242 2299 Alcinoo
1278 2266 1464 2298 Phaeacnm
1499 2267 1574 2307 regi

869 2316 962 2358 apud
986 2317 1168 2359 Corcyram
1192 2317 1349 2356 insulam,
1362 2316 1501 2357 ejusque
1523 2316 1575 2348 fa-

868 2366 1060 2399 miliaribus
1085 2372 1121 2399 ct
1148 2366 1308 2409 populis:
1344 2367 1400 2408 qui
1429 2366 1574 2398 mollitie

865 2420 902 2448 et
914 2416 1149 2457 voluptatibus
1165 2416 1310 2457 perditi,
1321 2415 1356 2446 in
1372 2415 1506 2455 ignavia
1522 2424 1575 2446 so-

865 2467 1050 2509 coi-diuque
1066 2465 1370 2498 consenescebant.
1409 2464 1575 2497 Proverb.

865 2521 875 2536 ¹
891 2516 1023 2548 Alcinoi
1039 2515 1178 2552 mensal
1195 2515 1230 2546 id
1248 2519 1314 2552 est,
1330 2514 1515 2547 luxuriosa.

905 2570 950 2598 32
981 2567 1026 2597 Ut
1042 2565 1191 2605 jugulent
1218 2563 1367 2603 homines,
1393 2563 1466 2604 Esou]
1487 2565 1574 2596 Tor.

863 2617 996 2648 tentius
1028 2615 1155 2656 ubique
1194 2623 1300 2654 sagax
1337 2623 1487 2645 errorem
1518 2615 1574 2648 hic

864 2666 1107 2703 subodoratus,
1131 2663 1260 2695 librarii
1284 2663 1416 2695 incuria
1431 2665 1574 2705 paginas

865 2715 1026 2748 confusas
1045 2714 1180 2746 asserit.
1222 2713 1296 2745 Ista
1313 2713 1471 2744 nimirum
1487 2724 1505 2745 a
1524 2725 1572 2747 vs.

865 2769 918 2798 32.
934 2765 976 2797 ad
992 2767 1044 2797 64.
1060 2764 1234 2805 pertinere
1250 2763 1432 2794 contendit
1444 2763 1486 2795 ad
1502 2765 1573 2805 pri-

868 2826 960 2850 orem
992 2815 1180 2857 Epistolam
1195 2825 1203 2847 :
1228 2818 1333 2857 atque
1364 2814 1483 2856 reponi
1513 2815 1573 2847 de·
