1890 3256
289 266 399 307 1002

288 367 347 408 Et
366 367 547 409 decedet
566 368 669 408 odor
688 367 829 407 nervis
849 366 1052 406 inimicus
1069 378 1080 415 ;
1112 369 1159 409 at
1187 364 1263 405 illa

290 432 507 484 Integrum
527 433 714 485 perdunt
732 432 819 471 lino
842 430 1000 470 vitiata
1020 442 1238 482 saporem.

290 497 535 538 Surrentina
556 496 674 536 vafer
692 495 767 546 qui
788 494 948 535 miscet
966 494 1078 536 faece
1101 495 1284 536 Falerna

290 562 420 611 Vina,
441 561 688 602 columbino
709 559 861 600 limum
881 560 989 600 bene
1006 560 1175 612 colligit
1195 572 1303 610 ovo;

291 625 512 676 Quatenus
530 626 618 664 ima
637 623 746 676 petit
765 625 946 668 volvens
964 625 1112 666 aliena
1127 626 1317 668 vitellus,

288 691 435 731 Tostis
454 692 710 729 marcentem
731 690 905 741 squillis
926 691 1142 733 recreabis
1159 694 1203 732 et
1221 691 1330 732 Afra

290 755 497 795 Potorem
517 753 722 804 cochlea3
752 767 851 797 nam
871 755 1048 797 lactuca
1066 757 1234 799 innatat
1253 757 1345 798 acri

752 278 796 314 Q.
826 275 1030 306 HORA'ru
1066 274 1233 304 FhAccl

286 888 428 927 abigetur
451 890 523 920 odor
541 890 671 928 infestus
687 890 808 922 nervis:
830 892 884 922 illa
906 901 976 923 tero
1000 892 1061 924 lino
1083 895 1238 933 percolata
1258 903 1372 926 omnem
1395 894 1542 926 amittunt
1558 903 1706 934 saporem.

288 930 350 963 Qui
365 930 468 961 vinum
483 930 696 962 Surrentinum
707 932 849 963 Faternoe
855 932 934 971 foeci
948 934 1026 965 scite
1039 934 1190 975 infundit,
1199 934 1305 966 limum
1317 935 1390 967 bene
1404 935 1516 966 coercet
1529 946 1583 966 ovo
1596 937 1707 971 colum-

287 971 350 1001 boe:
372 973 512 1010 quoniam
523 973 644 1003 vitellus
657 974 797 1004 decidens
817 974 851 1004 in
864 974 999 1013 fundum
1013 976 1102 1006 simul
1121 976 1236 1016 abripit
1250 977 1361 1008 aliena.
1405 977 1548 1008 Potorem
1562 977 1706 1015 languen-

287 1015 346 1042 tem
361 1013 510 1044 excitabis
521 1022 577 1053 per
590 1014 716 1054 squillas
729 1018 828 1046 tostas
839 1018 869 1046 et
883 1016 1018 1047 cochleas
1031 1016 1212 1054 Africanas.
1257 1017 1381 1049 Etenim
1393 1020 1463 1058 post
1476 1018 1577 1058 epulas
1590 1018 1707 1048 lactuca

882 1105 978 1118 OM
980 1105 1117 1118 OOOOOO

288 1179 532 1217 supponam—53
549 1178 559 1195 ‘
577 1178 644 1210 Hic
660 1188 773 1210 versus
798 1180 910 1212 mendi
933 1180 1132 1221 quibusdam
1146 1183 1319 1220 suspectus
1335 1184 1401 1218 est,
1415 1178 1495 1219 quid
1511 1178 1599 1210 enim
1615 1178 1710 1210 odori

287 1229 361 1250 cum
385 1219 496 1258 nervis,
516 1223 554 1250 ut
569 1220 617 1250 his
632 1221 784 1252 inimicus
800 1230 875 1253 esse
895 1227 998 1263 queat
1019 1223 1072 1254 vel
1095 1221 1254 1253 officere?
1275 1231 1351 1252 cum
1373 1220 1407 1251 id
1428 1225 1558 1251 tantum
1571 1219 1708 1259 habeat,

287 1265 324 1290 ut
339 1269 436 1291 sensu
451 1269 547 1292 nares
565 1262 617 1293 vel
632 1266 728 1302 grato
746 1263 860 1302 juvet,
876 1264 930 1295 vel
943 1262 1094 1296 offendat
1107 1263 1252 1303 ingrato,
1269 1272 1308 1293 ao
1325 1262 1373 1292 vis
1388 1261 1460 1302 ejus
1477 1265 1550 1292 tota
1562 1261 1625 1291 nisi
1637 1262 1710 1292 uni

287 1301 413 1348 ambitu
429 1302 653 1342 contineatur,
667 1313 777 1344 neque
793 1304 915 1340 defuit,
931 1305 987 1345 qui
1004 1314 1064 1345 pro
1077 1305 1182 1336 nervis
1194 1305 1324 1343 legeret
1339 1301 1463 1334 vernis!
1503 1302 1635 1341 Odium,
1648 1302 1669 1332 l.
1686 1303 1709 1334 1.

286 1342 296 1359 ⁶
312 1342 372 1372 Vir
387 1352 546 1382 summus,
573 1354 672 1384 quem
693 1345 749 1375 hio
773 1345 946 1386 nominare
970 1346 1135 1384 abstineo,
1160 1345 1296 1377 Horatii
1323 1353 1453 1376 versum
1476 1343 1610 1374 omnino
1640 1352 1711 1374 cor-

287 1388 423 1422 ruptum
440 1393 511 1414 esse
534 1390 643 1424 putat.
687 1386 727 1416 1u
750 1395 833 1417 voce
854 1387 928 1417 odor
949 1395 1021 1417 esse
1043 1387 1162 1418 vitium
1183 1386 1352 1425 opinatur,
1374 1395 1413 1416 sc
1434 1385 1501 1424 legi
1524 1384 1594 1414 vult
1617 1384 1710 1415 acor!

287 1424 382 1455 Idem
398 1424 479 1455 ibid.
496 1434 530 1465 p.
545 1427 702 1457 444.—54
725 1427 889 1466 Integrum
905 1428 1040 1467 produnt
1054 1427 1133 1460 Vet.
1148 1427 1347 1458 Comb.—-57
1366 1425 1480 1457 Lamb·
1500 1424 1710 1459 Quatenu—

927 1520 958 1550 N
964 1519 1065 1550 0¹1*AE

330 1579 370 1607 53
393 1578 438 1607 Et
452 1578 574 1608 decedet
596 1579 670 1608 odor
691 1579 793 1609 nervis
813 1579 970 1621 inimicus]

288 1624 377 1655 Plin.
406 1633 513 1656 xxm.
542 1629 571 1656 1.
600 1626 732 1664 scribit,
759 1627 871 1656 nervis
897 1636 973 1666 pro·

287 1674 383 1704 desse
399 1673 577 1713 Albanum,
599 1683 664 1705 non
678 1675 757 1705 item
775 1666 971 1706 Falernum:

287 1727 323 1753 et
338 1723 438 1762 paulo
454 1728 540 1763 post,
563 1725 572 1740 ‘
588 1723 698 1754 vinum
716 1724 796 1754 illud
814 1723 901 1764 quod
917 1733 972 1755 ve-

289 1776 341 1802 tus
347 1775 414 1802 tate
424 1771 603 1812 dulcescit,
611 1773 716 1804 minus
727 1773 886 1805 infestare
897 1782 972 1804 ner-

287 1818 372 1849 vos.¹

330 1869 371 1898 54
394 1867 556 1905 [ntegrum
570 1869 699 1908 perdunt
714 1867 776 1898 lino
793 1868 904 1899 vitiata
924 1878 974 1899 sn-

284 1915 402 1956 porem]
425 1916 493 1946 Per
511 1925 643 1946 saccum
666 1916 786 1946 lineum
805 1917 973 1947 transmit-

287 1963 406 1994 tebant
419 1969 454 1994 et
469 1963 625 1994 colebant
640 1964 727 2001 vina,
748 1963 790 1993 ad
809 1973 850 1993 ea
869 1962 973 1994 defae-

287 2012 411 2050 caridn3
436 2012 488 2042 vel
504 2011 546 2042 ad
561 2010 776 2051 frangendam
793 2012 870 2043 vim.
886 2013 974 2044 Plin.

286 2060 345 2091 lib.
362 2068 438 2091 xlv.
455 2062 518 2091 &c.
541 2060 691 2090 Martial.
704 2068 771 2090 xn-
783 2062 834 2091 41.
864 2061 878 2103 ‘.
891 2061 974 2090 Tur-

285 2109 366 2140 bida
395 2109 527 2140 solicito
559 2107 786 2138 transmittere
827 2108 974 2139 Caecuba

287 2156 409 2188 sacco.’

328 2208 368 2236 56
393 2205 580 2236 Surrentina
601 2205 688 2243 vafer
710 2205 763 2244 qui
783 2204 974 2242 miscetfoece

287 2254 436 2294 Falerno]
462 2254 627 2285 Nimirum
642 2258 680 2284 ut
702 2263 745 2284 ex
761 2254 897 2284 Falerni
918 2253 974 2284 bo-

285 2302 394 2333 nitate
411 2301 535 2342 aliquid
552 2302 728 2332 contrahat
741 2301 974 2333 Surrentinum

289 2351 389 2390 paulo
404 2350 580 2381 austerius.
621 2350 676 2380 De
691 2350 833 2381 Falerno
855 2359 881 2381 1.
908 2350 974 2381 Od.

287 2402 340 2431 20.
367 2398 614 2438 Surrentinum,
627 2407 669 2429 ex
682 2408 762 2438 agro
777 2399 971 2439 Campaniae

287 2457 394 2488 prope
418 2447 614 2478 Surrentum
644 2447 773 2486 urbem,
802 2447 973 2478 convales-

286 2496 439 2527 centibus
455 2495 630 2535 optimum,
641 2499 744 2535 caput
755 2496 890 2526 minime
901 2499 972 2526 ten-

287 2550 374 2581 tans,
410 2554 450 2575 ae
484 2544 644 2575 stomachi
673 2548 710 2575 et
737 2544 973 2576 intestinorum

286 2593 542 2623 rheumatismos
579 2592 759 2624 cohibens:
800 2602 843 2623 ex
883 2593 972 2624 Plin.

289 2649 365 2672 xiv.
381 2644 412 2671 6.
428 2645 462 2671 et
477 2642 537 2672 lib.
551 2643 603 2673 23.
621 2651 696 2681 cap.
714 2645 742 2672 l.

329 2691 371 2720 56
409 2690 585 2720 Columbina
613 2690 718 2721 limum
747 2691 819 2722 bene
851 2689 972 2729 colligit

286 2737 357 2778 ovo]
385 2738 526 2769 vitellus
555 2738 621 2778 ovi,
651 2740 716 2776 vel,
742 2743 780 2770 ut
803 2739 860 2770 alii
883 2747 971 2770 asse-

1025 1584 1114 1618 runt,
1138 1579 1291 1611 albumen
1317 1579 1439 1619 potius,
1452 1578 1487 1611 in
1502 1577 1627 1609 dolium
1642 1577 1709 1608 vini

1025 1628 1152 1659 turbidi
1167 1628 1366 1667 conjectum,
1380 1627 1492 1666 aliena,
1514 1626 1548 1657 id
1569 1631 1634 1666 est,
1649 1625 1711 1656 fm-

1025 1685 1097 1707 cem
1112 1685 1241 1707 omnem
1265 1675 1306 1706 ad
1328 1675 1395 1706 ima
1413 1674 1562 1706 devolvit
1581 1683 1710 1704 seeum-

1026 1733 1092 1765 que
1120 1724 1288 1763 detrahit;
1321 1733 1361 1754 ac
1390 1732 1508 1764 purum
1534 1721 1637 1754 efficit
1665 1722 1710 1752 vi-

1025 1781 1115 1804 num.

1068 1824 1109 1851 58
1134 1821 1235 1851 Tostis
1256 1819 1391 1860 squillis]
1421 1818 1529 1856 Assis,
1553 1818 1606 1849 vel
1630 1817 1708 1848 fric-

1026 1869 1082 1898 tis.
1119 1868 1247 1907 Squiua
1261 1873 1313 1899 est
1328 1877 1346 1898 e
1361 1875 1556 1898 cancrorum
1573 1874 1708 1907 genere.

1026 1916 1116 1947 Plin.
1133 1924 1183 1946 rx.
1195 1918 1247 1946 42.

1066 1964 1148 2001 Afra
1169 1958 1306 2003 cochlea]
1323 1964 1431 1994 Varro
1453 1963 1494 1994 de
1518 1963 1561 1994 R.
1584 1963 1627 1994 R.
1650 1971 1709 1994 nr.

1026 2014 1077 2043 14.
1094 2013 1150 2042 has
1166 2011 1389 2042 commendat.

1068 2063 1110 2091 59
1131 2060 1266 2090 Lactuca
1286 2059 1408 2090 innatat
1427 2059 1494 2090 ucri
1506 2059 1585 2090 Post
1605 2058 1709 2090 vinum

1025 2107 1193 2147 stomacho]
1215 2108 1398 2138 Lactucam
1421 2112 1538 2147 utpote
1553 2107 1708 2148 frigidam

1027 2161 1160 2188 veteres
1189 2156 1390 2187 adhibebant
1417 2161 1494 2196 post
1527 2156 1642 2196 epulas
1673 2160 1708 2186 et

1027 2205 1151 2243 viuum,
1166 2204 1207 2234 ad
1222 2204 1318 2243 hujus
1335 2213 1474 2244 vapores
1489 2203 1708 2243 comprimen-

1025 2253 1095 2284 dos.
1126 2252 1222 2283 Unde
1239 2256 1293 2282 est
1312 2252 1412 2283 illud:
1438 2251 1449 2268 ‘
1461 2252 1632 2291 Grataqne
1647 2259 1705 2281 no-

1026 2301 1138 2333 bilium
1146 2299 1414 2340 requieslactuca
1425 2299 1596 2330 ciborum:
1608 2299 1708 2330 Post·

1027 2359 1066 2382 ea
1081 2358 1160 2380 vero
1182 2352 1299 2378 contra
1321 2346 1461 2384 factum,
1486 2352 1588 2386 atque
1610 2346 1706 2378 initio

1025 2407 1127 2429 coenae
1152 2396 1348 2433 intulerunt,
1367 2403 1425 2424 seu
1446 2395 1488 2424 ad
1507 2395 1705 2426 movendam

1026 2451 1061 2476 et
1083 2443 1307 2476 lubricandam
1333 2441 1455 2480 alvum,
1478 2451 1537 2472 seu
1557 2441 1600 2472 ed
1617 2451 1704 2472 som-

1024 2503 1102 2524 num
1127 2489 1380 2524 conciliandum.
1410 2490 1562 2520 Martial.
1587 2498 1627 2521 n.
1652 2492 1705 2523 5⁸.

1023 2543 1032 2559 ‘
1051 2542 1164 2573 Primo
1189 2535 1251 2571 tilii
1274 2538 1411 2569 dabitur
1439 2539 1548 2568 ventri
1571 2538 1705 2570 lactuca

1024 2588 1186 2622 movendo
1200 2587 1324 2618 Utilis.'
1349 2587 1392 2618 Et
1405 2596 1485 2618 xiii.
1503 2590 1553 2624 1⁴·
1585 2589 1595 2605 ‘
1607 2588 1706 2619 Clau·

1023 2640 1104 2670 dere
1118 2646 1190 2678 quae
1207 2645 1318 2667 coenas
1338 2637 1471 2667 lactuca
1485 2635 1613 2668 solebat
1627 2645 1706 2667 avo·

1023 2696 1108 2725 rum,
1136 2685 1200 2717 Dic
1223 2685 1301 2716 mihi
1326 2694 1386 2716 cur
1415 2690 1545 2717 nostras
1570 2684 1706 2716 inchoat

1022 2737 1080 2767 iun
1095 2727 1197 2774 dapes
1210 2734 1238 2764 ε·
