1904 3256
292 284 374 326 586
756 300 799 336 Q.
832 299 1034 328 HORATu
1070 298 1239 328 FnAcm

513 386 598 427 Sed
618 387 762 439 palam
781 389 923 439 captis
943 387 1085 439 gravis
1100 385 1206 439 (heu
1225 387 1367 430 nefas!
1397 388 1478 428 heu
1496 389 1524 440 l)

511 452 699 491 Nescios
714 451 793 491 fari
813 464 973 503 pueros
993 450 1174 491 Achivis

510 515 664 556 Ureret
678 516 877 564 flammis,
898 516 1028 556 etiam
1047 515 1254 557 latentem

845 581 1002 621 Matris
1023 581 1066 620 in
1086 581 1184 622 alvo
1203 594 1214 632 ;

509 645 570 686 Νἰ
592 647 677 686 tuis
699 635 837 686 v'ictus
858 646 1124 699 Venerisque
1145 651 1276 699 gratae

507 709 719 760 Vocibus,
741 707 1046 763 Divum‘pater
1066 713 1295 753 annuisset

1649 581 1704 621 20

285 851 342 882 heu
357 853 452 891 nefas,
474 853 554 883 heu!
576 853 710 890 infantes
727 855 889 883 cremasset
903 853 1026 891 ignibus
1052 853 1185 894 Graecis,
1209 863 1322 885 necnon
1335 858 1440 885 ventre
1455 857 1591 886 materno
1605 853 1701 884 inclu-

283 901 351 929 soe;
373 894 435 924 nisi
457 895 591 925 Deorum
615 898 705 934 pater
726 897 790 927 tuis
811 904 846 924 ac
876 894 1001 925 Veneris
1015 894 1160 932 jucundoe
1180 896 1321 935 precibus
1343 900 1486 927 exoratus
1506 896 1700 926 concessisset

876 1008 1112 1021 “cneco-‘ooo

284 1091 395 1131 clusus,
409 1095 460 1132 &a
493 1093 606 1124 Bentl.
623 1093 756 1125 Wakef.
772 1094 888 1124 Comb.
901 1098 935 1124 et
948 1094 1135 1125 Kidd.—17
1153 1094 1216 1125 Sed
1232 1094 1331 1134 pulum
1343 1098 1444 1134 captos
1459 1092 1540 1125 Aer.
1556 1093 1702 1124 Bentleii

283 1131 438 1164 Petreus.
457 1143 515 1173 pro
532 1144 599 1166 var.
617 1136 696 1166 lect.
719 1136 863 1175 Franeq.
879 1135 968 1175 Lips.
983 1138 1014 1166 4.
1036 1136 1160 1166 Venet.
1176 1138 1270 1166 1492.
1294 1136 1434 1167 Locher.
1450 1135 1591 1165 Ascens.
1635 1135 1699 1164 Re—

282 1172 428 1205 ferretur
442 1175 504 1205 hoc
520 1176 559 1205 ad
581 1185 690 1215 pueros
704 1186 751 1206 vs.
769 1179 819 1206 18.
841 1177 949 1214 victor,
963 1185 1023 1216 pro
1037 1177 1145 1215 captis,
1159 1176 1305 1210 nonnulli
1319 1176 1434 1207 Lamb.
1449 1185 1534 1206 unus
1545 1177 1699 1206 Torrent..

284 1215 430 1245 Bentleii
446 1216 594 1255 Magdal.
612 1222 646 1247 et
662 1217 760 1247 Bodl.
776 1219 847 1247 1.2.
863 1219 872 1233 ‘
884 1215 1102 1248 Manifestum
1116 1218 1281 1257 glossema
1294 1217 1335 1246 ad
1353 1217 1587 1256 explicandum
1602 1216 1699 1255 captis

278 1256 500 1291 gravisfhni.
517 1257 664 1287 Bentleii
675 1258 824 1288 Galiens.
836 1261 959 1296 raptor.-
979 1259 988 1275 ‘
1001 1263 1120 1295 aperto
1136 1266 1248 1288 errore
1264 1266 1282 1287 e
1297 1258 1440 1287 lectione
1454 1261 1567 1296 captos.
1582 1257 1702 1296 legisse

281 1297 354 1327 bello
370 1297 535 1327 Acronem
552 1301 586 1328 et
601 1299 727 1329 Comm.
744 1298 800 1329 Cr.
817 1298 1001 1337 colligebat
1016 1299 1119 1330 With.
1142 1307 1183 1329 ex
1206 1308 1319 1328 eorum
1337 1303 1436 1329 nota:
1459 1299 1468 1316 ‘
1486 1301 1603 1337 aperto
1617 1306 1702 1328 sem-

281 1346 342 1376 per
359 1338 445 1374 bello
461 1339 609 1370 Achilles
625 1339 752 1377 gravis!
795 1339 860 1368 Sed
878 1340 951 1378 quis
967 1339 1028 1369 hoc
1044 1339 1090 1369 illi
1107 1340 1188 1369 det?
1212 1348 1303 1370 caesos
1318 1340 1407 1378 conj.
1425 1339 1510 1370 idem
1529 1339 1629 1370 With.
1645 1339 1702 1380 qui

281 1382 316 1408 et
341 1381 541 1418 suspicatur,
565 1379 625 1409 Sed
647 1380 749 1419 palam
772 1379 870 1418 captis
895 1379 1087 1419 Phrygibus,
1112 1380 1209 1418 nefas,
1233 1379 1301 1410 heu.
1346 1380 1499 1419 Conject.
1516 1389 1569 1419 ap.
1585 1379 1701 1411 Jones.

279 1421 397 1458 coeptis.
434 1420 609 1451 Quomodo
633 1425 701 1450 tam
728 1420 814 1450 bona
830 1424 865 1450 et
884 1422 1043 1458 praeclara
1061 1421 1172 1457 lectio,
1188 1422 1296 1459 captis,
1311 1421 1466 1451 Bentleio
1482 1421 1620 1461 aliisque
1636 1420 1701 1451 dis-

280 1460 407 1499 plicere
434 1460 593 1500 potuerit,
617 1461 762 1492 nondum
791 1461 969 1501 assequor!
991 1462 1170 1492 Jani.—19
1190 1462 1441 1492 commentator
1464 1462 1563 1502 Cruq.
1585 1470 1706 1492 omnes*

280 1501 378 1532 Torr.
400 1507 524 1540 praeter
546 1512 658 1536 unum,
681 1502 857 1532 Pulmanni
883 1502 997 1532 Hunn.
1019 1507 1055 1533 et
1075 1502 1246 1533 Gemblac.
1264 1505 1292 1532 1.
1309 1506 1339 1533 2.
1356 1503 1420 1533 duo
1448 1503 1573 1533 Bersm.
1597 1503 1699 1534 Bent.

280 1542 337 1572 leii
376 1542 489 1574 Graev.
516 1544 612 1574 Leid.
638 1543 767 1574 Zulich.
794 1544 951 1574 Petrens.
976 1543 1126 1582 Magdal.
1153 1544 1229 1574 Gal.
1254 1549 1290 1574 et
1310 1544 1445 1583 Vigorn.
1473 1544 1576 1574 Brod.
1605 1544 1700 1575 Gott.

278 1584 420 1615 Mentel.
447 1585 538 1623 Lips.
556 1588 584 1614 1.
601 1587 631 1614 3.
655 1586 753 1616 Dess.
770 1588 802 1616 2.
826 1585 971 1615 Helmst.
993 1584 1087 1615 Harl.
1105 1588 1132 1614 l.
1148 1587 1178 1615 2.
1195 1587 1224 1614 3.
1241 1587 1272 1614 4.
1287 1588 1316 1615 5.
1333 1587 1364 1616 6.
1389 1585 1524 1616 Venett.
1549 1586 1702 1617 Torrent.

279 1625 381 1655 Baxt.
406 1626 519 1656 Bentl.
547 1627 662 1656 Burm.
679 1626 820 1663 Cuning.
847 1625 963 1656 Jones.
989 1625 1078 1663 Jani,
1105 1625 1701 1665 Bipont.Mitscu.Wetzel.Wakef.

280 1665 395 1696 Cornb.
413 1672 448 1696 et
464 1666 565 1696 Kidd.
587 1667 751 1702 lutentem‚·
773 1667 896 1706 Vulgg.
906 1668 1046 1697 latentes.
1091 1666 1272 1697 Lambinus
1285 1667 1418 1707 quidem
1432 1671 1466 1697 et
1477 1668 1579 1707 Cruq.
1593 1667 1640 1697 nil
1653 1676 1702 1698 re-

277 1705 427 1737 feret-unt
440 1707 482 1736 de
496 1707 562 1737 suis
578 1707 677 1747 codd4
703 1707 713 1723 ‘
729 1707 796 1738 Sed
814 1712 938 1746 praeter
955 1707 1188 1738 auctoritatem
1206 1708 1377 1742 librorum,
1390 1708 1487 1748 louge
1502 1718 1543 1739 ex
1571 1708 1701 1738 uisitius

278 1751 328 1777 est
343 1748 487 1778 latentem
502 1757 597 1787 quam
610 1750 739 1779 latentes
755 1748 857 1778 etiam
868 1748 910 1779 ob
925 1749 1034 1779 locum
1052 1748 1150 1779 Hom.
1175 1749 1214 1780 Il.
1229 1753 1262 1779 z.
1277 1749 1406 1780 67-60.’
1428 1749 1515 1780 Jani.
1589 1750 1700 1780 ocher-

277 1789 472 1825 1utitantem;
495 1790 610 1820 Zarot.
626 1791 740 1820 latente
749 1800 760 1826 ;
784 1790 959 1820 Pulmanni
976 1790 1152 1821 Gemblac.
1167 1793 1197 1820 1.
1222 1799 1304 1820 unus
1317 1791 1578 1821 Torrentii.-2l
1601 1792 1610 1808 ‘
1627 1790 1698 1821 Pro

276 1829 388 1868 victus,
401 1829 508 1869 flexus
523 1831 694 1870 antiquiss,
708 1831 828 1860 Blaud.
847 1831 996 1870 Cruqnii,
1013 1830 1100 1861 unde
1116 1832 1245 1870 recepit
1261 1832 1372 1864 Bentl.
1390 1832 1477 1872 quia,
1492 1833 1548 1872 qui
1563 1837 1699 1868 annuat,

278 1879 319 1901 eo
333 1871 406 1910 ipso
421 1870 579 1902 flectatur
604 1871 708 1911 (haud
734 1871 836 1901 dubie
861 1871 902 1901 ob
927 1873 1120 1902 inclinatam
1146 1871 1348 1913 cervicem);
1371 1883 1435 1913 qno
1452 1873 1506 1904 vix
1522 1873 1699 1914 quicquam

276 1911 430 1943 miserius
447 1912 513 1943 dici
531 1916 675 1951 poterat.
709 1911 892 1943 Ari-idebat
910 1913 1010 1942 etiam
1028 1913 1185 1952 Cruquio,
1200 1913 1274 1954 quia
1291 1919 1379 1946 esset
1394 1914 1528 1944 verbum
1545 1915 1698 1945 blandius

275 1953 450 1993 minusque
466 1953 693 1992 imperiosum,
709 1954 797 1993 quod
814 1954 967 1993 equidem
993 1963 1060 1984 non
1084 1954 1194 1993 capio.
1239 1955 1350 1985 Multo
1369 1954 1500 1986 doctior
1522 1960 1558 1985 et
1580 1965 1696 1986 venus-

277 1994 342 2025 tior
357 1994 458 2025 lectio
474 1995 593 2031 victus;
616 2000 651 2026 et
665 1995 771 2034 flexus
794 1994 1006 2026 manifestum
1029 1995 1205 2035 glossema,
1229 2004 1291 2035 qua
1310 1996 1440 2027 ratione
1456 2000 1508 2027 est
1523 1997 1555 2027 in
1572 1997 1698 2028 Comm.

915 2089 1051 2121 NOTAE

274 2175 454 2213 nuptaeque
478 2172 600 2213 pnellae
617 2172 719 2203 Sacra
733 2171 880 2211 canunt,’
893 2173 956 2203 διο.

275 2221 363 2253 lbid.
392 2230 441 2252 vs.
470 2223 543 2252 248.
566 2221 658 2251 ‘Nos
687 2220 824 2251 delubra
850 2221 957 2251 Deum

275 2269 399 2309 miseri,
412 2269 531 2309 quibus
547 2269 682 2300 ultimus
697 2274 785 2300 esset
796 2269 858 2300 Ille
876 2270 958 2309 dies,

273 2317 361 2349 festa
375 2319 524 2349 velaturus
540 2317 657 2348 fronde
670 2328 727 2357 per
743 2318 885 2349 urbem!

318 2370 357 2398 17
379 2367 442 2399 Sed
461 2368 564 2407 palam
588 2367 696 2406 captis,
711 2367 779 2406 thu]
799 2367 853 2398 Sic
871 2367 956 2398 belle

273 2416 431 2456 exprimit
456 2416 615 2447 Horatius
638 2416 780 2447 indolem
806 2415 958 2454 Achillis,

275 2470 312 2496 ut
329 2471 363 2496 et
380 2465 489 2504 Epist.
505 2465 546 2496 ad
562 2465 718 2504 Pisones,
733 2475 780 2495 vs.
797 2467 868 2495 122.
897 2469 906 2482 ‘
918 2464 953 2494 Si

272 2513 361 2543 sorte
375 2513 506 2553 reponis
522 2512 685 2543 Achillem
698 2523 707 2551 ς
719 2512 880 2552 Impiger,
891 2513 954 2543 ira-

274 2561 412 2596 cundus,
436 2561 661 2602 inexorabilis,
684 2570 772 2597 acer,
791 2561 876 2592 Jura
898 2571 954 2592 ne-

277 2612 336 2647 get
361 2610 423 2639 sibi
448 2615 539 2649 nata,
563 2610 643 2640 nihil
662 2618 727 2640 non
750 2613 882 2649 arroget
904 2619 952 2640 ar-

275 2657 359 2687 mis!

320 2707 359 2735 19
382 2705 489 2736 Etiam
513 2706 654 2737 latentem
669 2707 787 2738 Matris
813 2707 847 2737 in
873 2707 955 2747 alvo]

275 2753 376 2794 Apud
412 2753 551 2794 Homer.
583 2754 679 2786 Iliad.
725 2755 954 2797 Agamemnon

1011 2172 1167 2212 praecipit
1180 2173 1335 2204 Menelao
1350 2182 1391 2204 ne
1404 2177 1524 2213 parcat
1540 2172 1693 2213 cuiquam

1009 2221 1244 2261 Trojanorum,
1267 2231 1374 2262 neque
1407 2222 1488 2261 ipsis
1510 2221 1694 2253 infantibus

1009 2275 1161 2301 materno
1177 2274 1273 2301 utero
1289 2270 1434 2300 inclusis.

1050 2322 1089 2350 21
1115 2319 1162 2350 Ni
1191 2320 1252 2350 tuis
1279 2320 1390 2359 victus,
1419 2319 1487 2359 ξω]
1509 2319 1631 2359 Apollo
1657 2323 1692 2351 et

1007 2368 1120 2398 Venus
1133 2368 1283 2408 Trojanis
1297 2367 1448 2399 faventes
1465 2368 1554 2408 apud
1573 2368 1692 2400 Jovem

1007 2417 1253 2456 supplicarunt,
1282 2421 1330 2452 ut,
1362 2417 1516 2457 quonium
1550 2417 1584 2447 in
1613 2416 1691 2448 fatis

1006 2469 1079 2495 erat
1094 2465 1225 2503 Trujam
1253 2464 1415 2500 exscindi,
1432 2465 1545 2496 saltem
1562 2474 1694 2504 perem-

1009 2518 1043 2544 to
1070 2513 1266 2544 inexorabili
1282 2512 1425 2552 Achille,
1450 2513 1566 2544 liceret
1582 2514 1690 2545 AEneae

1008 2571 1047 2592 ac
1063 2561 1158 2592 sociis
1170 2562 1294 2602 aliquot
1310 2571 1328 2592 e
1339 2562 1534 2593 Graecorum
1547 2563 1690 2594 evadere

1007 2610 1170 2647 manibus,
1198 2615 1296 2650 atque
1325 2619 1443 2641 novam
1474 2616 1607 2650 gentem
1637 2622 1690 2642 ur-

1007 2660 1147 2700 bemque
1170 2658 1312 2690 feliciori
1336 2660 1473 2698 augurio
1495 2659 1638 2690 condere
1655 2660 1690 2692 in

1006 2708 1116 2739 ltalia.
1160 2707 1247 2738 Vide
1270 2708 1400 2740 AEneid.
1424 2718 1449 2740 1.
1475 2710 1550 2740 233.
1567 2713 1688 2750 etseq.

1008 2766 1055 2789 vs.
1071 2759 1144 2788 260.
1159 2760 1194 2788 et
1209 2765 1277 2797 seq.
