1956 3236
336 258 420 300 842
794 274 838 311 Q.
870 272 1074 302 HORA'ru
1116 271 1292 301 macer

337 363 595 416 Impositum
616 367 736 406 saxis
751 366 840 404 late
859 362 1141 403 candentibus
1162 363 1331 404 Anxur.

337 428 441 469 Huc
462 434 664 470 venturus
681 434 771 468 erat
788 427 1028 475 Maecenas,
1048 428 1238 480 optimus
1258 434 1390 481 atque

335 494 576 543 Cocceiu53
607 494 729 534 missi
748 493 912 544 magnis
932 492 987 532 de
1008 493 1139 532 rebus
1160 498 1336 547 uterque

334 559 504 611 Legati,
525 571 700 599 aversos
719 557 839 598 soliti
860 570 1123 610 componere
1143 560 1320 600 amicos.

335 624 426 665 Hic
448 624 586 663 oculis
607 635 688 674 ego
709 623 830 675 nigra
847 623 955 663 meis
975 623 1159 677 collyria
1178 625 1325 678 lippus
1699 626 1755 666 30

333 689 522 729 Illinere.

580 688 749 729 Interea
771 688 992 730 Maecenas
1008 689 1202 739 advenit,
1224 695 1355 743 atque

335 754 560 802 CocceiuS,
579 753 825 808 Capitoque
846 756 974 796 simu]
995 755 1220 806 Fonteius,
1242 755 1300 797 ad
1319 769 1507 809 unguem

335 819 497 859 Factus
515 818 659 869 homo,
680 819 856 869 Antoni,
877 833 962 862 non
981 827 1031 862 ut
1045 823 1184 873 magis
1199 822 1318 870 alter,
1341 823 1520 863 amicus.

335 883 514 924 Fundos
535 884 714 926 Aufidio
734 885 881 927 Lusco
899 886 1093 927 Praetore
1116 887 1296 928 libenter

329 999 473 1029 passuum
485 991 582 1023 millia
592 1003 602 1023 .·
613 1003 648 1023 αι·
660 994 849 1032 pervenimus
861 994 973 1024 Anxur
986 997 1176 1025 exstructum
1190 1003 1280 1034 super
1294 1003 1383 1034 rupes
1397 993 1513 1026 eminus
1526 996 1704 1034 apparentes
1719 993 1755 1023 ob

332 1033 501 1063 candorem.
544 1033 624 1064 Illuc
637 1034 781 1065 debebant
795 1036 956 1066 convenire
969 1035 1101 1074 optimus
1116 1035 1271 1066 Maecenas
1286 1039 1376 1075 atque
1393 1036 1544 1073 Cocceius,
1558 1036 1656 1074 legati
1669 1035 1756 1065 ambo

331 1074 371 1103 od
386 1074 510 1112 negotia
523 1075 609 1105 missi
620 1077 825 1115 gravissima;
847 1080 979 1107 ceterum
991 1077 1105 1107 assueti
1117 1077 1311 1107 reconciliare
1325 1077 1436 1107 amicos
1449 1077 1642 1107 abalienatos.
1687 1075 1758 1106 ulie

331 1124 387 1153 ego
400 1115 560 1155 lippientes
573 1118 672 1148 oculos
685 1117 809 1158 collyrio
822 1117 942 1148 inunxi.
987 1117 1120 1148 Interim
1141 1118 1265 1148 accessit
1279 1118 1434 1148 Moecenas
1454 1121 1485 1148 et
1506 1117 1662 1155 Cocceius,
1681 1126 1758 1147 una-

332 1165 388 1195 que
402 1157 549 1188 Fonteius
565 1159 675 1198 Capito
689 1159 739 1189 vir
752 1160 793 1189 ad
802 1158 1077 1198 amministrans,
1099 1159 1147 1190 ita
1158 1159 1312 1197 gratiosus
1326 1158 1461 1189 Antonio
1485 1162 1519 1189 nt
1543 1167 1629 1189 nemo
1649 1158 1758 1196 magis.

332 1196 445 1237 Sponte
471 1200 655 1231 deservimus
671 1200 806 1240 Fundos,
828 1199 880 1231 ubi
901 1199 1026 1231 Praetor
1049 1204 1116 1231 erut
1132 1199 1275 1242 Aufidius
1299 1199 1424 1240 Luscus,
1444 1199 1615 1231 deridente«
1634 1208 1759 1230 munera

937 1281 1169 1295 “W‘'

331 1336 362 1364 7.
386 1337 458 1365 tunc
477 1337 592 1374 pransi.

647 1337 743 1368 Harl.
768 1339 800 1368 2.
816 1339 847 1368 3.
861 1340 892 1368 4.
908 1340 940 1368 6.
953 1340 986 1368 7.
1013 1343 1049 1368 et
1078 1336 1155 1368 edd.
1182 1340 1265 1367 vett.
1295 1336 1359 1367 tria
1380 1335 1623 1375 femimam—29
1643 1334 1654 1352 ⁴
1670 1333 1757 1364 Tres

332 1375 428 1407 codd.
442 1378 583 1408 adversos
598 1377 733 1417 habent,
748 1378 836 1419 quod
860 1379 939 1409 mihi
955 1388 1036 1410 sane
1061 1378 1167 1418 magis
1185 1378 1310 1417 placet,
1326 1381 1362 1407 et
1377 1386 1452 1407 cum
1469 1377 1570 1407 verbo
1585 1385 1758 1415 componere

978 1459 1116 1492 NOTAE

331 1522 436 1554 millia
451 1520 658 1552 confecimus
681 1522 772 1553 lento
794 1522 928 1562 quidem
946 1532 1019 1563 gra-

331 1570 389 1610 du,
414 1575 484 1601 tum
510 1576 651 1611 propter
678 1571 841 1602 stomachi
865 1573 1021 1611 repletio-

330 1628 420 1657 nem,
437 1628 512 1650 cum
534 1619 578 1650 ob
600 1620 749 1650 locorum
771 1620 1016 1660 acclivitatem3

331 1667 629 1707 contendimusque
646 1666 778 1700 Anxur.

371 1719 413 1746 26
435 1715 566 1755 Anxur]
597 1715 685 1746 Urbs
713 1717 784 1748 haec
815 1716 919 1756 Latii,
947 1722 1021 1757 post

330 1765 423 1797 dicta
446 1765 641 1804 Tarracina,
663 1766 740 1796 colli
763 1770 799 1797 et
821 1775 899 1797 saxo
913 1766 1020 1807 impo-

331 1814 410 1852 sita,
421 1814 504 1844 mari
522 1813 694 1854 Tyrrheno
717 1815 883 1846 imminet.
928 1815 1020 1846 Olim

331 1861 433 1893 etiam
448 1861 620 1892 Thrachne
637 1863 820 1903 appellata,
831 1863 874 1894 ab
891 1864 1016 1904 asperi-

331 1914 403 1941 tate
419 1910 498 1941 loci.

370 1961 411 1990 2⁷
431 1958 589 1998 Cocceius]
607 1959 767 1989 Cocceius
779 1959 906 1999 Nerva,
919 1969 1016 2004 prqa-

330 2017 392 2039 vus
409 2009 532 2040 Nervae
547 2007 776 2048 Imperatoris,
789 2013 862 2039 erat
877 2009 1016 2040 illustris

329 2057 608 2094 Jurisconsultus,
622 2060 772 2087 ceterum
788 2056 943 2098 Augusto
959 2067 1017 2098 pa·

331 2107 414 2139 riter
428 2112 529 2148 atque
545 2107 692 2139 Antonio
708 2107 885 2147 gratiosus.

372 2157 468 2188 Missi
489 2157 610 2196 magnis
637 2157 674 2188 de
695 2156 784 2188 rebus
809 2160 935 2198 uterque
958 2158 1019 2189 Le·

329 2205 415 2246 goti]
438 2205 523 2236 Inde
539 2207 626 2237 enim
644 2215 711 2246 pax
733 2206 874 2246 Imperii
889 2212 926 2238 et
943 2207 1018 2238 Rei·

332 2257 476 2298 publieae
493 2257 652 2288 Romauae
668 2256 851 2296 pendebat.
889 2257 943 2289 Ilii
960 2257 1018 2288 ad-

330 2314 444 2336 versos
466 2304 636 2336 exercitus
658 2314 762 2344 prope
783 2305 1020 2346 Brundusium,

331 2354 461 2385 sancito
473 2353 654 2394 foedere‚in
667 2363 732 2384 una
744 2354 885 2394 coiigere
897 2360 1021 2387 castra.

333 2402 482 2434 Antonio
508 2411 588 2432 vero
612 2402 645 2432 in
672 2403 918 2434 matrimonium
941 2404 1020 2437 data

333 2452 477 2483 Octavia
495 2450 637 2491 Augusti
651 2460 756 2482 soror·
784 2452 852 2484 Tit.
868 2453 940 2484 Liv.
958 2454 1017 2485 lib.

334 2509 473 2533 cxxvii.
497 2499 644 2540 Appian.
665 2500 723 2531 lib.
740 2509 775 2532 v.
797 2501 934 2534 Sueton.
950 2503 1019 2534 Oc-

334 2555 491 2590 tav.cap.
510 2552 560 2580 1⁷.

373 2601 416 2630 8⁰
433 2598 585 2639 Collyria]
601 2598 782 2630 Oculorum
799 2598 1020 2632 medicamen-

334 2650 383 2686 ta,
398 2650 532 2687 proprie
555 2645 701 2677 σποδιακὰ
722 2650 757 2677 et
778 2646 898 2687 τέφρια,
913 2649 955 2679 ob
975 2649 1021 2680 ci-

334 2704 472 2726 nereum
494 2696 658 2727 colorem:
680 2696 769 2727 unde
786 2697 947 2728 Horatius
965 2707 1019 2728 vo-

335 2749 391 2776 cat
406 2743 509 2783 nigra.
534 2745 666 2777 Comei.
677 2745 767 2776 Cels.
781 2754 829 2777 νι.
845 2750 876 2778 6.
890 2746 971 2787 παρὰ
982 2747 1020 2777 τὸ

1071 1521 1201 1554 κωλύειν
1214 1521 1251 1552 τὸ
1263 1521 1343 1562 ῥοῦν,
1355 1521 1396 1552 ab
1407 1519 1587 1552 inhibenda
1599 1518 1765 1557 fluxione,

1073 1571 1201 1602 dictum
1224 1571 1338 1600 volunt
1360 1569 1540 1609 collyrion:
1564 1568 1624 1598 sed
1639 1569 1759 1599 multos

1073 1620 1172 1650 etiam
1189 1619 1270 1649 alios
1285 1618 1326 1648 ud
1344 1627 1420 1648 usus
1432 1616 1620 1648 adhibetur.

1113 1669 1154 1697 32
1173 1666 1283 1706 Capito
1299 1664 1458 1705 Fonteius]
1476 1663 1578 1695 Hunc
1593 1663 1662 1695 Dio
1675 1663 1760 1695 Cou-

1073 1716 1178 1746 sulem
1195 1724 1270 1747 cum
1288 1713 1494 1746 Germanico
1510 1712 1612 1744 fuisse
1631 1713 1759 1745 scribit.

1073 1765 1188 1796 Livius
1203 1769 1239 1796 et
1253 1763 1429 1805 Appianns
1444 1772 1487 1795 ex
1503 1762 1641 1794 Antonii
1664 1766 1759 1803 parte

1074 1814 1274 1852 Pollionem,
1298 1822 1339 1843 ex
1365 1812 1511 1852 Augusti
1535 1811 1759 1843 Maecenatem

1072 1863 1238 1894 duntaxat
1261 1863 1379 1893 missos
1401 1861 1564 1902 referunt,
1582 1870 1658 1892 cum
1675 1862 1759 1893 coc-

1070 1911 1144 1942 ceio
1159 1911 1312 1952 quidem
1339 1910 1462 1941 nuliam
1483 1919 1563 1942 vero
1584 1910 1758 1951 Capitonis

1068 1959 1197 1993 faciunt
1211 1961 1426 1992 mentionem.

1102 2011 1154 2041 Ad
1165 2019 1297 2049 ung-uem
1311 2009 1426 2040 Factus
1435 2009 1536 2050 homo]
1553 2008 1692 2041 Eximiis
1701 2008 1760 2040 do-

1070 2057 1160 2088 tibus
1191 2058 1240 2088 vir
1268 2057 1509 2089 ornatissimus.
1554 2058 1708 2098 Metaph.
1739 2067 1760 2088 a

1069 2106 1306 2146 marmorariis,
1320 2106 1378 2147 qui
1396 2105 1578 2138 laevitatem
1601 2110 1638 2138 et
1658 2106 1760 2147 junc-

1070 2162 1163 2188 turas
1192 2157 1370 2196 explorant
1400 2155 1606 2196 superducto
1635 2165 1757 2197 ungue.

1072 2205 1161 2237 Hinc
1187 2206 1282 2236 Pers.
1307 2206 1380 2236 Sat.
1395 2214 1420 2236 1.
1435 2208 1486 2236 65.
1508 2205 1518 2222 ‘
1536 2207 1572 2235 ut
1590 2213 1651 2244 per
1671 2204 1758 2235 laeve

1071 2264 1203 2288 severos
1220 2253 1378 2285 Effundat
1389 2254 1550 2294 junctura
1564 2252 1713 2292 uugues.'

1114 2306 1155 2336 34
1180 2303 1302 2335 Fundos
1315 2301 1452 2343 Aufidio,
1465 2299 1534 2341 asa]
1559 2299 1685 2332 Fundis
1699 2300 1758 2332 mi-

1072 2353 1159 2384 nime
1183 2349 1378 2382 commorati
1405 2358 1528 2386 sumus,
1547 2347 1607 2380 sed
1622 2349 1759 2389 prandi-

1073 2411 1145 2433 mus
1175 2404 1327 2437 tantum;
1361 2402 1480 2438 postea
1506 2396 1653 2429 Formias
1683 2407 1758 2439 pro-

1072 2451 1189 2492 gressi.
1204 2449 1260 2480 nbi
1274 2446 1555 2488 pernoctavimus.
1753 2485 1759 2489 η

1115 2497 1253 2538 Fundos]
1268 2495 1441 2537 Oppidum
1451 2495 1512 2526 hoc
1525 2495 1558 2526 in
1572 2495 1625 2526 vin
1634 2495 1759 2536 Appia.

1073 2549 1170 2581 initio
1193 2546 1287 2588 regni
1303 2544 1532 2585 Neapolitani,
1545 2545 1759 2577 Tarracinam

1075 2598 1165 2630 inter
1188 2599 1224 2627 et
1247 2595 1395 2626 Formias
1412 2592 1571 2630 medinm,
1584 2592 1625 2623 ad
1641 2592 1759 2624 decem

1073 2646 1146 2678 fere
1177 2654 1265 2685 pass.
1287 2644 1367 2674 mill.
1390 2642 1466 2673 vino
1492 2650 1654 2682 generoso
1669 2643 1757 2673 cele-

1074 2697 1202 2728 brat-nr.

1115 2743 1238 2786 Aufidio
1262 2742 1357 2773 Lusco
1383 2739 1537 2781 Praetore]
1562 2740 1696 2772 Praetor
1709 2738 1757 2770 di-

1942 2062 1956 2096 -sm
1953 2049 1956 2056 .
1941 1982 1956 2042 <or-t·
1942 1952 1953 1975 ν·
1945 1943 1947 1945 ·
1936 1731 1956 1936 ςήηῃῑ-μιιτὶῡὲ*
1939 1694 1953 1724 γε.
1943 1674 1947 1683 «κ
1941 1630 1950 1667 ω.»
1939 1599 1950 1623 <ze
1940 1559 1941 1562 „
1947 1525 1949 1530 ,

1947 2523 1956 2534 ,-
1943 2506 1956 2514 .=
1929 2354 1956 2499 ..e-*asma
1937 2302 1941 2308 ⁴
