1904 3256
653 309 844 340 EPODnN

878 309 1045 342 mnER.
1484 302 1570 344 669

348 405 435 447 Per
453 407 534 447 hoc
554 405 683 446 inane
698 417 904 460 purpurae
923 404 1062 447 decus
1082 417 1255 459 precor,

405 471 493 513 Per
510 473 856 526 improbaturum
876 471 974 512 haec
993 470 1023 512 J
1027 484 1169 522 ovem,

350 537 470 588 Quid
491 542 541 579 ut
559 550 754 579 noverca
773 551 842 579 me
863 539 1062 589 intueriS,
1084 544 1162 580 aut
1184 540 1246 581 uti

407 605 557 647 Petita
575 605 686 646 ferro
706 605 888 647 bellua?

1517 608 1570 648 10

349 670 415 713 Ut
434 672 531 713 haec
552 675 760 713 tremente
781 676 963 726 questus
983 685 1056 714 ore
1077 673 1278 715 constitit

402 738 654 792 Insignibus
669 741 808 794 raptis
825 752 949 794 puer,

348 806 536 859 Impube
556 819 732 860 corpus,
754 806 888 860 quale
908 810 1062 860 posset
1080 807 1219 861 impia

404 873 578 915 Mollire
597 874 820 915 Thracum
840 876 1047 927 pectora3

349 938 554 988 Canidia,
573 940 776 982 brevibus
796 938 1024 994 implicata
1045 940 1209 995 viperis

1519 945 1574 986 15

404 1006 557 1049 Crines
579 1011 623 1049 et
641 1007 880 1050 incomtum
905 1012 1059 1062 caput,

347 1072 379 1115 J
381 1074 488 1115 ubet
504 1074 718 1128 sepulcris
738 1074 971 1128 caprificos
993 1077 1156 1126 erutas,

406 1139 436 1180 J
440 1140 544 1182 ubet
562 1152 802 1194 cupressus
818 1140 1041 1191 funebres,

125 1282 200 1304 num
225 1274 313 1306 istud
333 1274 459 1314 insigne
483 1284 642 1316 purpura,
663 1285 720 1316 per
741 1276 851 1306 Jovem
879 1274 958 1307 talia
978 1277 1264 1317 condemnaturum,
1286 1287 1380 1318 quare
1399 1287 1448 1310 me
1466 1277 1579 1319 aspicis

125 1315 218 1356 quani
241 1326 382 1358 marca,
402 1319 450 1348 uel
468 1321 505 1349 at
517 1318 594 1355 sera
614 1318 675 1349 telo
696 1318 842 1358 confixa?

125 1359 278 1398 qnenlae,
288 1360 480 1391 emanantis
492 1363 606 1391 extans
619 1364 675 1391 eu.

884 1318 1058 1358 Postquam
1069 1329 1147 1360 puer
1168 1329 1219 1351 ore
1233 1320 1404 1360 trepidanti
1418 1320 1474 1352 has
1486 1321 1580 1359 fudit

723 1361 843 1400 Corpus
855 1363 924 1408 erat
938 1361 1006 1408 eine
1018 1362 1106 1401 pube,
1123 1364 1204 1402 qnod
1225 1365 1326 1401 posset
1340 1361 1472 1401 flectere
1485 1364 1579 1394 corda

126 1400 282 1432 Thra-un
291 1400 428 1438 semeia.
477 1400 554 1432 Tum
569 1400 703 1432 Canidia
726 1401 852 1440 exiguis
874 1410 991 1440 viperis
1015 1403 1167 1442 implexos
1188 1403 1302 1434 habene
1325 1404 1453 1442 capillos
1476 1407 1508 1435 et
1529 1404 1579 1434 in-

76 1468 80 1472 .
125 1443 322 1482 con-podium
344 1446 449 1484 caput,
477 1444 604 1474 nuntiat
627 1442 789 1484 caprificos
823 1443 946 1474 evulsas
973 1444 1114 1482 tumulis,
1142 1446 1271 1476 mandat
1299 1445 1421 1483 ferales
1453 1455 1577 1486 cupres-

886 1537 966 1549 me

124 1592 147 1622 9
168 1587 312 1622 Mediol.
327 1592 423 1624 1477.
437 1601 485 1624 me
500 1592 696 1623 ἐπαΐω-11
721 1591 731 1609 ‘
744 1591 812 1624 Ant
826 1593 891 1624 haec
905 1594 1052 1625 trementi
1066 1593 1192 1626 habent
1207 1598 1377 1636 quotquot
1393 1593 1460 1625 vidi
1478 1594 1580 1626 codd.

123 1635 163 1664 et
176 1631 376 1665 Priscianus
392 1644 426 1674 p.
440 1636 516 1666 707.
537 1634 679 1674 legerim
695 1638 810 1666 tamen
833 1636 970 1676 potius:
1001 1637 1046 1668 Ut
1067 1636 1133 1667 hoec
1157 1640 1318 1675 tremente,
1339 1641 1378 1667 ut
1403 1646 1508 1677 purus
1535 1637 1581 1669 sit

124 1674 284 1708 Iambus:
305 1676 415 1709 Βοιαὶ.
458 1680 608 1709 tremente
623 1677 750 1709 habent
765 1677 864 1708 Harl.
883 1681 913 1709 l.
928 1680 960 1709 2.
976 1681 1007 1710 3.
1021 1682 1053 1710 4.
1067 1682 1100 1710 6.
1115 1679 1242 1710 Sauad.
1259 1679 1412 1714 Francia
1427 1679 1579 1718 Towers,

125 1717 268 1751 wetzel.
279 1718 413 1751 Wakef.
426 1719 546 1751 Comb.
559 1725 596 1750 et
611 1719 806 1751 Kidd.--12
822 1721 832 1738 ⁸
846 1720 948 1751 Liber
957 1721 1107 1760 optimus
1113 1721 1206 1762 pueri
1219 1720 1315 1761 legit,
1326 1721 1580 1762 ascriptumque

124 1758 240 1800 iubet,
260 1761 271 1779 ‘
279 1762 371 1802 pueri
384 1762 512 1802 Impube
525 1772 635 1802 corpus
658 1771 720 1802 pro
744 1762 901 1803 impubes
926 1766 1030 1803 puer.'
1073 1762 1105 1794 A
1125 1772 1188 1804 qua
1204 1763 1352 1794 lectione
1368 1772 1435 1794 non
1451 1772 1506 1794 me
1522 1763 1580 1794 de-

125 1807 235 1835 terret
249 1804 390 1844 syllabae
407 1805 496 1836 ratio
510 1815 519 1842 ;
541 1815 602 1836 cur
618 1805 704 1836 euim
719 1806 810 1845 pueri
825 1814 891 1836 non
907 1815 1004 1846 aeque
1018 1805 1225 1847 dissyllabon
1242 1815 1316 1837 esse
1332 1810 1436 1847 queat
1451 1815 1492 1836 ac
1516 1810 1526 1824 ‘
1541 1805 1580 1836 fi-

125 1842 203 1886 dei,'
216 1844 228 1863 ‘
242 1845 428 1887 Pompeii,'
444 1851 480 1878 et
491 1847 612 1878 similia
625 1847 637 1878 ἓ
661 1847 719 1878 sed
733 1847 901 1888 praecedit
912 1847 1061 1888 questus!
1081 1849 1330 1880 Torrent.—18
1345 1848 1441 1879 Jubet
1455 1857 1579 1888 cupres-

123 1894 173 1918 ιω
188 1888 339 1920 nonnulli
354 1888 455 1921 codd.
470 1894 506 1922 et
521 1889 598 1922 edd.
616 1895 699 1922 vett.
721 1890 756 1921 J.
779 1899 936 1931 cupressus
959 1894 1029 1922 tres
1046 1890 1166 1932 optimi
1183 1890 1284 1923 codd.
1299 1890 1484 1931 Torrentii‚
1496 1891 1578 1922 Vet-

775 1991 917 2024 NOTAE

167 2053 189 2082 *1
211 2051 309 2084 Inane
319 2062 466 2093 purpure
479 2053 585 2095 decus]
608 2054 747 2096 Quippe
757 2065 823 2096 quo

126 2109 193 2133 non
215 2100 436 2134 deterremini
465 2105 507 2135 ab
537 2103 716 2136 inferenda
742 2105 824 2137 mihi

127 2159 226 2183 nece.
239 2163 246 2175 τ

169 2202 191 2231 8
213 2200 465 2241 Improbaturum
479 2201 545 2233 hoec
557 2203 682 2244 Jovem]
715 2204 746 2236 A
767 2204 823 2245 ju-

128 2248 238 2282 vando
251 2249 392 2292 Jupiter
414 2252 537 2293 dietus,
560 2254 724 2286 scelerum
752 2256 823 2286 vin-

127 2297 195 2331 dex
209 2303 263 2331 est
276 2300 436 2332 omnium.

170 2351 212 2382 12
222 2348 406 2390 Insignibus
413 2352 531 2395 raptis]
543 2354 724 2387 Detractis
737 2366 823 2398 prae-

128 2402 227 2432 texta
249 2405 286 2432 et
305 2400 412 2442 bulla,
427 2412 504 2444 quae
520 2404 708 2436 nobilitatis
724 2415 763 2437 ac
780 2416 824 2438 ae-

128 2449 210 2482 tatis
222 2449 320 2483 istius
337 2457 435 2484 erant
448 2453 608 2496 insignia,
626 2456 739 2488 Custos
750 2466 826 2497 pm·-

127 2507 438 2548 puannncapatur
454 2514 474 2535 a
489 2504 611 2537 Persio
627 2506 700 2538 Sat.
722 2516 754 2539 v.
770 2510 825 2539 30.

131 2550 244 2592 ‘quod
266 2557 436 2592 praetexta
460 2554 694 2588 infirmitatem
711 2559 825 2598 pueri-

132 2597 192 2630 tim
205 2607 335 2632 ueram
349 2600 423 2634 fieri
437 2607 472 2635 et
487 2606 740 2646 venerabilem,’
759 2616 826 2637 non

133 2657 232 2679 secu·
246 2657 286 2681 ae
297 2652 510 2685 sacerdotem
524 2656 674 2688 vestibus
689 2656 756 2687 suis
770 2666 826 2687 ex-

134 2697 323 2730 istimarent
337 2705 482 2743 veteres,
497 2708 586 2736 teste
602 2705 826 2738 Quintiliano.

134 2747 189 2779 Ex
211 2746 367 2780 Macrob.
391 2749 560 2784 Saturnal.
585 2765 609 2786 1.
623 2758 655 2787 6.
684 2757 827 2798 Tarqui-

135 2796 210 2828 nius
225 2795 364 2828 Priscus
387 2798 534 2834 instituit
556 2811 762 2843 praetextam
786 2807 828 2838 si-

137 2847 207 2879 mul
223 2852 258 2879 et
274 2845 398 2879 bullam
416 2850 524 2882 cordis
539 2852 651 2894 effigie
667 2856 754 2888 collo
770 2866 828 2898 ap-

877 2056 982 2097 pendi
998 2057 1144 2098 solstam,
1156 2067 1223 2099 qua
1239 2057 1337 2099 pueri
1352 2058 1362 2075 ‘
1375 2056 1478 2089 corde
1491 2066 1580 2098 prae-

878 2105 991 2137 stare'
1015 2111 1254 2139 monerentur:
1279 2112 1386 2148 utque
1406 2107 1416 2124 ‘
1430 2115 1579 2138 commu-

878 2155 968 2188 niret
997 2161 1118 2197 pectus
1149 2156 1307 2198 puerile,’
1337 2156 1448 2199 inquit
1474 2155 1581 2188 Asco-

878 2205 965 2237 nius.
990 2207 1097 2238 Plura
1111 2206 1154 2238 de
1167 2207 1243 2238 istis
1258 2207 1419 2239 annotavi
1432 2205 1476 2237 ad
1493 2216 1582 2247 prae·

879 2255 1007 2288 dictum
1030 2256 1143 2289 Persii
1164 2257 1290 2296 locum,
1313 2262 1350 2289 et
1365 2256 1409 2289 ad
1423 2255 1581 2289 Juvenal.

880 2305 952 2338 Sat.
972 2315 1006 2338 v.
1022 2309 1098 2338 164.

923 2360 963 2388 13
981 2357 1109 2399 Impube
1123 2358 1248 2399 corpus]
1271 2357 1433 2390 Nondum
1450 2357 1583 2388 scilicet

880 2408 1044 2449 adeptum
1060 2419 1166 2441 annos
1181 2410 1293 2441 aetatis
1313 2407 1581 2451 quatuordecim,

879 2457 1034 2500 adeoque
1049 2459 1122 2490 sine
1140 2459 1243 2500 pube,
1259 2460 1333 2490 sine
1352 2458 1440 2499 pilis.

923 2511 962 2540 14
989 2508 1157 2549 Thracum]
1181 2509 1248 2542 Qui
1274 2507 1410 2539 barbari
1426 2509 1461 2537 et
1484 2505 1582 2536 inhu-

879 2559 971 2590 mani
988 2559 1097 2589 valde.
1143 2559 1232 2589 Vide
1251 2567 1277 2588 1.
1295 2558 1362 2588 Od.
1380 2558 1434 2587 18.

924 2612 963 2640 15
989 2608 1152 2649 Implicata
1172 2607 1304 2648 viperis]
1339 2606 1516 2636 Furiarum
1533 2606 1581 2637 in-

880 2661 964 2689 star.

925 2708 963 2737 17
990 2705 1176 2748 caprificos]
1214 2706 1406 2747 Sylvestres
1435 2704 1518 2736 ficus
1546 2710 1582 2736 et

881 2756 1034 2797 cupressi
1051 2757 1188 2787 arbores
1205 2761 1283 2787 sunt
1306 2754 1449 2787 funestae
1472 2760 1508 2787 et
1532 2755 1581 2787 fe-

881 2807 982 2839 rales.
1029 2807 1117 2838 Vide
1134 2815 1174 2838 11.
1193 2806 1261 2838 Od.
1279 2808 1331 2837 14.

925 2858 1061 2898 Erutas]
1094 2857 1170 2889 Nec
1195 2857 1284 2888 enim
1315 2857 1496 2898 amputari,
1523 2856 1582 2888 sed
