1890 3256
613 286 892 319 SERMONUM
928 287 1021 319 mn.
1056 288 1106 319 η.
1137 278 1182 320 6.
1516 275 1628 318 1027

181 384 398 427 Matutine
415 395 570 438 pamm
591 385 746 424 cautos
761 381 858 436 jam
876 382 1039 436 frigora
1057 381 1284 424 mordent:

181 453 239 494 Et
258 465 361 507 quae
380 452 544 493 rimosa
560 452 672 492 hene
694 450 1037 504 deponuntur-in
1059 462 1177 491 aure.

182 520 270 561 Per
289 523 427 560 totum
444 518 530 559 hoc
551 520 728 572 tempus
748 517 999 570 subjectior
1014 517 1058 558 in
1080 516 1196 558 diem
1210 521 1256 558 et
1272 516 1434 557 horam·

180 585 383 628 Invidiae.
440 582 606 625 Noster
623 582 752 624 ludos
773 587 1050 637 spectaverat
1068 596 1185 636 una3

182 652 371 693 Luserat
389 650 434 692 in
455 661 616 704 campo
635 662 648 703 ;
679 649 885 691 Fortunae
902 650 1022 691 filius
1039 665 1050 703 ;
1082 663 1247 692 omnes.

180 718 386 773 Frigidus
406 730 434 759 a
453 716 631 759 Rostris
653 720 805 758 manat
825 729 906 770 per
925 718 1120 772 compita
1137 730 1307 759 rumor:
1573 719 1631 760 50

180 785 462 839 Quicumque
482 783 643 827 obvius
665 787 748 834 est,
767 797 838 825 me
857 784 1068 835 consulit;
1097 783 1133 832 ῚῘ
1148 783 1188 825 Ο
1209 785 1339 835 bone,
1358 783 1483 839 (nam
1503 788 1544 826 te

179 852 318 903 Scire,
339 851 464 894 Deos
485 851 695 906 quoniam
718 851 906 905 propius
927 851 1162 904 contingis,
1185 850 1404 906 oportet,)

174 990 242 1020 cius
255 992 340 1022 estne
347 1000 407 1032 pur
422 990 527 1032 Syro?
569 988 793 1028 Imutoejam
807 990 940 1030 stringit
945 990 1057 1029 frigus
1071 990 1283 1028 matufinum3
1298 993 1328 1021 ei
1339 989 1454 1021 similia
1469 999 1536 1030 quae
1551 998 1630 1020 com·

177 1032 264 1064 mitta·
277 1036 390 1072 queant
402 1033 530 1065 auribus
548 1032 780 1074 perfluentibus.
827 1033 954 1064 Exinde
967 1042 1040 1064 vero
1055 1033 1157 1072 magis
1171 1043 1207 1064 ac
1222 1033 1324 1072 magis
1337 1031 1487 1063 obnoxius
1502 1032 1631 1062 invidiae

166 1074 236 1111 sui·
269 1074 371 1107 Aiunt
382 1075 541 1116 plerique:
566 1075 685 1106 Noster
702 1074 949 1115 Fortunoefllius
963 1075 1050 1106 ludos
1066 1075 1219 1115 spectavit
1230 1086 1240 1106 :
1258 1075 1291 1105 in
1306 1084 1411 1114 campo
1427 1074 1550 1105 Martio
1564 1082 1630 1104 cer-

179 1116 260 1148 tavit
269 1126 339 1148 cum
351 1117 536 1150 Μαι-επακ.
562 1117 652 1153 Quod
666 1117 696 1147 si
710 1126 726 1148 e
742 1116 866 1148 Rostris
879 1126 935 1157 per
946 1118 1068 1157 plateas
1075 1116 1222 1156 frigidus
1237 1126 1343 1148 rumor
1356 1117 1511 1147 discurrat
1523 1126 1533 1151 ,·
1546 1116 1630 1155 quis-

177 1158 247 1198 quie
264 1159 433 1191 ocean-erit
446 1160 622 1200 interrogat
637 1168 702 1191 me.-
729 1159 758 1190 Ο
785 1159 870 1200 bone,
892 1169 934 1190 απ
957 1160 996 1190 de
1010 1159 1110 1191 Dacis
1130 1160 1251 1200 aliquid
1274 1158 1442 1200 accepisti?
1463 1158 1574 1199 quippe
1601 1160 1631 1187 ta

795 1263 1007 1277 O‘WOO
1012 1264 1030 1277 0

182 1338 287 1371 Threx
305 1339 434 1371 Gauium
456 1339 555 1373 Harl.
567 1342 599 1373 2.
614 1343 735 1373 4.-46
757 1340 835 1373 Duo
851 1341 950 1373 codd.
974 1341 1067 1380 Feae,
1090 1341 1237 1372 rimosam
1250 1362 1259 1371 .
1275 1363 1283 1372 .
1296 1363 1304 1372 .
1315 1349 1433 1372 aurem.
1470 1340 1550 1371 Duo
1575 1338 1632 1370 alii

179 1381 344 1422 ejusdem,
368 1382 583 1422 disponuntur.
639 1383 723 1414 Tres
751 1383 868 1422 etiam,
890 1385 1177 1423 deportatum—48
1200 1383 1278 1413 Duo
1301 1382 1404 1413 codd.
1430 1382 1525 1420 Feoe,
1550 1383 1633 1412 lusos

178 1433 242 1464 pro
255 1424 354 1457 ludos.
390 1424 400 1442 ‘
412 1424 540 1455 Locum
555 1424 720 1455 hactenns
736 1425 824 1455 male
839 1430 1018 1465 acceptum
1033 1425 1082 1456 sie
1097 1425 1175 1465 lego
1188 1430 1222 1455 et
1239 1423 1412 1464 distinguo
1425 1433 1434 1454 :
1453 1423 1516 1454 Per
1531 1426 1632 1453 totum

176 1466 234 1497 hoc
245 1469 362 1507 tempus
374 1465 540 1505 subjectior
554 1466 588 1497 in
602 1465 684 1497 diem
698 1469 728 1497 et
743 1466 850 1497 horam
868 1467 1002 1498 Invidia
1015 1471 1120 1498 noster
1129 1477 1139 1497 :
1162 1467 1250 1497 ludos
1262 1465 1449 1506 spectaverit
1464 1475 1543 1496 una:
1568 1464 1633 1495 Lu-

177 1509 254 1539 serit
268 1508 303 1539 in
314 1517 421 1549 cumpo
432 1518 443 1539 .·
467 1507 725 1550 Fortunoefilius‚
741 1518 855 1540 omnes.
899 1509 1062 1540 Ceterum
1086 1517 1148 1549 pro
1173 1511 1379 1549 spectaverat.
1394 1507 1542 1546 Luserat,
1556 1516 1630 1547 quae

177 1549 214 1581 in
229 1550 378 1590 vulgatis
394 1550 557 1582 hactenns
579 1550 813 1587 obtinuerunt,
830 1552 1041 1592 reposuimus
1056 1561 1099 1583 ex
1116 1550 1271 1582 Galeano
1286 1554 1414 1589 nostro,
1428 1549 1632 1580 Lambetha-

177 1601 233 1632 no,
246 1596 283 1624 et
297 1592 442 1634 Collegii
465 1593 642 1624 Trinitatis
665 1592 798 1630 codice,
822 1594 1021 1634 spectaverit,
1036 1598 1072 1625 et
1096 1603 1138 1624 ex
1162 1598 1334 1633 postremo
1355 1601 1483 1630 eorum,
1496 1591 1634 1622 Luserit.

179 1633 284 1666 Ludos
297 1635 482 1675 spectaverit
497 1643 571 1674 una,
586 1635 650 1666 hoc
666 1639 732 1675 est,
746 1635 786 1666 Si
801 1636 985 1676 spectaverit
997 1646 1009 1673 ,·
1027 1640 1065 1667 ut
1080 1644 1180 1675 supra
1199 1644 1249 1666 vs.
1261 1637 1314 1665 39.
1336 1634 1346 1651 ‘
1362 1633 1514 1671 Dixeris,
1529 1642 1633 1673 expe-

180 1675 271 1712 riar-‚³
295 1685 359 1716 pro
381 1681 390 1696 ¹
403 1677 431 1708 si
445 1677 572 1708 dixeris
584 1676 606 1707 :’
631 1677 789 1711 emen-m.
805 1682 984 1717 sequente,
997 1687 1047 1709 vs.
1060 1679 1112 1708 32.
1134 1678 1143 1694 ‘
1158 1676 1309 1709 Jusserit
1324 1675 1366 1706 ad
1381 1684 1417 1706 se
1435 1674 1634 1713 Maecenas:

179 1727 243 1759 pro
266 1717 497 1759 ‘sijnsserin’
543 1719 680 1758 Omnia,
694 1719 909 1760 opiuor,jam
935 1720 1036 1760 plana
1049 1723 1128 1751 sunt
1142 1723 1176 1750 et
1195 1723 1295 1750 extra
1308 1718 1415 1750 aleam
1433 1717 1631 1749 constituta.

177 1759 332 1792 Aliorum
347 1761 404 1792 hic
427 1762 673 1802 explicationes
698 1762 909 1794 intenebris
933 1761 1176 1802 cespitantium
1203 1770 1307 1801 parco
1331 1760 1528 1800 exagitare:
1557 1764 1632 1790 tute

170 1801 244 1842 jam
260 1801 361 1836 facile
388 1812 450 1844 per
471 1808 507 1836 te
528 1803 666 1844 videris,
694 1809 731 1835 ut
757 1813 872 1836 omnes
897 1804 931 1835 in
958 1813 1100 1835 nervum
1126 1803 1274 1844 deniqne
1299 1801 1502 1843 erumpant!
1526 1802 1633 1833 Ber-tl.

178 1843 375 1877 Bentleium
400 1846 509 1879 secuti
534 1846 680 1887 Cuning.
699 1846 825 1878 Sanad.
852 1845 989 1878 Wakef.
1017 1844 1200 1878 Heindorf.
1218 1850 1254 1877 et
1277 1844 1470 1877 niam—52
1492 1844 1573 1876 Vat.
1596 1849 1631 1875 et

832 1951 976 1984 NOTAE

180 2029 311 2061 Horum
326 2029 500 2070 pugnandi
515 2030 681 2061 rationem
693 2029 876 2062 diversam·

182 2087 248 2120 que
263 2083 464 2110 ematur-am
478 2077 552 2110 fuse
573 2079 742 2119 explicavi
759 2079 800 2110 ad
816 2080 877 2112 Ju-

182 2128 293 2160 venal.
308 2126 380 2160 sat.
395 2137 436 2159 ιι.
452 2130 527 2159 143.
543 2132 579 2159 et
595 2128 666 2159 Sat.
681 2137 764 2159 vm.
778 2131 855 2160 200.

223 2181 265 2210 45
279 2178 440 2210 Matutino
452 2187 563 2218 parum
576 2181 692 2214 cautos,
707 2177 776 2218 &sc-J
791 2178 878 2210 Ver-

182 2228 228 2261 ba
255 2228 330 2260 haec
359 2228 504 2260 innuunt
531 2228 692 2269 scriptam
716 2227 879 2260 Autumni

183 2283 338 2319 tempore
352 2277 439 2310 hanc
455 2278 612 2311 Satiram.

222 2329 266 2360 46
288 2328 334 2359 Et
354 2337 424 2368 quoe
449 2328 578 2368 rimosa,
599 2327 670 2369 &ct-J
698 2329 742 2360 Et
757 2327 878 2360 similia

182 2386 257 2420 quoe
287 2377 524 2419 loquacissimo
559 2378 700 2410 cuilibet
741 2383 878 2418 possunt

181 2427 358 2467 committi,
368 2431 470 2469 atque
485 2427 609 2459 homini
622 2427 749 2458 nullum
766 2437 878 2458 secre-

184 2482 254 2508 tum
270 2476 445 2516 retinenti,
458 2476 519 2508 sed
536 2478 658 2517 passim
677 2477 766 2518 qnod
782 2477 877 2507 audi·

186 2525 236 2557 vit
258 2526 293 2557 in
315 2526 430 2557 obvios
455 2536 604 2569 quosque
627 2528 742 2559 statim
771 2526 878 2558 effun-

189 2576 283 2607 denti
300 2586 309 2607 :
335 2577 444 2617 qualis
473 2577 531 2608 ille
562 2577 652 2619 apud
679 2578 818 2609 Terent.
834 2577 877 2608 de

184 2625 296 2664 seipso
314 2625 524 2665 praedicans:
546 2626 557 2643 ‘
572 2627 700 2659 Plenus
716 2628 876 2659 rimarum

186 2683 279 2706 sum:
301 2674 367 2706 hae
380 2680 481 2715 utque
494 2675 571 2707 illac
586 2676 738 2717 perflum’

229 2726 272 2756 48
284 2723 402 2755 Noster
415 2725 502 2755 ludos
514 2729 703 2764 spectaverat
719 2737 794 2766 una,
804 2726 875 2767 ξω]

184 2772 242 2805 Sic
257 2773 300 2806 de
315 2773 460 2806 Horatio
473 2774 655 2816 loquuntur
668 2776 770 2807 inv-idi
784 2787 792 2807 :
823 2777 876 2808 En

185 2824 243 2855 ille
264 2823 421 2856 Fortunae
435 2823 524 2856 filius
543 2824 640 2864 simul
656 2835 731 2858 cum
746 2827 876 2859 Maece-

931 2035 1012 2062 nate
1038 2030 1136 2062 ludos
1162 2030 1352 2072 spectavit:
1386 2039 1428 2062 en
1454 2039 1531 2062 cum
1556 2031 1632 2072 ipso

930 2081 1012 2112 lusit
1025 2081 1059 2112 in
1070 2090 1190 2122 campo
1207 2080 1355 2113 Martio:
1374 2080 1416 2112 de
1432 2080 1499 2112 hoe
1512 2080 1589 2112 vide
1606 2090 1631 2113 1.

933 2129 1001 2162 Od.
1016 2132 1048 2161 8.
1065 2131 1147 2162 Not.

975 2181 1017 2210 50
1044 2179 1185 2220 Rostris]
1229 2179 1269 2210 In
1295 2178 1371 2210 foro
1402 2178 1502 2210 Rom.
1532 2183 1631 2212 erant

934 2228 1072 2268 Rostra,
1095 2229 1130 2260 id
1156 2233 1222 2268 est,
1245 2233 1442 2269 suggestum
1465 2232 1545 2260 ante
1566 2229 1631 2260 Cu-

932 2278 1014 2309 riam
1031 2278 1212 2310 Hostiliam
1234 2282 1459 2315 exstructum‚
1474 2285 1631 2311 ornatum

931 2336 1014 2359 vero
1043 2327 1180 2359 navium
1209 2327 1328 2359 rostris
1359 2327 1402 2358 ab
1432 2326 1631 2359 Antiatibus

932 2382 1108 2419 captarum
1120 2388 1130 2417 3
1143 2377 1231 2410 unde
1242 2387 1375 2410 nomen·
1391 2378 1465 2409 Liv.
1478 2377 1536 2408 lib.
1549 2386 1632 2409 vui.

931 2428 1040 2459 Varro
1052 2428 1095 2459 de
1113 2428 1151 2459 L.
1164 2429 1202 2460 L.
1218 2428 1277 2459 lib.
1295 2437 1346 2459 iv.
1367 2429 1419 2459 Ex
1435 2437 1477 2458 eo
1493 2427 1567 2457 loco
1584 2427 1630 2458 le-

932 2486 989 2518 ges
1015 2476 1228 2516 ferebantnr,
1244 2483 1280 2508 et
1302 2477 1483 2508 conciones
1506 2476 1548 2507 ad
1573 2486 1633 2516 po-

932 2527 1047 2567 pulum
1062 2527 1295 2559 habebantur:
1311 2526 1411 2557 immo
1426 2526 1527 2566 etjus
1539 2525 1631 2558 dice-

932 2576 1042 2608 batur.

975 2624 1111 2665 Rumor]
1133 2625 1196 2656 Est
1212 2623 1308 2655 sams.
1325 2624 1458 2656 incerta
1480 2625 1551 2657 sine
1574 2635 1631 2657 ca·

930 2677 1016 2718 pite,
1031 2676 1066 2707 id
1090 2681 1155 2715 est,
1170 2676 1243 2707 sine
1266 2681 1417 2707 auctore.
1461 2675 1630 2718 Frigidus]

930 2726 995 2757 Vel
1011 2725 1129 2761 tristis,
1142 2726 1195 2756 vel
1211 2725 1304 2756 levis.

974 2779 1015 2809 52
1034 2775 1133 2816 Deos]
1156 2774 1360 2816 Augustum,
1377 2774 1614 2808 Maecenatem.
