1936 3236
538 284 812 341 cAnuiuuM
849 307 944 339 ms.
977 308 1044 337 ιν.
1073 295 1118 338 4.

1472 294 1558 337 573

324 406 447 458 Quid
473 405 653 454 debeas,
673 417 701 446 o
722 404 884 454 Roma,
907 402 1175 451 Neronibus,

324 473 473 514 Testis
496 471 746 513 Metaurum
764 472 929 515 flumen
947 474 992 512 et
1016 469 1272 512 Hasdrubal

383 540 613 588 DevictuS,
634 542 678 580 et
697 539 879 594 pulcher
895 538 1060 591 fugatis

439 607 522 649 Ille
543 607 640 648 dies
656 606 788 648 Latio
809 605 1015 656 tenebriS,

1505 603 1560 642 40

318 673 420 725 ,Qui
441 676 610 728 primus
632 674 750 715 alma
764 674 863 716 risit
880 673 1059 722 adorea,

99 799 277 832 bonitatem.
325 802 356 832 0
375 801 488 839 Roma,
503 803 652 841 quantum
667 799 778 830 debeas
799 797 979 829 Neronibus
1003 799 1161 828 testantur
1175 797 1342 828 llIetuurus
1362 793 1498 836 fluvius,
1513 796 1563 823 at-

98 851 158 882 que
173 842 356 875 Hasdrubal
364 842 567 885 profligatus,
580 846 610 874 et
619 843 687 874 dies
699 842 753 873 ille
768 841 877 872 Italiae
888 839 1025 880 caligine
1038 840 1168 880 depulsa
1182 840 1290 879 loetus,
1303 837 1356 879 qui
1368 838 1487 878 primus
1499 836 1562 867 vic-

709 926 726 936 o
731 924 949 937 necem

99 980 150 1012 tio
174 980 394 1014 manifestum
422 981 618 1022 glossema)
640 981 817 1013 Juvat—37
844 981 935 1017 Quod
960 979 1070 1012 debeas
1090 977 1374 1011 Helmstad.--38
1397 975 1565 1007 Metaurus

100 1023 194 1064 Lips.
209 1027 242 1056 3.
277 1024 436 1056 Asdrubal
452 1025 487 1056 in
503 1025 616 1065 vulgg.
632 1024 692 1056 sed
721 1023 904 1056 Hasdrubal
919 1022 1152 1055 scribendum.
1196 1021 1287 1052 Vide
1311 1018 1492 1051 Drakenb.
1521 1016 1565 1048 ad

99 1066 162 1099 Sil.
177 1076 202 1099 1.
214 1069 268 1099 39.
293 1068 418 1100 Cellar.
433 1067 597 1108 Ortbogr.
614 1067 691 1099 Lat.
705 1067 759 1099 ed.
776 1067 914 1098 Harles.
927 1070 1009 1097 tom.
1026 1074 1053 1096 1.

1070 1075 1103 1106 p.
1122 1066 1284 1096 loa—39
1300 1061 1452 1094 Recio-tus
1464 1061 1563 1091 Men-

101 1109 244 1142 ἵει-41
269 1108 340 1142 Alt.
358 1113 389 1142 1.
402 1110 486 1151 alba,
500 1120 576 1142 cum
594 1110 695 1151 gloss.
708 1110 889 1142 alnam-42
912 1109 1025 1141 Durus
1046 1107 1200 1140 nonnulli
1211 1105 1395 1138 Torrentii.
1410 1104 1439 1135 it
1454 1112 1516 1145 pro
1531 1105 1566 1133 ut

759 1197 902 1230 NOTAE

146 1265 187 1294 3⁷
213 1263 300 1298 Quid
314 1262 436 1298 debeas,
450 1273 468 1292 o
487 1262 602 1302 Roma,
614 1261 808 1301 Neronibus]

101 1312 244 1344 Scilicet
273 1315 282 1329 ‘
300 1311 463 1343 Claudius
496 1311 594 1342 Nero
623 1310 808 1342 advenien-

104 1366 176 1394 tem
187 1370 232 1391 ex
246 1360 414 1400 Hispanis
434 1369 512 1397 cum
539 1360 734 1400 ingentibus
750 1369 808 1390 co·

103 1412 169 1454 piis
182 1410 448 1449 Hasdrubalem,
459 1409 656 1450 priusquam
673 1408 806 1439 Hanni-

101 1461 170 1494 bali
185 1459 284 1492 fratri
307 1461 588 1502 conjungeretur,
608 1456 808 1499 oppressit!

101 1511 243 1544 Sueten.
255 1510 370 1543 Tiber.
381 1520 460 1551 cap.
472 1513 504 1542 2.
516 1509 726 1550 Opportune
736 1508 810 1550 qui-

103 1561 204 1594 dem:
238 1570 318 1593 nam
345 1565 460 1592 actum
490 1563 566 1591 erat
590 1559 634 1590 de
656 1558 809 1600 Imperio

103 1611 268 1652 Romano,
301 1610 329 1642 si
359 1620 437 1642 cum
473 1609 671 1641 Hannibale
700 1608 809 1640 fratre

100 1671 227 1694 novum
251 1670 292 1693 ac
316 1661 486 1702 integrum
509 1659 702 1692 exercitum
718 1659 808 1691 Has-

105 1711 229 1744 drubal
237 1711 422 1753 junxisset.

150 1761 254 1803 Nero]
277 1761 407 1795 Sabina
423 1770 500 1802 vox,
511 1759 706 1802 significans
723 1763 810 1791 stre-

104 1821 207 1845 nnum
223 1822 264 1844 ac
278 1811 416 1843 fortem.

148 1866 191 1895 38
214 1863 395 1895 Metaurum
403 1861 622 1903 flumen‚85c.]
638 1862 716 1893 Hoc
728 1861 811 1892 Um-

104 1913 190 1946 briae
213 1911 353 1952 flumen,
380 1912 481 1943 hodie
497 1912 618 1953 Metro,
633 1911 762 1942 labitur
776 1910 812 1941 in

107 1963 326 1996 Adriaticum
359 1971 464 1994 mare.
502 1962 627 1993 Strabo
664 1961 725 1993 lib.
760 1969 811 1992 vr.

105 2013 197 2046 Plio.
213 2013 272 2046 lib.
287 2022 344 2045 ιιι.
370 2012 441 2044 illic
462 2021 542 2043 vero
557 2011 680 2043 Claud.
703 2011 812 2052 Nero,

107 2063 248 2102 Consul,
263 2063 398 2104 junctis
418 2063 579 2094 celeriter
601 2062 710 2103 copiis
736 2072 813 2094 cum

99 2123 173 2145 suo
197 2114 330 2154 collega
345 2113 396 2145 M.
414 2113 510 2145 Livio
535 2113 737 2152 Salinatore,
752 2112 817 2143 ivit

109 2163 244 2196 obviam
262 2163 483 2203 Hasdrubali,
498 2173 574 2195 cum
590 2163 740 2195 millibus
757 2163 817 2195 ho-

109 2214 239 2247 minum
255 2215 505 2256 quinquaginta
525 2224 586 2245 sex
602 2214 815 2254 adventanti,

109 2269 149 2297 ut
172 2264 301 2297 dictum
325 2270 391 2301 est,
415 2274 454 2297 ac
478 2265 621 2305 devicit,
645 2275 699 2297 an.
715 2266 759 2298 U.
775 2265 815 2297 C.

109 2317 184 2348 5⁴6.
195 2315 339 2357 ejusque
351 2320 458 2357 caput
471 2316 651 2357 praecisum
664 2316 706 2347 ad
720 2316 817 2348 Han-

108 2365 228 2397 nibalis
253 2370 367 2397 castra
392 2366 561 2408 perlatum
588 2369 624 2399 et
647 2366 689 2397 ad
707 2366 813 2407 pedes

110 2424 189 2448 cum
203 2421 297 2447 esset
313 2416 519 2457 proJectum,
535 2417 624 2448 hunc
641 2421 739 2448 tanto
756 2427 813 2458 pa-

110 2475 193 2498 vore
202 2475 243 2498 ac
254 2469 394 2507 stupore
410 2467 593 2507 concussit,
608 2471 647 2498 ut
668 2466 815 2499 infelici-

111 2521 220 2550 tatem
248 2517 465 2558 Carthaginis
499 2526 687 2558 agnoscens
720 2518 815 2549 incu-

113 2576 255 2609 sansque
282 2567 326 2599 de
353 2566 437 2609 fuga
469 2568 634 2608 deinceps
668 2571 817 2600 tantum-

112 2617 213 2649 modo
240 2617 456 2659 cogitaverit.
488 2618 567 2650 Val.
589 2619 685 2650 Max.
707 2628 759 2650 lv.
785 2622 817 2651 1.

104 2664 218 2700 Δθυι..
231 2677 285 2699 xv.
298 2670 353 2700 18.
375 2668 450 2700 Liv.
461 2668 522 2700 lib.
540 2677 664 2700 xxvu.
678 2677 815 2701 xxvnr.

117 2713 207 2747 Flor.
220 2725 262 2750 ιι.
275 2720 309 2749 6.
325 2720 390 2751 &o.
429 2718 585 2750 Adverte
611 2718 758 2750 Drusum
775 2728 815 2751 ac

117 2762 289 2797 Tiberium
312 2768 475 2800 oriundos
499 2768 542 2800 ab
567 2768 633 2800 illis
661 2769 818 2800 Consuli-

105 2812 203 2852 .bus;
230 2818 266 2845 et
290 2812 473 2856 paternum*
498 2827 604 2859 genus
629 2818 769 2851 duxisse
797 2830 817 2851 a

120 2863 262 2896 Claudio
284 2865 436 2907 Nerone,
458 2874 648 2901 maternum
670 2875 784 2902 autern
801 2880 820 2901 a

862 1261 963 1292 Livio
978 1261 1186 1292 Salinatore.

906 1310 1091 1342 Hasdrubal
1125 1307 1298 1348 Devictus]
1340 1307 1377 1339 Is
1407 1307 1567 1339 nimirum

862 1362 921 1402 qui
945 1362 1126 1402 Scipiones
1152 1362 1187 1392 in
1218 1361 1387 1401 Hispania
1411 1358 1569 1401 profliga-

865 1414 931 1441 rat.

905 1462 948 1492 39
972 1459 1107 1492 Pulcher
1125 1459 1254 1500 sugatis
1283 1459 1344 1492 Ille
1373 1460 1440 1491 dies
1473 1459 1569 1491 Latio

863 1509 1016 1552 tenelm's]
1038 1510 1111 1542 Liv.
1128 1518 1264 1541 xxvnt.
1278 1512 1311 1541 9.
1333 1509 1344 1527 ‘
1363 1508 1469 1541 Omni
1486 1510 1571 1540 mul-

865 1560 1012 1592 titudine
1039 1561 1171 1592 obviam
1198 1559 1304 1592 effusa
1319 1581 1328 1590 .
1345 1582 1353 1591 .
1370 1581 1378 1590 .
1393 1569 1461 1591 non
1480 1560 1570 1591 salu-

865 1611 986 1644 tabant
1023 1611 1124 1643 modo
1163 1611 1313 1643 universi
1352 1608 1571 1648 circumfusi,’

863 1664 973 1706 (circa
983 1663 1164 1695 Claudium
1173 1668 1208 1695 et
1219 1663 1446 1694 Salinatorem
1458 1660 1572 1702 Coss.)

865 1713 946 1745 ‘sed
958 1718 994 1744 et
1008 1713 1207 1753 contingere
1221 1723 1283 1753 pro
1298 1722 1334 1743 se
1347 1712 1489 1753 quisque
1503 1712 1572 1743 vic-

865 1763 970 1794 trices
996 1763 1135 1794 dextras
1161 1762 1348 1794 Consulum
1379 1761 1571 1801 cupientes,

866 1812 925 1844 alii
950 1813 1221 1853 gratulabantur,
1250 1812 1309 1843 alii
1339 1811 1466 1851 gratias
1491 1821 1571 1852 age-

865 1862 962 1902 bant,
991 1861 1081 1903 quod
1110 1871 1227 1893 eornm
1257 1871 1364 1902 opera
1393 1861 1573 1893 incolumis

866 1912 1079 1954 Respublica
1087 1916 1191 1945 esset.
1214 1911 1256 1943 In
1268 1913 1401 1944 Senatu
1412 1912 1573 1954 quoque‚'

866 1965 933 1996 διο.

909 2017 949 2046 41
975 2013 1116 2054 Adoreo]
1139 2013 1309 2055 Victoria,
1324 2013 1439 2053 laude,
1453 2013 1573 2054 gloria,

866 2066 960 2097 Fest.
985 2064 1156 2097 Adoream
1186 2064 1322 2096 landem
1347 2073 1406 2095 seu
1430 2064 1572 2105 gloriam

867 2115 1043 2155 dicebant,
1076 2115 1156 2156 quia
1185 2115 1370 2156 gloriosum
1401 2114 1574 2155 putabant

867 2176 944 2197 eum
960 2165 1018 2207 qui
1034 2164 1134 2197 farris
1149 2165 1251 2206 copia
1263 2164 1477 2196 abundaret:
1502 2174 1573 2196 me-

865 2217 930 2248 lius
947 2217 1018 2256 alii,
1033 2217 1112 2258 quia
1136 2216 1286 2248 strenuis
1311 2221 1347 2247 et
1371 2215 1412 2247 iis
1432 2215 1489 2257 qui
1505 2213 1573 2246 for-

867 2267 950 2299 titer
960 2265 1182 2298 dimicassent
1193 2265 1355 2297 militibus
1363 2264 1466 2297 farris
1481 2274 1573 2296 men-

869 2325 948 2348 sura
970 2315 1130 2347 distribui
1157 2316 1259 2347 solita
1287 2319 1374 2347 erat.
1411 2315 1514 2348 Unde
1539 2318 1574 2345 et

868 2368 982 2398 adorea
1008 2375 1070 2408 pro
1099 2366 1201 2398 laude
1227 2366 1363 2398 bellica.
1404 2367 1494 2398 Nam
1521 2364 1574 2395 far

870 2426 929 2449 seu
947 2416 1156 2449 frumentum
1166 2417 1378 2458 appellatum
1387 2421 1439 2447 est
1453 2417 1462 2433 ‘
1471 2415 1576 2454 ador‚’

870 2467 912 2498 ab
924 2466 1071 2507 edendo,
1082 2468 1134 2499 vel
1148 2467 1336 2498 adurendo.
1361 2467 1477 2498 Plaut.
1494 2464 1574 2496 Am-

871 2517 976 2559 phitr.
994 2516 1075 2549 Act.
1090 2526 1115 2548 1.
1151 2517 1161 2534 ‘
1178 2517 1246 2551 Qui
1264 2516 1372 2548 multa
1388 2513 1506 2556 praeda
1522 2519 1573 2545 at-

870 2577 936 2608 que
961 2568 1090 2599 adorea
1119 2566 1236 2599 affecit
1263 2567 1445 2607 populares
1475 2566 1576 2596 suos.'

868 2618 961 2650 Plio.
977 2627 1085 2649 xvnx.
1101 2620 1133 2648 3.
1163 2617 1173 2634 ‘
1190 2617 1344 2648 Gloriam
1361 2616 1509 2657 deniqne
1524 2615 1575 2656 ip-

870 2677 940 2699 sam
958 2677 978 2699 a
992 2667 1092 2698 farris
1107 2666 1234 2698 honore
1251 2667 1410 2698 adoream
1424 2667 1573 2708 appella-

869 2717 976 2750 bant.’
1002 2717 1168 2759 Apuleius
1183 2717 1242 2749 lib.
1256 2726 1312 2749 ιιι.
1335 2717 1345 2735 ‘
1362 2717 1505 2749 Possum
1531 2717 1574 2748 is-

868 2774 937 2802 tam
971 2771 1109 2803 virtutis
1148 2770 1306 2802 adoream
1342 2769 1423 2802 mihi
1458 2777 1574 2800 nume-

868 2820 969 2853 rare.’
