1890 3256
309 301 419 344 1023

307 403 426 445 Num
447 403 553 457 quid
573 403 624 444 de
641 403 778 445 Dacis
799 400 989 442 audisti?
1049 399 1084 448 51
1100 399 1143 441 N
1146 400 1177 441 il
1195 396 1411 454 equidem.
1469 403 1505 451 51
1522 403 1582 446 Ut
1600 409 1649 447 tu

306 470 488 522 Semper
503 470 585 510 eris
603 469 787 509 derisor!
835 466 869 514 5l
885 464 947 506 At
965 478 1114 506 omnes
1134 466 1193 507 Di
1212 468 1438 520 exagitent
1457 481 1544 519 me,

307 535 357 575 Si
374 532 621 588 'quicquam
680 533 714 580 51
731 532 850 582 Quid
863 533 882 572 'l
912 531 1123 572 militibus
1143 534 1356 584 promissa
1374 533 1611 588 Triquetra
1667 538 1722 579 55

303 600 480 642 Praedia
497 601 660 647 Caesar,
675 611 729 638 an
749 601 818 638 est
837 597 958 638 Itala
975 597 1129 638 tellure
1149 597 1325 640 daturus
1340 600 1359 639 ‘l

303 666 335 707 J
337 670 530 706 urantem
550 676 618 704 me
637 664 746 703 scire
763 663 868 703 nihil
888 663 1092 703 mirantur
1112 665 1157 703 ut
1172 675 1305 704 unum

305 731 486 772 Scilicet
505 729 663 781 egregii
683 729 904 769 mortalem
924 728 1090 781 altique
1111 727 1270 769 silenti.

303 795 508 838 Perditur
526 795 621 835 haec
639 795 751 835 inter
764 794 924 834 misero
944 794 1038 843 lux,
1060 806 1146 834 non
1169 794 1262 835 sine
1283 795 1424 836 votis:

305 861 344 900 Ο
361 872 450 908 rus,
471 859 646 912 quando
666 872 745 912 ego
765 863 809 900 te
829 859 1071 912 aspiciam?
1101 859 1363 912 quandoque
1381 861 1543 910 licebit,

303 926 438 966 Nunc
457 929 650 964 veterum
668 924 803 973 libris,
824 937 938 964 nunc
958 936 1110 964 somno
1130 928 1176 964 et
1191 925 1399 966 inertibus
1418 926 1555 975 horis,

303 992 477 1032 Ducere
495 990 682 1030 solicitae
695 989 889 1042 jucunda
908 989 1074 1030 oblivia
1087 990 1190 1030 vitae
1205 991 1224 1030 ‘l

305 1057 344 1098 Ο
365 1053 537 1108 quando
556 1053 659 1095 faba
680 1054 935 1107 Pythagorae
957 1058 1159 1106 cognata,
1179 1055 1390 1107 simulque

758 315 800 352 Q.
831 311 1039 344 HORATI!
1073 310 1244 341 FLAOGI

1666 861 1723 902 60

301 1179 382 1210 scire
406 1185 535 1221 oportet,
561 1182 614 1222 qui
637 1183 677 1212 ad
699 1186 858 1221 magnates
877 1181 1006 1212 accedis.
1051 1181 1127 1212 Tum
1149 1189 1225 1219 ego.-
1249 1180 1342 1211 Nihil
1361 1185 1452 1213 certe.
1494 1181 1549 1213 Illi
1569 1181 1727 1212 continuo:

303 1222 429 1260 Ergone
444 1226 476 1253 tu
490 1233 606 1262 semper
619 1223 738 1254 derisor
743 1223 869 1261 fueris?
904 1223 972 1263 Me,
986 1223 1122 1262 inquam,
1137 1223 1315 1261 disperdant
1329 1233 1429 1254 omnes
1442 1223 1512 1262 Dii,
1527 1224 1556 1254 si
1569 1223 1726 1262 quicquum

302 1263 375 1294 scio.
421 1263 564 1304 Ecquid?
586 1266 685 1300 aiunt,
708 1274 801 1303 agros
814 1264 965 1295 militibus
975 1264 1139 1303 promissos
1152 1273 1192 1294 an
1207 1264 1378 1302 assignabit
1388 1264 1548 1303 Augustus
1562 1265 1595 1295 in
1609 1263 1726 1302 Sicilia,

302 1312 342 1333 an
357 1305 390 1334 in
406 1306 519 1336 Italica
532 1304 679 1344 regione?
722 1306 767 1337 At
782 1307 981 1346 affirmantem
995 1315 1043 1335 me
1061 1305 1140 1335 nihil
1162 1305 1240 1335 scire
1263 1306 1457 1337 admirantur
1479 1307 1560 1336 velut
1578 1305 1727 1336 hominem

303 1354 385 1375 rarae
407 1350 438 1376 et
455 1347 615 1386 profundae
637 1347 874 1378 taciturnitatis.
918 1347 956 1377 In
978 1346 1049 1377 istie
1070 1346 1148 1376 diem
1169 1347 1263 1386 perdo
1278 1346 1401 1385 infelix,
1415 1357 1474 1378 non
1487 1347 1598 1387 abique
1611 1347 1728 1377 deside-

302 1385 361 1416 riis
370 1397 380 1416 .·
401 1397 418 1416 o
432 1388 518 1426 villu,
530 1389 648 1428 quando
662 1392 692 1419 te
706 1389 816 1419 adibo?
837 1389 989 1427 ecquando
999 1391 1124 1426 gratam
1139 1387 1318 1418 oblivionem
1334 1389 1407 1419 vitae
1420 1389 1522 1419 anxiae
1533 1389 1654 1428 capium
1672 1387 1728 1426 ibi,

303 1428 390 1458 modo
406 1429 521 1468 scripta
534 1433 669 1460 veterum
681 1431 817 1468 legendo,
831 1430 918 1459 modo
929 1429 1104 1459 dormiendo
1115 1432 1145 1459 et
1161 1429 1303 1459 otiando?
1323 1438 1341 1459 o
1355 1431 1475 1469 quando
1487 1433 1656 1470 apponetur
1670 1429 1726 1467 sa·

897 1518 1130 1533 MOOmO‘OO

303 1593 389 1622 alter
404 1592 494 1631 Feae,
507 1594 624 1632 quando
637 1594 784 1632 propius;
807 1593 873 1624 duo
895 1594 965 1633 alii,
985 1594 1125 1633 quoniam
1146 1593 1364 1634 propium—53
1387 1593 1502 1625 Codex
1524 1592 1726 1624 Barberinus

303 1634 348 1663 Et
361 1636 492 1664 tta—54
515 1634 633 1664 Codex
662 1635 839 1674 Bamberg.
856 1643 909 1674 ap.
931 1635 1056 1673 Jaeck,
1078 1636 1197 1666 derisor
1215 1636 1256 1665 ad
1281 1644 1404 1672 omnes,-
1427 1639 1461 1666 et
1485 1635 1533 1666 ita
1553 1634 1632 1665 edd.
1648 1638 1726 1665 aute

301 1674 418 1705 Lamb.
433 1674 562 1705 derisor.
603 1677 648 1706 At
663 1685 763 1706 omnes
776 1677 854 1707 Vnt.
870 1686 924 1716 ap.
941 1677 1056 1715 Fenrn,
1068 1681 1104 1707 et
1119 1676 1216 1706 Harl.
1232 1679 1262 1706 2.
1279 1678 1309 1706 3.
1325 1679 1356 1707 4.
1371 1678 1487 1707 6.—66
1509 1676 1589 1706 vat.
1605 1680 1640 1705 et
1657 1680 1725 1706 tres

303 1716 359 1746 alii
376 1725 429 1756 ap.
445 1717 561 1756 Feam,
577 1717 719 1747 Caesame
735 1719 876 1748 est—5⁷
891 1717 901 1734 ‘
912 1718 1026 1749 Bentl.
1041 1717 1173 1748 miratur
1187 1726 1229 1747 ex
1244 1726 1308 1748 uno
1324 1717 1391 1748 Ms.
1407 1721 1442 1748 et
1455 1717 1532 1757 quia
1544 1725 1726 1758 praecesse-

302 1758 348 1788 rit
362 1758 540 1797 quicumque
551 1769 562 1789 .·
579 1758 708 1788 levibns
725 1767 804 1789 sane
817 1759 1022 1798 argumentis
1036 1764 1154 1790 contra
1169 1759 1250 1789 alios
1267 1759 1348 1789 Mss.
1365 1767 1479 1789 omnes
1499 1765 1534 1789 et
1547 1758 1726 1789 editiones.

302 1799 446 1830 Notavit
462 1799 588 1830 rectius
605 1800 784 1837 Baxterus,
801 1800 854 1830 hic
870 1800 911 1830 de
926 1800 1141 1831 multitudine
1156 1801 1228 1840 agi;
1251 1805 1286 1830 et
1300 1801 1474 1840 quicumque
1487 1807 1559 1830 esse
1574 1799 1726 1830 conecti-

301 1849 391 1870 vum.
434 1841 552 1875 Miror,
583 1841 669 1872 Cun.
698 1846 732 1872 et
758 1841 837 1872 San.
863 1841 1004 1880 pedibus
1035 1842 1134 1872 ivisse
1161 1842 1194 1872 in
1218 1840 1425 1872 novitatem!
1445 1841 1520 1872 Fen.
1575 1843 1608 1870 et
1630 1849 1724 1870 unum

302 1880 410 1911 codex
422 1881 600 1922 Bamberg.
613 1882 796 1921 Chisianus,
805 1883 897 1913 Vatt.
909 1882 988 1922 duo,
999 1887 1034 1913 et
1047 1883 1187 1913 totidem
1202 1882 1258 1912 alii
1271 1891 1324 1922 ap.
1339 1882 1532 1912 Fctum—60
1543 1880 1724 1921 Bamberg.

941 1982 1081 2015 NOTAE

343 2057 385 2086 53
409 2055 459 2086 De
485 2055 596 2095 Dacis]
627 2056 710 2086 Cum
735 2055 786 2086 his
815 2059 894 2087 tunc
920 2056 987 2087 Ro-

302 2105 391 2135 mani
422 2104 547 2136 bellum
583 2105 765 2136 habebant.
822 2105 911 2136 Vide
944 2114 986 2138 11.

303 2154 370 2186 Od.
386 2157 439 2186 20.

342 2206 381 2234 55
398 2203 556 2235 Militibus
567 2204 715 2244 promissa
733 2205 871 2246 Proedia]
891 2204 987 2236 Sicut

297 2252 368 2291 jam
397 2252 564 2292 assignata
595 2251 728 2284 fuerant
752 2259 831 2293 post
858 2253 985 2293 Philip-

302 2309 440 2340 pensem
455 2301 638 2332 victoriam.
680 2302 769 2333 Vide
793 2311 894 2342 supra
914 2302 985 2333 sat.

301 2359 343 2382 ιι.
359 2353 431 2382 110.
445 2355 481 2382 et
491 2360 564 2392 seq.
594 2351 680 2383 Item
693 2352 813 2393 Virgil.
833 2353 901 2383 Ecl.
917 2362 942 2383 1.

345 2400 523 2440 Triquetra]
553 2401 667 2432 Sicilia
689 2401 858 2432 Trinacris
883 2402 985 2433 etiam

301 2448 425 2480 dicitur
438 2449 481 2480 ob
496 2449 732 2489 triangularem
746 2449 907 2487 formam3
927 2449 986 2479 ha-

301 2497 423 2539 betque
438 2498 472 2528 in
489 2497 614 2537 triplici
629 2498 748 2538 angulo
764 2498 887 2538 triplex
912 2506 984 2537 pro-

300 2547 514 2586 montorium,
529 2546 701 2586 Pelorum,
711 2546 919 2586 Pachynum,
934 2546 987 2578 Li-

300 2596 457 2635 lybaenm.
475 2595 566 2627 Hinc
578 2595 680 2627 Ovid.
693 2596 784 2628 Fast.
798 2605 847 2627 lv.
864 2597 874 2613 ‘
885 2596 988 2626 Terra

301 2644 410 2675 tribus
433 2645 576 2685 scopulis
599 2649 729 2676 vastum
761 2646 927 2685 procurrit
951 2644 985 2675 in

302 2701 416 2732 aequor
447 2692 642 2732 Trinacris;
675 2703 696 2724 a
726 2693 838 2734 positu
866 2701 984 2724 nomen

302 2740 425 2781 adepta
439 2741 528 2772 loci!

342 2792 383 2821 63
403 2791 432 2820 0
446 2792 564 2831 quando
571 2791 661 2831 saba,
674 2792 742 2831 Esca]
758 2791 900 2824 Quando
913 2790 981 2822 ruri

1040 2064 1158 2087 vescar
1178 2055 1278 2094 fabis,
1302 2055 1460 2096 oleribus,
1477 2056 1539 2087 διο.
1562 2056 1723 2095 tranquil-

1039 2105 1104 2135 lam
1116 2104 1278 2144 ejusmodi
1289 2104 1390 2135 vitam
1403 2108 1567 2144 agrestem
1581 2098 1723 2145 {iroefero

1039 2153 1141 2183 lautis
1156 2153 1262 2192 epulis
1275 2153 1550 2194 quibuscumque.

1082 2201 1170 2234 Faba
1183 2202 1372 2242 Pythagor-ce
1386 2202 1531 2242 cognata]
1552 2201 1655 2235 Varia
1669 2202 1722 2235 bic

1040 2249 1123 2281 varii
1146 2251 1453 2282 comminiscuntur.
1493 2251 1600 2283 Aiunt
1622 2251 1722 2292 pleri-

1038 2309 1102 2341 que
1117 2300 1228 2338 sabam
1253 2301 1445 2341 Pythagor-o.
1469 2304 1630 2340 cognatam
1654 2300 1720 2332 dici

1038 2350 1163 2382 ironice
1179 2349 1312 2390 quidem
1327 2354 1363 2381 et
1377 2350 1535 2390 satyrice,
1552 2349 1719 2390 quasiho-

1037 2400 1117 2432 mini
1126 2408 1271 2432 coaevam
1279 2402 1314 2430 et
1323 2398 1598 2439 consanguineam
1607 2408 1618 2436 ;
1629 2407 1720 2430 nem·

1038 2459 1082 2490 pe
1103 2447 1191 2490 quod
1213 2448 1269 2479 ille
1291 2450 1456 2478 assereret
1469 2445 1582 2478 fabam
1601 2456 1643 2478 ex
1664 2457 1719 2478 ea-

1038 2499 1114 2529 dem
1127 2496 1255 2537 origine
1272 2500 1307 2526 et
1329 2495 1447 2527 eodem
1469 2499 1620 2536 tempore
1644 2505 1720 2527 cnm

1038 2546 1167 2578 homine
1191 2548 1324 2583 natium
1357 2553 1509 2585 eamque,
1537 2544 1565 2575 si
1593 2544 1720 2585 pyxide

1040 2595 1168 2626 inclusa
1195 2597 1347 2624 servetur
1379 2593 1433 2623 vel
1461 2591 1656 2631 infodiatur,
1684 2593 1718 2624 in

1037 2652 1168 2676 carnem
1184 2647 1219 2674 et
1238 2643 1433 2683 sanguinem
1449 2642 1611 2674 converti.
1647 2642 1718 2680 Ego

1037 2701 1100 2724 nee
1115 2691 1245 2722 fabulas
1260 2700 1323 2723 nec
1345 2690 1656 2732 metempsychosim
1671 2690 1718 2722 af-

1036 2740 1124 2781 fferre
1141 2741 1205 2771 huc
1227 2740 1349 2772 velim=
1371 2744 1531 2780 cognatam
1554 2740 1718 2781 interpre-

1036 2789 1133 2820 tabor
1153 2789 1304 2821 amicam.
1349 2790 1450 2821 Fabia
1469 2789 1556 2821 enim
1579 2789 1716 2830 aliisque
