1930 3242
356 267 442 310 882

358 371 431 413 Ne
451 371 558 413 foret
575 372 644 413 his
665 372 797 419 testis,
819 373 926 422 post.
936 381 1089 420 magna
1107 370 1242 411 latere
1263 371 1478 423 sepulcra.

360 436 548 479 Mentior
565 443 612 478 at
633 438 671 477 si
690 435 806 488 quid,
827 433 984 473 merdis
1005 438 1135 487 caput
1153 435 1352 487 inquiner
1373 438 1484 477 albis

358 503 596 544 Corvorum
613 515 624 552 ;
654 504 783 552 atque
805 500 851 540 in
870 512 938 539 me
953 500 1098 540 veniat
1117 501 1295 541 mictum
1316 506 1444 555 atque
1464 508 1665 544 cacatum

357 568 503 609 Julius
525 570 566 607 et
585 565 751 616 fragilis
770 565 986 614 Pediatia,
1005 565 1157 618 furque
1181 567 1393 608 Voranus.

827 283 870 318 Q.
902 279 1109 309 HORATII
1144 278 1314 308 FLAcm

355 699 427 729 dere
457 703 524 736 post
547 697 663 734 mqiora
697 700 899 736 monumenta,
924 707 962 728 ne
992 698 1081 728 testis
1107 699 1224 729 adesset
1249 698 1317 729 istis
1342 699 1512 730 sceleribus.
1558 699 1646 733 Quod
1669 700 1698 729 si
1717 699 1775 729 ali-

354 742 497 779 quantum
511 738 653 776 mentior,
667 742 882 779 conspurcetur
895 748 991 770 meum
1005 742 1094 779 caput
1115 740 1226 770 merdis
1246 740 1324 770 albis
1344 750 1500 771 corvorum
1509 751 1522 778 ,·
1542 751 1577 771 ac
1599 741 1723 771 mictum
1741 743 1774 770 et

354 783 488 811 cacatum
502 788 593 820 super
611 790 658 811 me
675 780 800 811 veniant
813 780 931 821 Julius,
950 780 1050 811 mollis
1066 781 1212 822 Ρεάασὶα,
1233 784 1263 813 et
1279 781 1416 813 Vorenus
1428 782 1496 820 sur.
1541 782 1625 817 Quid
1644 781 1773 819 reseram

948 872 1183 885 eeeeeeeeeeee

353 922 531 963 Heindorf,
540 927 575 955 et
586 922 773 956 Kidd.—38
789 929 798 943 ‘
811 924 834 956 J
838 933 888 955 am
901 924 951 955 bis
965 928 1096 965 terque,
1107 925 1236 964 opinor,
1247 925 1382 957 Horatii
1397 934 1519 956 morem
1531 924 1749 962 indicavimus
1763 935 1771 954 :

352 965 482 995 scilicet
497 966 539 1003 is,
554 965 616 996 etsi
631 970 707 1005 post
719 967 830 1006 plures
844 966 1076 1007 nominativos,
1088 966 1247 1007 singulari
1261 972 1372 997 tamen
1383 976 1519 997 numero
1532 965 1670 997 verbum
1684 971 1774 996 ainat

351 1005 482 1037 efferre.
529 1006 639 1037 Recte
660 1007 774 1048 itaque
798 1007 851 1038 hic
874 1008 951 1038 olim
968 1007 1136 1038 dederunt
1151 1008 1314 1039 editiones
1334 1008 1473 1045 Venetae
1487 1015 1522 1038 et
1538 1007 1701 1038 Locheri:
1725 1010 1773 1037 at-

351 1058 407 1087 que
421 1049 454 1078 in
470 1057 515 1078 me
529 1048 630 1079 veniat
644 1049 768 1079 mictum
778 1052 870 1088 atque
885 1051 1021 1079 cacatum
1041 1049 1160 1089 Julius,
1182 1053 1212 1079 et
1227 1049 1360 1087 fragilis
1372 1048 1528 1088 Pediatia,
1543 1047 1657 1087 furque
1676 1048 1772 1079 Vora-

348 1099 416 1120 nus.
461 1090 506 1119 Et
521 1089 645 1120 diserte
667 1091 729 1121 hoc
747 1091 919 1125 exhibent,
937 1095 1062 1129 praeter
1079 1100 1136 1120 sex
1149 1090 1419 1128 Pulmannianos,
1442 1089 1546 1119 nostri
1561 1089 1662 1119 etiam
1681 1089 1772 1119 codi-

351 1130 612 1170 ces,Leidensis‚
625 1131 834 1171 Reginensis,
846 1140 921 1162 cum
931 1131 1002 1161 aliis
1018 1135 1172 1171 quatuor.
1195 1131 1360 1171 Cruquius
1369 1130 1631 1170 Torrentiusque
1645 1135 1773 1160 tacent.

349 1171 472 1202 Videat
488 1173 602 1213 itaque
620 1173 810 1208 Lambinus,
835 1173 890 1212 qui
912 1173 1037 1203 veniant
1062 1172 1115 1204 hic
1140 1173 1300 1211 reposuit,
1315 1172 1414 1212 idque
1441 1171 1487 1202 ait
1514 1169 1638 1202 habere
1658 1179 1773 1201 omnes

348 1212 421 1243 fere
442 1213 543 1244 libros
558 1219 702 1246 veteres.
747 1214 883 1245 Utinam
900 1214 1034 1244 meliore
1049 1213 1115 1245 fide
1127 1213 1160 1244 in
1177 1214 1225 1244 liis
1242 1214 1339 1244 rebus
1356 1218 1532 1253 ageretur:
1550 1212 1619 1252 jani
1635 1220 1700 1242 non
1717 1211 1772 1242 hic

349 1261 480 1286 ceteros
497 1261 573 1295 post
597 1266 632 1287 se
658 1264 770 1286 omnes
787 1256 820 1286 in
835 1265 982 1286 errorem
1008 1255 1205 1286 induxisset.
1248 1255 1438 1286 Priscianus
1454 1254 1587 1294 quidem
1606 1262 1681 1293 pag.
1696 1255 1773 1299 33⁷5.

349 1296 405 1327 ubi
423 1297 530 1327 locum
546 1298 632 1328 bunc
647 1297 799 1334 adducit,
813 1297 938 1328 veniant
953 1297 1055 1327 babet
1077 1297 1173 1328 hodie
1188 1307 1196 1327 :
1220 1301 1254 1326 at
1269 1302 1498 1327 correctorum
1514 1295 1547 1325 id
1564 1294 1693 1326 facinus
1709 1299 1775 1333 est,

348 1338 404 1377 qui
420 1338 493 1368 loca
505 1347 547 1368 ex
561 1339 752 1369 auctoribus
767 1338 835 1369 illic
851 1339 955 1368 citata
969 1338 1010 1368 ad
1026 1338 1175 1377 vulgatas
1188 1347 1301 1368 eorum
1314 1337 1477 1368 editiones
1493 1336 1673 1376 refingunt.
1693 1335 1774 1366 Tria

348 1379 436 1408 enim
453 1379 618 1409 Prisciani
633 1380 762 1418 scripta
784 1379 851 1409 vidi
876 1379 1100 1418 exemplaria3
1123 1389 1263 1419 quorum
1288 1379 1352 1409 duo
1378 1378 1479 1412 veniat
1505 1378 1550 1408 ibi
1577 1377 1773 1417 praeferunt,

347 1420 485 1450 tertium
499 1421 608 1451 veniet.
654 1421 847 1450 Revocetur
862 1420 972 1461 itaque
986 1425 1081 1450 vetus
1097 1420 1198 1451 lectio
1212 1429 1349 1450 numero
1363 1419 1552 1458 Singulari;
1569 1423 1604 1448 et
1621 1418 1696 1448 vide
1711 1427 1773 1460 nos

347 1460 390 1490 ad
408 1469 432 1492 ι.
449 1461 516 1492 Od.
532 1464 585 1493 24.
609 1465 645 1492 et
667 1461 768 1492 alibi!
791 1461 896 1492 Benu.
939 1461 1043 1492 veniat
1069 1461 1167 1491 etiam
1185 1461 1282 1492 Gott.
1301 1460 1396 1491 Harl.
1410 1463 1444 1491 2.
1459 1462 1490 1490 3.
1507 1462 1540 1490 4.
1553 1462 1584 1490 6.
1599 1461 1630 1490 7.
1654 1458 1771 1490 Zarot.

347 1502 490 1533 Mediol.
508 1505 599 1535 1477.
622 1502 760 1533 Venett.
772 1505 866 1533 1477.
882 1505 975 1533 1478.
992 1504 1085 1532 1479.
1102 1503 1250 1533 Florent.
1266 1504 1358 1533 1482.
1372 1501 1494 1532 Sanad.
1510 1500 1660 1539 Francis,
1671 1500 1772 1531 Baxt.

347 1542 453 1574 Gesn.
465 1544 568 1574 Zeun.
585 1545 721 1584 Bipont.
734 1544 875 1574 Wetzel.
889 1543 1020 1575 Wakef.
1037 1542 1215 1575 Heindorf.
1231 1543 1350 1575 Comb.
1362 1549 1397 1574 et
1410 1542 1513 1574 Kidd.
1536 1542 1658 1573 venient
1668 1541 1770 1573 Aldd.

986 1624 1127 1655 NOTAE

346 1697 436 1738 gitiis
452 1697 698 1740 veneficiisque.

388 1751 429 1779 36
451 1748 529 1778 Post
540 1758 650 1788 magna
658 1749 752 1779 latere
765 1747 917 1788 sepulcra]
943 1746 1032 1777 Hinc

345 1799 462 1837 patet-4·
474 1796 562 1837 quod
589 1801 669 1827 ante
690 1797 763 1836 jam
793 1795 961 1832 annotavi,
988 1794 1031 1825 ad

346 1845 511 1885 Esquilias
530 1849 565 1875 et
579 1846 693 1875 hortos
706 1845 903 1875 Maecenatis
927 1851 1032 1883 prope

344 1893 498 1924 extitisse
519 1893 684 1933 quaepiam
707 1891 814 1922 adhuc
841 1899 1031 1922 monumen-

343 1945 392 1979 ta,
407 1941 556 1982 quamvis
571 1941 635 1971 alia
651 1940 762 1971 diruta
775 1939 916 1970 fuissent
931 1943 1031 1979 atque

344 1995 520 2022 summota.

386 2042 426 2070 3⁷
450 2039 571 2070 Mentis
591 2042 681 2079 caput
702 2038 844 2078 inquiner
857 2037 935 2067 albis
953 2037 1030 2066 Cor-

343 2088 462 2128 vorum]
487 2088 565 2119 Huc
583 2087 667 2129 facit
691 2086 778 2128 quod
803 2086 836 2116 in
857 2085 1027 2125 Epigram.

345 2142 422 2169 ante
439 2138 497 2168 cit.
523 2137 563 2167 ad
592 2136 751 2176 Priapum
775 2134 892 2165 scribit
915 2134 1028 2165 Tibul-

342 2187 414 2218 lus:
437 2187 446 2204 ‘
465 2186 712 2226 Abegimusque
730 2193 813 2216 voce
829 2193 932 2224 saepe,
952 2192 1028 2214 cum

343 2235 406 2266 tibi
427 2235 582 2266 Senexve
602 2242 733 2274 corvus,
755 2232 939 2273 impigerve
955 2241 1029 2271 gra-

344 2284 439 2314 culus
462 2283 603 2314 Sacrum
626 2281 745 2313 feriret
764 2291 822 2312 ore
837 2290 960 2312 corneo
974 2290 1028 2312 ca-

342 2331 428 2372 put!
463 2330 632 2362 Arnobius
669 2334 779 2361 autem
815 2330 872 2360 lib.
903 2338 950 2360 vr.
979 2328 1029 2359 di-

343 2386 446 2411 serte.
481 2380 491 2396 ‘
509 2381 584 2412 Non
606 2380 723 2411 videtis
745 2379 805 2410 sub
821 2379 959 2410 istorum
986 2378 1028 2408 si-

343 2430 564 2460 mulacrorum
580 2429 670 2459 cavis
692 2426 875 2466 stelliones,
890 2426 1026 2465 sorices,

343 2479 500 2516 murices,
524 2478 714 2518 blattasque
742 2475 907 2516 lucifugas
935 2474 1027 2505 nida-

343 2530 454 2558 menta
469 2535 592 2567 ponere
611 2530 711 2567 atque
736 2523 909 2556 habitare?
931 2532 1027 2564 spur-

345 2575 441 2605 citias
456 2575 521 2606 huc
536 2584 649 2605 omnes
672 2574 862 2606 conducere
880 2595 887 2604 .
904 2594 912 2604 .
931 2594 939 2603 .
953 2594 961 2603 .
986 2572 1026 2603 In

327 2618 329 2620 ’
345 2631 403 2652 ore
417 2623 582 2654 simulacri
603 2623 644 2654 ab
668 2623 795 2654 araneis
811 2622 914 2653 ordiri
930 2621 1026 2661 retia,

344 2677 445 2712 atque
469 2673 643 2704 insidiosos
665 2682 774 2704 casses
796 2672 917 2713 quibus
936 2671 1023 2702 vola·

344 2727 397 2753 tus
412 2721 583 2753 innectere
594 2722 807 2753 stridularum
823 2720 952 2761 possint
966 2719 1024 2750 im·

1086 1697 1351 1738 pudentiumque
1375 1697 1580 1728 muscarum?
1610 1695 1773 1726 Hirundi-

1084 1755 1143 1776 nes
1157 1746 1245 1777 intra
1256 1746 1345 1786 ipsos
1358 1746 1479 1777 aedium
1490 1745 1768 1780 circumvolantes

1084 1793 1204 1832 tholos,
1213 1794 1396 1834 jacularier
1408 1799 1564 1825 stercoris
1575 1793 1690 1834 plenas
1701 1802 1710 1831 ;
1723 1797 1770 1830 ,et

1084 1843 1184 1873 modo
1195 1843 1281 1882 ipsos
1293 1843 1416 1881 vultus,
1427 1842 1524 1873 modo
1532 1842 1699 1873 numinum
1709 1850 1770 1872 ora

1084 1890 1280 1930 depingere,
1312 1890 1462 1930 barbam,
1498 1890 1624 1930 oculos,
1658 1899 1768 1930 nasos,

1084 1938 1230 1979 aliasque
1257 1948 1369 1969 omnes
1394 1944 1519 1979 partes,
1537 1939 1570 1969 in
1594 1947 1769 1979 quascum-

1083 1995 1146 2026 que
1162 1996 1198 2017 se
1222 1987 1382 2018 detulerit
1403 1987 1580 2018 deonerati
1601 1986 1770 2027 proluvies

1083 2035 1248 2074 podicis?’

1122 2085 1163 2114 39
1184 2083 1301 2123 Julius,
1311 2083 1380 2124 ssa]
1397 2083 1541 2116 Quidam
1550 2083 1680 2114 luxurie
1693 2092 1766 2124 per-

1082 2131 1180 2171 ditus,
1194 2137 1309 2164 cetera
1323 2133 1457 2164 minime
1473 2137 1581 2164 notus.

1122 2181 1268 2212 Pediatia
1280 2180 1449 2221 [Pedacia]
1464 2181 1622 2212 Muliebri
1634 2181 1765 2212 nomine

1082 2228 1125 2260 ob
1148 2229 1321 2259 mollitiem
1346 2235 1381 2260 et
1405 2229 1648 2269 impudicitiam
1667 2231 1764 2259 vocat

1082 2287 1143 2318 per
1173 2282 1403 2316 contemptum
1429 2282 1464 2308 et
1487 2277 1678 2308 ludibrium.
1727 2276 1763 2307 Is

1084 2326 1261 2365 Pedacius,
1281 2325 1335 2356 vel
1355 2325 1542 2360 Pedianus,
1564 2324 1688 2355 dicitur
1711 2322 1763 2354 fu-

1081 2377 1147 2407 isse
1168 2376 1278 2416 Eques
1297 2375 1478 2413 Romanus,
1495 2381 1590 2403 suum
1607 2381 1685 2403 vero
1707 2381 1763 2412 pa-

1081 2425 1269 2456 trimonium
1284 2422 1502 2461 abliguriisse,
1523 2419 1762 2461 flagitiosisque

1082 2478 1198 2514 postea
1212 2470 1403 2502 libidinibus
1416 2469 1580 2501 serviisse.

1121 2524 1244 2563 Furque
1262 2521 1414 2561 Voranus]
1436 2520 1508 2551 Iste
1531 2518 1597 2550 fuit
1613 2519 1658 2551 Q.
1675 2519 1763 2551 Luc·

1080 2573 1155 2605 tatii
1171 2571 1280 2604 Catuli
1301 2571 1452 2606 libertus.
1467 2568 1565 2600 furax
1578 2574 1614 2599 et
1630 2573 1760 2600 astutus

1078 2621 1247 2662 apprime:
1270 2619 1325 2660 qui
1351 2628 1426 2650 cum
1450 2618 1670 2649 nummulario
1693 2617 1762 2649 cui·

1077 2669 1152 2700 dam
1184 2667 1399 2708 surripuisset
1435 2667 1562 2707 aliquot
1593 2674 1760 2704 nummos,

1075 2718 1133 2750 hos
1170 2717 1291 2749 calceis
1328 2716 1467 2747 inseruit
1506 2714 1758 2754 absconditque.
