1890 3256
288 263 400 306 1032
486 269 491 273 ”
760 281 806 316 ρ.
837 277 1042 308 nonu-11
1074 276 1243 308 remeo:
1263 278 1274 302 1

288 367 480 410 Tandem
499 371 692 412 urbanus
705 370 760 411 ad
780 371 903 417 hunc,
926 368 1042 418 Quid
1063 373 1106 409 te
1118 369 1257 422 juvat,
1277 370 1430 423 inquit,
1451 370 1602 421 amice,
1628 370 1706 412 “90

289 433 506 486 Praerupti
526 437 710 476 nemoris
731 434 966 486 patientem
988 435 1134 476 vivere
1153 435 1281 475 dorso
1297 436 1316 475 Τ

289 497 373 538 Vis
393 503 439 539 tu
457 500 655 540 homines
674 500 908 551 urbemque
926 499 1028 540 feris
1047 512 1300 552 praeponere
1320 501 1455 554 sylvis
1469 502 1488 541 ‘l

289 561 430 616 Carpe
451 565 564 604 viam
583 563 706 617 (mihi
726 562 877 616 crede)
900 577 1062 614 comes,
1081 565 1293 605 terrestria
1312 566 1486 618 quando

289 627 506 668 Mortales
527 629 695 675 animas
714 628 1050 678 vivunt-sortita,
1070 642 1204 682 neque
1222 630 1311 671 ulla
1325 634 1392 671 est

288 690 381 732 Aut
399 705 553 744 magno
573 697 648 734 aut
666 705 802 746 parvo
825 693 900 735 leti
920 693 1050 746 fuga:
1081 707 1185 746 quo,
1205 695 1330 744 bone,
1351 699 1484 745 circa,
1651 695 1708 735 95

295 757 408 796 Dum
422 757 537 806 licet,
557 759 602 798 in
620 759 748 799 rebus
758 758 964 811 jucundis
981 760 1078 799 vive
1097 761 1250 800 beatus
1268 773 1279 810 ;

287 820 403 862 Vive
423 834 589 863 memor
607 836 738 875 quam
758 824 819 863 sis
841 825 924 865 aevi
945 824 1101 866 brevis.
1159 825 1274 866 Haec
1294 825 1366 866 ubi
1387 825 1505 866 dicta

288 883 517 937 Agrestem
538 888 753 940 pepulere,
774 888 904 929 domo
925 888 1036 929 levis
1057 890 1226 930 exsilit:
1256 890 1354 930 inde

287 949 432 991 Ambo
453 953 724 1004 propositum
745 958 951 1006 peragunt
970 955 1064 1003 iter,
1086 956 1202 996 urbis
1223 959 1403 996 aventes

290 1014 459 1056 Moenia
477 1018 671 1057 nocturni
691 1020 940 1071 subrepere.
996 1019 1184 1072 Jamque
1202 1021 1376 1060 tenebat
1628 1021 1709 1061 100

288 1079 396 1120 Nox
416 1081 604 1121 medium
625 1082 727 1122 coeli
747 1083 952 1135 spatium,
971 1096 1071 1123 cum
1092 1086 1217 1136 ponit
1236 1088 1412 1137 uterque

287 1144 340 1184 Iu
362 1144 582 1198 locuplete
603 1146 732 1187 domo
753 1147 959 1199 vestigia3
989 1148 1117 1189 rubro
1137 1149 1210 1189 ubi
1231 1162 1376 1190 cocco*

287 1209 446 1251 Tincta
466 1224 594 1263 super
613 1212 752 1252 lectos
772 1213 978 1254 canderet
992 1214 1125 1255 vestis
1145 1215 1338 1264 eburnos,

289 1274 515 1328 Multaque
535 1276 589 1316 de
609 1290 764 1329 magna
785 1283 1059 1331 superessent
1076 1279 1236 1320 fereula
1256 1292 1399 1329 coena,
1684 1311 1703 1327 ,-

289 1339 402 1389 Quae
422 1343 576 1393 procul
594 1345 827 1384 exstructis
846 1345 1008 1386 inerant
1026 1345 1227 1386 hesterna
1247 1345 1458 1386 canistris„
1628 1347 1710 1388 105

287 1466 338 1494 tm
351 1468 397 1495 est
408 1476 418 1495 .·
441 1466 548 1498 Amice
562 1477 700 1507 quorsum
715 1478 900 1500 :erumnosus
912 1468 1000 1507 degis
1019 1469 1059 1499 ad
1082 1469 1164 1499 latus
1177 1470 1289 1500 montis
1302 1469 1409 1500 ardui?
1432 1469 1517 1501 visne
1531 1470 1664 1500 homines
1675 1473 1706 1500 et

287 1505 392 1535 urbem
403 1508 550 1545 praeferre
563 1510 656 1548 sylvis
670 1510 818 1540 desertis?
859 1510 944 1540 Mihi
959 1511 1107 1549 ausculta,
1122 1511 1182 1541 iter
1195 1520 1309 1541 mecum
1323 1511 1483 1549 ingredere
1491 1520 1502 1546 ,·
1524 1511 1710 1550 quandoqui-

287 1547 356 1575 dem
370 1548 537 1578 «animantia
551 1559 640 1588 super
656 1554 769 1581 terram
784 1551 878 1581 vitam
899 1554 996 1588 agunt
1016 1552 1109 1581 morti
1122 1552 1295 1590 obnoxiam,
1319 1561 1371 1583 nec
1385 1552 1554 1592 effugiendi
1569 1554 1649 1582 ratio
1663 1555 1709 1582 est

287 1587 352 1617 sive
364 1597 458 1626 parvo
471 1590 533 1620 sive
544 1599 665 1629 magno.
696 1592 861 1631 Quocirca,
876 1602 892 1621 ο
908 1591 995 1630 bone,
1010 1593 1155 1630 quamdiu
1164 1598 1264 1632 potes,
1281 1593 1368 1623 rebus
1374 1593 1484 1630 fruere
1490 1593 1648 1631 jucundis,
1661 1602 1710 1623 re-¹

286 1629 429 1659 cordatus
443 1639 532 1668 quam
544 1630 630 1661 brevi
644 1635 775 1671 tempore
788 1632 832 1662 sis
846 1633 991 1663 victum.
1035 1633 1232 1664 Sermonibus
1243 1634 1306 1663 iltis
1321 1635 1474 1665 excitatus
1487 1635 1620 1664 rusticus
1638 1643 1711 1673 pro-

286 1669 355 1699 sitit
369 1671 470 1700 alacer
486 1681 501 1701 e
515 1673 681 1704 domicilio.
726 1673 812 1704 Hinc
825 1676 950 1713 uterque
963 1674 1044 1704 viam
1058 1674 1233 1705 institutam
1255 1677 1434 1714 decan-ment,
1453 1675 1607 1715 cupientes
1620 1678 1712 1707 noctu

287 1710 390 1742 subire
399 1711 536 1744 civitatis
543 1716 730 1752 pomoerium.
767 1716 810 1745 Et
818 1714 887 1752 jam
901 1724 963 1745 nox
972 1715 1124 1754 attigerat
1137 1717 1267 1747 medium
1279 1716 1347 1748 coeli
1359 1717 1468 1757 locum,
1478 1717 1598 1756 quando
1606 1717 1713 1756 pedem

288 1752 374 1783 ambo
388 1753 526 1789 inferunt
547 1755 581 1786 in
594 1757 673 1787 oedes
689 1757 856 1796 opulentas,
877 1756 930 1787 ubi
943 1757 1082 1794 stragula
1088 1757 1233 1796 fulgebat
1244 1767 1396 1798 purpurea
1409 1767 1498 1798 super
1511 1758 1612 1789 thoros
1622 1757 1710 1788 ebur-

288 1801 370 1833 neos,
384 1798 415 1825 et
429 1796 568 1834 plurimoe
581 1798 672 1837 dapes
683 1797 838 1829 restabant
852 1807 868 1828 e
885 1798 967 1828 lauto
980 1799 1127 1838 convivio,
1137 1809 1204 1838 quae
1214 1799 1282 1830 heri
1293 1799 1531 1839 proculsuemnt
1543 1800 1577 1830 in
1589 1801 1710 1838 aportu-

886 1889 960 1901 ΟΜ
963 1889 1121 1902 OOOOOOO

288 1950 330 1979 90
353 1949 432 1981 vat.
444 1954 478 1980 et
490 1950 573 1981 alius
587 1960 641 1991 ap.
655 1952 770 1990 Penni,
786 1952 839 1992 qui
851 1956 978 1984 te.—92
1005 1953 1077 1985 Vin·
1093 1957 1126 1984 tu
1143 1953 1321 1984 Lambinus
1342 1962 1384 1984 ex
1400 1962 1459 1984 sex
1475 1951 1574 1984 codd.
1598 1951 1607 1969 ⁴
1621 1950 1711 1999 Hine

289 1990 374 2020 adeo
389 1996 453 2029 est,
470 1992 557 2032 quod
573 1992 634 2023 vin'
649 1996 684 2024 lu
698 1994 729 2023 in
745 1994 912 2033 plerisque
930 1995 1132 2025 editionibus
1157 1995 1255 2025 hodie
1272 1998 1457 2035 comparet.
1499 1993 1548 2024 At
1562 1992 1606 2023 de
1621 1991 1711 2023 codi-

290 2031 386 2061 cibus
401 2032 474 2072 ipse
491 2033 612 2064 viderit
627 2044 634 2064 :
649 2043 708 2064 nos
720 2035 754 2065 in
771 2036 922 2066 omnibus
939 2037 1075 2071 nostris,
1088 2041 1127 2067 ut
1142 2041 1176 2066 et
1192 2036 1369 2075 Cruquius,
1381 2033 1711 2072 Pulmannus,Bers-

289 2081 494 2112 mannusque
516 2075 549 2104 in
571 2075 648 2110 suis,
663 2076 710 2106 vis
724 2080 758 2106 tu
774 2077 956 2116 reperimus
970 2087 977 2106 τ
1002 2086 1112 2116 neque
1127 2078 1223 2107 aliter
1238 2077 1364 2107 habent
1377 2077 1519 2107 Venetae
1534 2080 1569 2107 et
1586 2074 1711 2106 Leche-

290 2113 396 2144 riana.
428 2115 512 2146 Uti-a
525 2121 635 2146 autem
653 2117 752 2148 lectio
769 2118 875 2148 minus
887 2118 1050 2149 concinna
1063 2119 1196 2156 sit,jam
1214 2117 1512 2158 poterisjudicare.
1540 2116 1712 2156 Siquidem

295 2155 350 2185 Vis
364 2159 398 2185 tu
413 2157 675 2196 elegantissimus
692 2158 884 2190 Idiotismus
910 2163 975 2198 est,
997 2160 1190 2191 acutissimo
1212 2160 1382 2190 Gronovio
1404 2159 1490 2199 patri
1514 2158 1711 2188 observatus

289 2200 325 2226 et
339 2197 473 2236 copiose
490 2204 665 2229 enarratuS
681 2199 721 2230 ad
747 2200 908 2231 Senecam
925 2201 976 2232 De
996 2201 1055 2232 Ira
1071 2210 1130 2231 ιιι.
1146 2203 1197 2231 38.
1223 2206 1257 2231 et
1273 2201 1383 2240 Epist.
1401 2208 1504 2230 nvru.
1519 2204 1554 2230 et
1571 2197 1710 2246 Praefat.

289 2236 330 2267 ad
343 2246 394 2268 ιν.
418 2239 539 2271 Natur.
552 2240 682 2272 Quaest.
694 2241 872 2280 Martialis,
889 2251 921 2272 x.
934 2245 985 2273 83.
1009 2245 1038 2273 l.
1055 2247 1090 2272 et
1104 2241 1146 2272 9!
1167 2242 1358 2272 Beria-94
1381 2242 1460 2272 Duo
1475 2241 1568 2271 Vatt.
1582 2244 1616 2269 et
1633 2242 1710 2270 toti-

290 2278 366 2309 dem
388 2279 444 2309 alii
470 2290 523 2320 ap.
549 2282 668 2317 Bothe,
689 2293 742 2312 nec
761 2285 916 2315 ulta.—95
941 2284 1038 2315 Gott.
1055 2288 1090 2314 et
1106 2283 1255 2314 Florem.
1274 2285 1367 2313 1482.
1384 2282 1548 2312 hence-9⁷
1571 2281 1649 2311 Vat-
1674 2283 1711 2310 et

290 2329 375 2352 unus
389 2329 443 2362 ap.
456 2322 570 2362 Fearu,
585 2323 683 2354 brevis
696 2325 871 2356 ‹muz—10⁵
896 2326 974 2356 Duo
989 2324 1087 2356 codd.
1100 2325 1188 2362 Feae,
1205 2332 1288 2354 unus
1314 2323 1394 2354 item
1421 2322 1548 2353 Valart.
1568 2320 1710 2352 hesterna

931 2428 1069 2460 NOTAE

332 2498 372 2526 93
398 2496 569 2527 Terrestria
590 2497 720 2536 quando,
749 2495 818 2535 φὴ]
849 2495 910 2526 vei
933 2505 975 2526 ex
1028 2496 1094 2527 culi
1110 2493 1287 2534 Euripides
1303 2493 1336 2523 in
1352 2491 1537 2532 Alcestide‚
1563 2496 1600 2524 ut
1625 2491 1710 2525 bene

291 2553 434 2583 persona
461 2545 602 2575 mnrium
631 2545 835 2584 aliorumque
863 2545 975 2575 bruto-
1028 2545 1217 2577 observavit
1232 2544 1396 2574 Muretus.

291 2601 376 2631 rum,
398 2593 449 2623 vel
475 2602 516 2623 ex
538 2602 682 2633 persona
710 2593 897 2633 atheon-um,
914 2594 975 2624 lioc
1071 2598 1130 2626 104
1154 2593 1298 2632 Fercuta]
1328 2592 1358 2623 A
1384 2591 1523 2623 ferendo
1550 2597 1710 2624 vocantur

290 2639 376 2671 dicit
391 2641 508 2672 Poeta.
1028 2643 1075 2673 sic
1102 2651 1177 2672 vasa
1199 2642 1396 2683 eduliorum,
1419 2646 1455 2672 et
1479 2650 1539 2682 per
1563 2641 1709 2682 Synecd.

330 2691 372 2719 97
402 2690 476 2720 Vive
489 2700 600 2721 memor
613 2700 702 2729 quom
722 2690 766 2721 sis
787 2690 885 2722 brevis
901 2690 975 2730 aevi]
1028 2692 1100 2731 ipsa
1113 2690 1236 2731 edulia,
1250 2692 1315 2722 ὅτε.
1598 2695 1602 2698 ”

290 2736 441 2769 Eandem
456 2738 540 2770 hanc
557 2740 739 2770 orationem
756 2739 873 2771 tribuit
888 2739 974 2771 Her·
1057 2735 1058 2738 ’
