1930 3242
408 282 492 324 910

873 296 916 333 Q.
947 293 1151 324 noum-11
1188 292 1362 323 FLAcci

408 386 525 428 Meu'
544 389 713 428 moveat
733 386 875 426 cimex
897 384 1113 425 Pantilius
1130 398 1141 435 ;
1172 389 1247 425 aut
1266 386 1428 427 cruciet
1449 388 1567 440 quod

407 452 597 494 Vellicet
615 453 841 493 absentem
862 450 1144 490 Demetrius'l
1176 455 1251 491 aut
1271 452 1385 504 quod
1407 453 1578 506 ineptus

405 519 597 561 Fannius
619 516 906 567 Hermogenis
926 516 1058 556 laedat
1077 517 1261 557 conviva
1279 517 1467 570 Tigelli?

1766 521 1824 562 80

409 585 594 642 Plotius,
613 588 657 624 et
676 581 855 630 Varius,
877 581 1118 632 Maecenas,
1139 581 1453 637 Virgiliusque‚

408 650 609 701 Valgius,
629 651 672 688 et
690 648 844 700 probet
863 647 956 688 haec
977 647 1191 688 Octavius
1213 648 1419 700 optimus,
1440 654 1570 704 atque

408 716 577 755 Fuscus
594 727 605 764 ;
635 717 678 753 et
695 712 791 754 haec
811 713 975 754 utinam
996 714 1230 754 Viscorum
1247 714 1395 756 laudet
1413 719 1615 769 uterque:

406 779 656 820 Ambitione
676 779 881 830 relegata,
901 783 945 819 te
965 779 1110 820 dicere
1130 791 1327 832 possum,

406 845 564 893 Pollio,
584 849 642 894 te,
668 843 881 894 Messala,
901 849 981 884 tuo
1002 857 1103 885 cum
1123 844 1275 894 fratre3
1305 843 1519 898 simulque

1773 846 1830 888 85

406 950 458 982 An
473 954 588 982 moveat
603 960 649 982 me
664 951 819 982 Pantilius
832 951 951 982 cimex?
972 954 1025 982 aut
1045 953 1172 990 doleam,
1196 952 1274 991 quod
1295 951 1447 983 absentem
1467 962 1514 983 me
1530 951 1708 984 Demetrius
1727 961 1829 991 repre-

406 992 536 1023 hendat:
557 997 611 1023 aut
637 994 715 1032 quaed
735 994 902 1032 redarguat
925 1003 1031 1031 nugax
1047 994 1186 1024 Fannius
1202 993 1408 1031 Hermogenis
1425 993 1548 1032 Tigellii
1573 994 1719 1025 conviva?
1760 993 1826 1033 Ap-

402 1033 531 1073 probent
545 1033 605 1065 ista
620 1034 754 1072 Plotius,
769 1034 891 1073 Varius,
903 1035 1070 1073 Maecenas,
1086 1035 1248 1073 Virgilius.
1266 1034 1404 1072 Valgius,
1417 1035 1548 1073 optimus
1564 1037 1658 1066 etiam
1671 1035 1830 1073 Octavius,

405 1079 434 1106 et
449 1075 579 1114 Fuscus,
601 1085 715 1106 necnon
729 1075 815 1106 ambo
835 1076 919 1106 Visci
934 1077 1059 1106 laudent
1074 1076 1176 1106 velim.
1223 1075 1313 1105 Citra
1326 1075 1520 1106 ambitionem
1532 1076 1604 1107 licet
1617 1085 1771 1106 accensere
1786 1079 1829 1114 te,

405 1127 423 1147 ο
440 1117 540 1148 Pollio
549 1127 562 1154 ,·
579 1120 622 1158 te,
638 1127 654 1148 ο
667 1117 814 1157 Messala,
830 1127 897 1148 cum
911 1121 963 1148 tuo
977 1117 1084 1155 fratre
1092 1127 1104 1154 ,·
1126 1126 1180 1147 vos
1194 1125 1318 1156 quoque,
1334 1116 1446 1147 Bibule
1460 1119 1489 1147 et
1503 1115 1595 1148 Servi
1603 1127 1617 1154 ;
1638 1126 1676 1147 ac
1695 1120 1726 1148 te
1742 1117 1828 1157 pari-

989 1200 1205 1213 eaeooeaeoseoee
1210 1199 1229 1211 Ι·

405 1264 479 1294 Ecl.
496 1263 545 1296 x.'
567 1264 759 1296 Remu—rs
781 1263 910 1295 Omnes
933 1263 1030 1295 codd.
1055 1267 1089 1295 et
1115 1263 1194 1294 edd.
1220 1263 1323 1303 antiq.
1346 1263 1482 1300 σπείρῃ
1504 1261 1562 1294 sed
1577 1261 1694 1293 crucier
1707 1260 1832 1292 habent

405 1305 481 1336 edd.
504 1306 627 1338 Venet.
653 1309 746 1338 1559.
768 1306 927 1338 Glarean.
954 1305 1071 1337 Lamb.
1097 1306 1199 1346 Cruq.
1227 1306 1270 1338 al.
1299 1310 1377 1337 ante
1402 1305 1516 1337 Bentl.
1539 1304 1595 1346 qui
1617 1304 1666 1335 ita
1689 1302 1806 1334 scribit
1822 1312 1832 1332 ι

1050 1395 1188 1427 NOTAE

403 1457 622 1489 nobilioribus
660 1457 856 1498 placuisset.
899 1457 994 1488 Illius
1024 1465 1093 1487 me-

404 1507 500 1538 minit
513 1507 641 1537 Tullius
657 1506 700 1537 ad
716 1506 824 1538 Attic.
841 1515 890 1538 tv.
904 1508 954 1537 14.
975 1506 1093 1538 ‘Quae-

404 1557 451 1586 ris
475 1565 564 1587 nunc
585 1555 628 1586 de
648 1555 847 1586 Arbuscula.
890 1554 1000 1585 Valde
1021 1555 1091 1594 pla-

404 1604 487 1635 cuit.
534 1603 618 1634 Ludi
632 1603 798 1643 magnifici
814 1608 849 1634 et
865 1602 976 1643 grati!

445 1655 487 1684 78
524 1651 610 1683 Men’
644 1656 762 1683 moveat
789 1651 890 1682 cimex
915 1651 1090 1691 Pantilius]

405 1700 594 1732 Profitetur
607 1701 772 1732 Horatius
785 1710 903 1740 parum
919 1709 954 1731 se
968 1699 1094 1730 moveri

405 1750 556 1782 dicteriis
573 1749 712 1781 Pantilii
730 1758 855 1780 scurrae
875 1749 940 1789 ipsi
961 1748 1094 1780 obtrec-

405 1804 477 1830 tare
491 1799 627 1830 assueti.

450 1847 575 1887 cimex]
605 1848 695 1879 Gall.
717 1848 855 1887 panai-se.
898 1847 1091 1887 Metaphor.

404 1896 501 1927 bomo
517 1895 654 1936 putidus
676 1901 711 1927 et
725 1897 866 1926 mordax
881 1896 987 1926 instar
1002 1895 1091 1926 illius

404 1946 524 1978 insecti
549 1945 700 1976 omnibus
727 1945 824 1976 invisi
847 1950 882 1976 et
901 1945 1032 1976 molesti
1048 1944 1090 1975 ob

403 1995 557 2026 aculeum
579 1998 615 2025 et
629 1993 797 2025 foetorem.

448 2047 490 2075 79
512 2041 707 2081 Demetrius]
732 2043 832 2074 Hunc
849 2046 949 2072 autea
963 2041 1092 2072 siniium

406 2094 550 2125 vocavit.

448 2146 489 2174 80
529 2141 682 2181 Fannius]
714 2141 766 2171 De
799 2140 860 2171 hoc
891 2139 947 2170 vili
978 2138 1092 2179 poeta,

406 2192 488 2222 item
503 2191 546 2222 de
562 2191 777 2231 Hermogene
794 2189 950 2229 Tigellio,
974 2189 1006 2219 in
1021 2188 1092 2219 Sat.

407 2249 456 2271 lv.
470 2240 654 2280 superiore.

450 2292 487 2320 81
523 2289 648 2319 Plotius
675 2291 705 2318 et
737 2287 865 2326 Varius]
896 2287 949 2318 De
980 2285 1093 2317 Plotio

408 2339 532 2377 Tucca,
547 2338 579 2368 in
595 2337 666 2369 Sat.
686 2345 718 2368 V.
735 2336 880 2376 praeced.
912 2336 962 2366 De
977 2335 1093 2375 Vario,

410 2398 436 2420 1.
450 2388 516 2420 od.
532 2390 564 2418 6.

454 2437 624 2476 Maecenas]
645 2436 680 2467 Is
699 2437 903 2467 literatorum
925 2438 1095 2474 patronus,

410 2491 447 2518 et
476 2487 548 2527 ipse
577 2485 683 2516 literis
711 2484 909 2515 mirabiliter
937 2483 1096 2520 imbutus,

409 2536 576 2568 facilitate
602 2535 738 2575 ingenii,
761 2533 952 2575 eloquentia
969 2532 1095 2563 medio-

411 2586 514 2616 criter
529 2583 700 2622 excelluit,
715 2587 750 2614 et
764 2581 899 2623 poetica
918 2580 1093 2613 facultate.

409 2634 553 2674 Scripsit
574 2633 656 2664 varii
681 2631 815 2673 generis
835 2630 1002 2671 poemata,
1018 2629 1094 2660 Ele-

411 2682 494 2722 gias,
516 2681 725 2721 Tragoedias.
765 2679 820 2712 De
841 2679 986 2719 sepulcri
1015 2687 1093 2710 con-

411 2734 518 2761 temtu
539 2729 647 2760 fertur
671 2729 847 2760 cecinisse:
872 2733 881 2747 ⁸
895 2729 969 2759 Nec
985 2733 1093 2759 tumu-

410 2780 478 2811 lum
495 2788 593 2810 curo:
625 2779 746 2819 sepelit
762 2783 882 2810 natura
896 2777 1053 2809 relictos,¹

1192 1455 1360 1496 Virgilius]
1384 1456 1438 1487 De
1463 1455 1526 1486 hoc
1549 1453 1723 1495 poetarum
1738 1458 1830 1486 certe

1138 1501 1297 1546 'principe
1315 1505 1402 1535 nulla
1418 1514 1515 1546 quam
1533 1513 1640 1544 pauca
1655 1508 1831 1535 annotasse

1145 1559 1297 1593 praestat.

1184 1605 1226 1632 82
1254 1601 1398 1641 Valgius]
1425 1601 1465 1632 T.
1487 1601 1642 1640 Valgius,
1665 1599 1832 1630 consulari

1145 1656 1236 1682 ortus
1253 1650 1386 1689 familia,
1402 1651 1537 1691 elegans
1554 1650 1619 1681 fuit
1639 1650 1671 1680 in
1687 1649 1832 1680 conden-

1146 1699 1196 1730 dis
1217 1699 1432 1739 carminibus,
1458 1703 1544 1730 teste
1569 1699 1619 1730 vel
1633 1698 1766 1730 Tibullo
1787 1698 1831 1729 ad

1146 1748 1325 1779 Messalam
1355 1748 1403 1779 ita
1424 1748 1608 1786 scribente,
1629 1756 1676 1779 iv.
1700 1751 1729 1778 1.
1755 1749 1833 1778 179.

1145 1798 1155 1814 ⁴
1170 1798 1230 1828 Est
1248 1797 1308 1828 tibi
1330 1797 1386 1837 qui
1403 1796 1508 1836 possit
1523 1795 1651 1836 magnis
1666 1804 1702 1826 se
1723 1796 1831 1826 accin-

1147 1855 1227 1885 gere
1243 1845 1343 1876 rebus
1359 1845 1520 1885 Valgius:
1545 1850 1672 1876 veterno
1694 1845 1833 1885 propior

1146 1903 1212 1924 non
1235 1895 1320 1925 alter
1349 1893 1521 1925 Homero!
1567 1894 1619 1925 De
1641 1902 1681 1924 eo
1697 1893 1768 1933 jam
1790 1902 1832 1925 11.

1149 1942 1215 1973 Od.
1233 1945 1265 1974 9.
1280 1943 1342 1982 ipsi
1359 1942 1531 1983 inscripta.

1190 1992 1339 2022 Octavius
1362 1991 1507 2031 optimas]
1531 1990 1690 2031 Optimus
1711 2001 1832 2032 nempe

1144 2039 1172 2070 is
1207 2039 1307 2079 poeta
1347 2040 1511 2071 Historias
1548 2041 1649 2071 etiam
1685 2041 1833 2080 scripsit.

1145 2089 1248 2128 Cave,
1262 2089 1383 2129 lector,
1397 2098 1439 2119 ne
1452 2088 1639 2128 Augustum
1653 2089 1812 2130 accipias.

1187 2140 1227 2168 83
1253 2137 1385 2177 Fuscus]
1409 2138 1460 2168 De
1477 2137 1606 2168 Aristio
1621 2138 1728 2170 Fusco
1743 2139 1832 2170 cele-

1146 2186 1196 2216 bri
1213 2186 1442 2218 Grammatico
1464 2187 1534 2227 jam
1550 2191 1638 2226 ante,
1654 2197 1678 2219 1.
1695 2187 1761 2219 Od.
1777 2190 1832 2218 22-

1145 2235 1208 2276 ipsi
1230 2236 1406 2276 iuscripta,
1422 2236 1501 2267 item
1519 2237 1591 2267 Sat.
1614 2245 1667 2267 tx.
1685 2236 1831 2276 praeced.

1145 2284 1332 2322 iterumque
1351 2289 1467 2324 postea
1483 2293 1506 2315 1.
1529 2284 1637 2325 Epist.
1654 2287 1704 2316 10.

1193 2332 1350 2364 Viscorum
1364 2332 1503 2372 uterque]
1528 2333 1604 2363 Duo
1629 2341 1750 2372 nempe
1765 2331 1830 2363 fra-

1147 2386 1215 2415 tres
1226 2385 1332 2418 eraut,
1349 2381 1453 2411 bouus
1470 2385 1610 2421 uterque
1621 2380 1741 2421 poeta:
1760 2382 1831 2412 nati

1147 2437 1243 2474 patre
1268 2431 1367 2462 Vibio
1393 2430 1494 2462 Visco
1525 2431 1647 2472 Equite
1678 2430 1830 2461 Romano

1148 2482 1267 2523 opibus
1278 2485 1312 2512 et
1327 2480 1434 2521 gratia
1451 2480 1539 2520 apud
1555 2479 1744 2520 Augustum
1759 2481 1830 2520 pol-

1147 2533 1248 2563 lente.

1189 2582 1230 2611 84
1251 2578 1426 2610 Ambitione
1449 2578 1602 2618 relegata]
1630 2577 1732 2610 Citra·
1749 2578 1829 2610 adu-

1147 2628 1315 2660 lationem.

1188 2680 1228 2708 85
1267 2676 1384 2716 Pollio]
1413 2675 1548 2708 Asinius
1577 2676 1688 2708 Pollio
1717 2681 1829 2707 orator

1146 2726 1338 2768 praeclarus,
1350 2725 1501 2765 Augusto
1514 2729 1701 2765 pergratus,
1714 2725 1828 2756 Romae

1147 2776 1293 2807 scholam
1304 2774 1411 2806 tenuit
1425 2780 1502 2816 post
1513 2775 1724 2814 Timagenem
1738 2783 1746 2802 ε
1763 2772 1827 2814 pri-
