<?xml version="1.0" encoding="UTF-8"?>
<!DOCTYPE html PUBLIC "-//W3C//DTD XHTML 1.0 Transitional//EN"
    "http://www.w3.org/TR/xhtml1/DTD/xhtml1-transitional.dtd">
<html xmlns="http://www.w3.org/1999/xhtml" xml:lang="en" lang="en">
 <head>
  <title>
</title>
<meta http-equiv="Content-Type" content="text/html;charset=utf-8" />
  <meta name='ocr-system' content='tesseract 3.04.00' />
  <meta name='ocr-capabilities' content='ocr_page ocr_carea ocr_par ocr_line ocrx_word'/>
</head>
<body>
  <div class='ocr_page' id='page_1' title='image "./operazeune02horauoft_0362.png"; bbox 0 0 1930 3242; ppageno 0'>
   <div class='ocr_carea' id='block_1_1' title="bbox 324 296 1270 347">
    <p class='ocr_par' dir='ltr' id='par_1_1' title="bbox 324 296 1270 347">
     <span class='ocr_line' id='line_1_1' title="bbox 324 296 1270 347; baseline 0.002 -10"><span class='ocrx_word' id='word_1_1' title='bbox 324 296 408 338; x_wconf 79' lang='lat'><strong>902</strong></span> <span class='ocrx_word' id='word_1_2' title='bbox 788 310 830 347; x_wconf 83' lang='lat' dir='ltr'><strong>Q.</strong></span> <span class='ocrx_word' id='word_1_3' title='bbox 861 309 1067 339; x_wconf 72' lang='lat' dir='ltr'><strong>noaATn</strong></span> <span class='ocrx_word' id='word_1_4' title='bbox 1100 307 1270 339; x_wconf 71' lang='lat' dir='ltr'>FLACGI</span> 
     </span>
    </p>
   </div>
   <div class='ocr_carea' id='block_1_2' title="bbox 321 397 1524 718">
    <p class='ocr_par' dir='ltr' id='par_1_2' title="bbox 324 397 1296 453">
     <span class='ocr_line' id='line_1_2' title="bbox 324 397 1296 453; baseline 0.003 -14"><span class='ocrx_word' id='word_1_5' title='bbox 324 397 376 439; x_wconf 90' lang='lat' dir='ltr'><strong>In</strong></span> <span class='ocrx_word' id='word_1_6' title='bbox 396 399 565 453; x_wconf 84' lang='lat' dir='ltr'><strong>sylvam</strong></span> <span class='ocrx_word' id='word_1_7' title='bbox 585 413 668 440; x_wconf 92' lang='lat' dir='ltr'><strong>non</strong></span> <span class='ocrx_word' id='word_1_8' title='bbox 687 401 803 451; x_wconf 84' lang='lat' dir='ltr'><strong>ligna</strong></span> <span class='ocrx_word' id='word_1_9' title='bbox 823 400 935 439; x_wconf 83' lang='lat' dir='ltr'><strong>feras</strong></span> <span class='ocrx_word' id='word_1_10' title='bbox 954 400 1164 450; x_wconf 86' lang='lat' dir='ltr'><strong>insanius,</strong></span> <span class='ocrx_word' id='word_1_11' title='bbox 1185 413 1238 442; x_wconf 86' lang='lat' dir='ltr'><strong>ac</strong></span> <span class='ocrx_word' id='word_1_12' title='bbox 1259 402 1296 442; x_wconf 86' lang='lat' dir='ltr'><strong>si</strong></span> 
     </span>
    </p>

    <p class='ocr_par' dir='ltr' id='par_1_3' title="bbox 321 463 1524 718">
     <span class='ocr_line' id='line_1_3' title="bbox 324 463 1353 518; baseline 0.004 -14"><span class='ocrx_word' id='word_1_13' title='bbox 324 463 510 517; x_wconf 85' lang='lat' dir='ltr'><strong>Magnas</strong></span> <span class='ocrx_word' id='word_1_14' title='bbox 531 465 780 506; x_wconf 72' lang='lat' dir='ltr'><strong>Graecorum</strong></span> <span class='ocrx_word' id='word_1_15' title='bbox 801 466 926 505; x_wconf 87' lang='lat' dir='ltr'><strong>malis</strong></span> <span class='ocrx_word' id='word_1_16' title='bbox 944 465 1122 518; x_wconf 84' lang='lat' dir='ltr'><strong>implere</strong></span> <span class='ocrx_word' id='word_1_17' title='bbox 1143 470 1353 508; x_wconf 83' lang='lat' dir='ltr'><strong>catervas.</strong></span> 
     </span>
     <span class='ocr_line' id='line_1_4' title="bbox 321 529 1524 586; baseline 0.003 -16"><span class='ocrx_word' id='word_1_18' title='bbox 321 529 538 582; x_wconf 87' lang='lat' dir='ltr'><strong>Turgidus</strong></span> <span class='ocrx_word' id='word_1_19' title='bbox 557 530 743 582; x_wconf 88' lang='lat' dir='ltr'><strong>Alpinus</strong></span> <span class='ocrx_word' id='word_1_20' title='bbox 757 529 930 582; x_wconf 85' lang='lat' dir='ltr'><strong>jugulat</strong></span> <span class='ocrx_word' id='word_1_21' title='bbox 949 531 1048 570; x_wconf 92' lang='lat' dir='ltr'><strong>dum</strong></span> <span class='ocrx_word' id='word_1_22' title='bbox 1071 531 1318 582; x_wconf 83' lang='lat' dir='ltr'>Memnona,</span> <span class='ocrx_word' id='word_1_23' title='bbox 1339 532 1524 586; x_wconf 82' lang='lat' dir='ltr'><strong>dumque</strong></span> 
     </span>
     <span class='ocr_line' id='line_1_5' title="bbox 322 595 1396 651; baseline 0.003 -15"><span class='ocrx_word' id='word_1_24' title='bbox 322 595 516 648; x_wconf 86' lang='lat' dir='ltr'><strong>Diffingit</strong></span> <span class='ocrx_word' id='word_1_25' title='bbox 536 595 672 635; x_wconf 84' lang='lat' dir='ltr'>Rheni</span> <span class='ocrx_word' id='word_1_26' title='bbox 692 595 851 636; x_wconf 86' lang='lat' dir='ltr'><strong>luteum</strong></span> <span class='ocrx_word' id='word_1_27' title='bbox 871 603 1031 649; x_wconf 80' lang='lat' dir='ltr'><strong>caput3</strong></span> <span class='ocrx_word' id='word_1_28' title='bbox 1061 598 1156 639; x_wconf 83' lang='lat' dir='ltr'><strong>haec</strong></span> <span class='ocrx_word' id='word_1_29' title='bbox 1177 611 1256 651; x_wconf 84' lang='lat' dir='ltr'><strong>ego</strong></span> <span class='ocrx_word' id='word_1_30' title='bbox 1276 599 1396 648; x_wconf 87' lang='lat' dir='ltr'><strong>ludo,</strong></span> 
     </span>
     <span class='ocr_line' id='line_1_6' title="bbox 321 660 1473 718; baseline 0.004 -18"><span class='ocrx_word' id='word_1_31' title='bbox 321 660 432 710; x_wconf 84' lang='lat' dir='ltr'><strong>Quae</strong></span> <span class='ocrx_word' id='word_1_32' title='bbox 452 673 529 700; x_wconf 88' lang='lat' dir='ltr'><strong>nec</strong></span> <span class='ocrx_word' id='word_1_33' title='bbox 547 661 591 700; x_wconf 89' lang='lat' dir='ltr'><strong>in</strong></span> <span class='ocrx_word' id='word_1_34' title='bbox 612 660 727 700; x_wconf 89' lang='lat' dir='ltr'><strong>AEde</strong></span> <span class='ocrx_word' id='word_1_35' title='bbox 747 666 903 702; x_wconf 86' lang='lat' dir='ltr'><strong>sonent</strong></span> <span class='ocrx_word' id='word_1_36' title='bbox 922 665 1134 705; x_wconf 84' lang='lat' dir='ltr'>certantia</span> <span class='ocrx_word' id='word_1_37' title='bbox 1146 665 1296 718; x_wconf 86' lang='lat' dir='ltr'><strong>judice</strong></span> <span class='ocrx_word' id='word_1_38' title='bbox 1315 664 1473 718; x_wconf 81' lang='lat' dir='ltr'>Tarpa,</span> 
     </span>
    </p>
   </div>
   <div class='ocr_carea' id='block_1_3' title="bbox 1685 466 1741 511">
    <p class='ocr_par' dir='ltr' id='par_1_4' title="bbox 1685 466 1741 511">
     <span class='ocr_line' id='line_1_7' title="bbox 1685 466 1741 511; baseline -0.018 0"><span class='ocrx_word' id='word_1_39' title='bbox 1685 466 1741 511; x_wconf 77' lang='lat'><strong>35</strong></span> 
     </span>
    </p>
   </div>
   <div class='ocr_carea' id='block_1_4' title="bbox 318 779 1742 908">
    <p class='ocr_par' dir='ltr' id='par_1_5' title="bbox 318 779 1742 908">
     <span class='ocr_line' id='line_1_8' title="bbox 319 779 1742 823; baseline 0.004 -15"><span class='ocrx_word' id='word_1_40' title='bbox 319 779 438 810; x_wconf 76' lang='lat' dir='ltr'><strong>verbis:</strong></span> <span class='ocrx_word' id='word_1_41' title='bbox 464 780 537 809; x_wconf 83' lang='lat' dir='ltr'><strong>Non</strong></span> <span class='ocrx_word' id='word_1_42' title='bbox 550 781 678 811; x_wconf 77' lang='lat' dir='ltr'><strong>stultius</strong></span> <span class='ocrx_word' id='word_1_43' title='bbox 693 781 725 812; x_wconf 79' lang='lat' dir='ltr'><strong>in</strong></span> <span class='ocrx_word' id='word_1_44' title='bbox 744 783 858 822; x_wconf 78' lang='lat' dir='ltr'><em>sylvam</em></span> <span class='ocrx_word' id='word_1_45' title='bbox 871 787 973 823; x_wconf 81' lang='lat' dir='ltr'><strong>portes</strong></span> <span class='ocrx_word' id='word_1_46' title='bbox 996 784 1094 822; x_wconf 78' lang='lat' dir='ltr'><strong>ligna,</strong></span> <span class='ocrx_word' id='word_1_47' title='bbox 1113 794 1201 823; x_wconf 81' lang='lat' dir='ltr'><strong>quum</strong></span> <span class='ocrx_word' id='word_1_48' title='bbox 1216 795 1342 823; x_wconf 73' lang='lat' dir='ltr'><strong>magnae</strong></span> <span class='ocrx_word' id='word_1_49' title='bbox 1357 785 1537 816; x_wconf 82' lang='lat' dir='ltr'><strong>Graecorum</strong></span> <span class='ocrx_word' id='word_1_50' title='bbox 1557 787 1673 815; x_wconf 65' lang='lat' dir='ltr'><strong>turmas</strong></span> <span class='ocrx_word' id='word_1_51' title='bbox 1685 792 1742 813; x_wconf 74' lang='lat' dir='ltr'><strong>au·</strong></span> 
     </span>
     <span class='ocr_line' id='line_1_9' title="bbox 318 822 1740 867; baseline 0.004 -18"><span class='ocrx_word' id='word_1_52' title='bbox 318 829 393 858; x_wconf 85' lang='lat' dir='ltr'><strong>gere</strong></span> <span class='ocrx_word' id='word_1_53' title='bbox 406 822 536 851; x_wconf 78' lang='lat' dir='ltr'><strong>studeas.</strong></span> <span class='ocrx_word' id='word_1_54' title='bbox 579 822 688 862; x_wconf 75' lang='lat' dir='ltr'><strong>Itaque</strong></span> <span class='ocrx_word' id='word_1_55' title='bbox 701 824 773 854; x_wconf 81' lang='lat' dir='ltr'><strong>dum</strong></span> <span class='ocrx_word' id='word_1_56' title='bbox 792 825 921 865; x_wconf 77' lang='lat' dir='ltr'><strong>inflatus</strong></span> <span class='ocrx_word' id='word_1_57' title='bbox 935 825 1070 864; x_wconf 77' lang='lat' dir='ltr'><strong>Alpinus</strong></span> <span class='ocrx_word' id='word_1_58' title='bbox 1081 826 1210 864; x_wconf 74' lang='lat' dir='ltr'><strong>jugulat</strong></span> <span class='ocrx_word' id='word_1_59' title='bbox 1226 827 1428 867; x_wconf 78' lang='lat' dir='ltr'><strong><em>Memnonem,</em></strong></span> <span class='ocrx_word' id='word_1_60' title='bbox 1449 831 1480 857; x_wconf 83' lang='lat' dir='ltr'><strong>et</strong></span> <span class='ocrx_word' id='word_1_61' title='bbox 1501 827 1574 857; x_wconf 78' lang='lat' dir='ltr'><strong>dum</strong></span> <span class='ocrx_word' id='word_1_62' title='bbox 1591 833 1740 856; x_wconf 71' lang='lat' dir='ltr'><strong>coenosnm</strong></span> 
     </span>
     <span class='ocr_line' id='line_1_10' title="bbox 321 862 1741 908; baseline 0.006 -17"><span class='ocrx_word' id='word_1_63' title='bbox 321 862 553 899; x_wconf 76' lang='lat' dir='ltr'><strong>Rhenifontem</strong></span> <span class='ocrx_word' id='word_1_64' title='bbox 567 863 731 902; x_wconf 78' lang='lat' dir='ltr'><strong><em>deformat,</em></strong></span> <span class='ocrx_word' id='word_1_65' title='bbox 745 875 800 904; x_wconf 83' lang='lat' dir='ltr'><strong>ego</strong></span> <span class='ocrx_word' id='word_1_66' title='bbox 813 867 875 897; x_wconf 77' lang='lat' dir='ltr'><strong>ista</strong></span> <span class='ocrx_word' id='word_1_67' title='bbox 887 867 985 897; x_wconf 77' lang='lat' dir='ltr'><strong>scribo</strong></span> <span class='ocrx_word' id='word_1_68' title='bbox 999 866 1115 906; x_wconf 82' lang='lat' dir='ltr'><strong>lubens,</strong></span> <span class='ocrx_word' id='word_1_69' title='bbox 1129 877 1182 898; x_wconf 78' lang='grc' dir='ltr'><strong>ηεσ</strong></span> <span class='ocrx_word' id='word_1_70' title='bbox 1195 868 1351 899; x_wconf 75' lang='lat' dir='ltr'><strong>recitanda</strong></span> <span class='ocrx_word' id='word_1_71' title='bbox 1363 868 1397 899; x_wconf 73' lang='lat' dir='ltr'><strong>in</strong></span> <span class='ocrx_word' id='word_1_72' title='bbox 1411 868 1562 908; x_wconf 65' lang='lat' dir='ltr'><strong>Apollinis</strong></span> <span class='ocrx_word' id='word_1_73' title='bbox 1576 867 1685 906; x_wconf 80' lang='lat' dir='ltr'><strong>templo</strong></span> <span class='ocrx_word' id='word_1_74' title='bbox 1699 866 1741 895; x_wconf 74' lang='lat' dir='ltr'><strong>ad</strong></span> 
     </span>
    </p>
   </div>
   <div class='ocr_carea' id='block_1_5' title="bbox 912 971 1146 984">
    <p class='ocr_par' dir='ltr' id='par_1_6' title="bbox 912 971 1146 984">
     <span class='ocr_line' id='line_1_11' title="bbox 912 971 1146 984; baseline 0.004 -1"><span class='ocrx_word' id='word_1_75' title='bbox 912 971 1146 984; x_wconf 63' lang='lat' dir='ltr'><strong>oeeoeaeoeeeee</strong></span> 
     </span>
    </p>
   </div>
   <div class='ocr_carea' id='block_1_6' title="bbox 317 1031 1742 1407">
    <p class='ocr_par' dir='ltr' id='par_1_7' title="bbox 317 1031 1742 1407">
     <span class='ocr_line' id='line_1_12' title="bbox 318 1031 1740 1075; baseline 0.003 -16"><span class='ocrx_word' id='word_1_76' title='bbox 318 1038 365 1059; x_wconf 83' lang='lat' dir='ltr'><strong>me</strong></span> <span class='ocrx_word' id='word_1_77' title='bbox 379 1039 449 1060; x_wconf 81' lang='lat' dir='ltr'><strong>voce</strong></span> <span class='ocrx_word' id='word_1_78' title='bbox 466 1031 694 1071; x_wconf 77' lang='lat' dir='ltr'><strong>Cnning.—34</strong></span> <span class='ocrx_word' id='word_1_79' title='bbox 717 1033 727 1050; x_wconf 91' lang='lat'>‘</span> <span class='ocrx_word' id='word_1_80' title='bbox 744 1033 827 1065; x_wconf 86' lang='lat' dir='ltr'><strong>Sunt</strong></span> <span class='ocrx_word' id='word_1_81' title='bbox 849 1034 905 1074; x_wconf 87' lang='lat' dir='ltr'><strong>qui</strong></span> <span class='ocrx_word' id='word_1_82' title='bbox 925 1038 957 1065; x_wconf 78' lang='lat' dir='ltr'><strong>at</strong></span> <span class='ocrx_word' id='word_1_83' title='bbox 979 1035 1006 1065; x_wconf 75' lang='lat' dir='ltr'><strong>si</strong></span> <span class='ocrx_word' id='word_1_84' title='bbox 1031 1035 1205 1075; x_wconf 81' lang='lat' dir='ltr'><strong>legendum</strong></span> <span class='ocrx_word' id='word_1_85' title='bbox 1230 1035 1444 1066; x_wconf 80' lang='lat' dir='ltr'>existiment:</span> <span class='ocrx_word' id='word_1_86' title='bbox 1469 1038 1547 1065; x_wconf 86' lang='lat' dir='ltr'><strong>sunt</strong></span> <span class='ocrx_word' id='word_1_87' title='bbox 1563 1033 1619 1074; x_wconf 87' lang='lat' dir='ltr'><strong>qui</strong></span> <span class='ocrx_word' id='word_1_88' title='bbox 1641 1033 1740 1064; x_wconf 84' lang='lat' dir='ltr'><strong>aliter</strong></span> 
     </span>
     <span class='ocr_line' id='line_1_13' title="bbox 320 1073 1742 1115; baseline 0.002 -14"><span class='ocrx_word' id='word_1_89' title='bbox 320 1076 420 1111; x_wconf 85' lang='lat' dir='ltr'><strong>atque</strong></span> <span class='ocrx_word' id='word_1_90' title='bbox 437 1073 534 1103; x_wconf 76' lang='lat' dir='ltr'><strong>aliter</strong></span> <span class='ocrx_word' id='word_1_91' title='bbox 549 1074 808 1114; x_wconf 72' lang='lat' dir='ltr'><strong>inter-pungant3</strong></span> <span class='ocrx_word' id='word_1_92' title='bbox 832 1076 891 1106; x_wconf 88' lang='lat' dir='ltr'><strong>sed</strong></span> <span class='ocrx_word' id='word_1_93' title='bbox 908 1077 987 1107; x_wconf 88' lang='lat' dir='ltr'><strong>nihil</strong></span> <span class='ocrx_word' id='word_1_94' title='bbox 1004 1076 1268 1107; x_wconf 59' lang='lat' dir='ltr'><strong>immutandum?</strong></span> <span class='ocrx_word' id='word_1_95' title='bbox 1285 1076 1393 1106; x_wconf 83' lang='lat' dir='ltr'><strong>Lamb.</strong></span> <span class='ocrx_word' id='word_1_96' title='bbox 1435 1075 1578 1115; x_wconf 80' lang='lat' dir='ltr'><strong>Cuning.</strong></span> <span class='ocrx_word' id='word_1_97' title='bbox 1593 1074 1742 1113; x_wconf 63' lang='lat' dir='ltr'><strong>insanior,</strong></span> 
     </span>
     <span class='ocr_line' id='line_1_14' title="bbox 318 1113 1742 1157; baseline 0.004 -15"><span class='ocrx_word' id='word_1_98' title='bbox 318 1122 353 1142; x_wconf 81' lang='lat' dir='ltr'><strong>nc</strong></span> <span class='ocrx_word' id='word_1_99' title='bbox 376 1113 500 1144; x_wconf 53' lang='lat' dir='ltr'><strong>stu—37</strong></span> <span class='ocrx_word' id='word_1_100' title='bbox 525 1115 665 1156; x_wconf 70' lang='lat' dir='ltr'><strong>Dqfingt&#39;t</strong></span> <span class='ocrx_word' id='word_1_101' title='bbox 693 1116 790 1147; x_wconf 79' lang='lat' dir='ltr'><strong>Gott.</strong></span> <span class='ocrx_word' id='word_1_102' title='bbox 820 1117 915 1147; x_wconf 84' lang='lat' dir='ltr'><strong>Harl.</strong></span> <span class='ocrx_word' id='word_1_103' title='bbox 943 1120 975 1148; x_wconf 79' lang='lat'><strong>3.</strong></span> <span class='ocrx_word' id='word_1_104' title='bbox 1001 1121 1032 1148; x_wconf 81' lang='grc'><strong>6.</strong></span> <span class='ocrx_word' id='word_1_105' title='bbox 1056 1118 1204 1148; x_wconf 82' lang='lat' dir='ltr'><strong>nonnulli</strong></span> <span class='ocrx_word' id='word_1_106' title='bbox 1232 1127 1286 1157; x_wconf 86' lang='lat' dir='ltr'><strong>ap.</strong></span> <span class='ocrx_word' id='word_1_107' title='bbox 1313 1116 1500 1155; x_wconf 79' lang='lat' dir='ltr'><strong>Graevium,</strong></span> <span class='ocrx_word' id='word_1_108' title='bbox 1525 1116 1641 1146; x_wconf 83' lang='lat' dir='ltr'><strong>melior</strong></span> <span class='ocrx_word' id='word_1_109' title='bbox 1666 1124 1742 1154; x_wconf 72' lang='lat' dir='ltr'><strong>para</strong></span> 
     </span>
     <span class='ocr_line' id='line_1_15' title="bbox 318 1154 1741 1205; baseline 0.004 -22"><span class='ocrx_word' id='word_1_110' title='bbox 318 1154 417 1185; x_wconf 84' lang='lat' dir='ltr'><strong>codd.</strong></span> <span class='ocrx_word' id='word_1_111' title='bbox 434 1164 486 1195; x_wconf 85' lang='lat' dir='ltr'><strong>ap.</strong></span> <span class='ocrx_word' id='word_1_112' title='bbox 505 1156 616 1189; x_wconf 73' lang='lat' dir='ltr'><strong>nenti,</strong></span> <span class='ocrx_word' id='word_1_113' title='bbox 631 1167 746 1188; x_wconf 89' lang='lat' dir='ltr'><strong>omnes</strong></span> <span class='ocrx_word' id='word_1_114' title='bbox 762 1159 943 1193; x_wconf 85' lang='lat' dir='ltr'><strong>Torrentii,</strong></span> <span class='ocrx_word' id='word_1_115' title='bbox 960 1164 1086 1198; x_wconf 80' lang='lat' dir='ltr'><strong>praeter</strong></span> <span class='ocrx_word' id='word_1_116' title='bbox 1101 1160 1180 1198; x_wconf 89' lang='lat' dir='ltr'><strong>dno,</strong></span> <span class='ocrx_word' id='word_1_117' title='bbox 1197 1159 1274 1190; x_wconf 83' lang='lat' dir='ltr'><strong>edd.</strong></span> <span class='ocrx_word' id='word_1_118' title='bbox 1290 1162 1372 1190; x_wconf 85' lang='lat' dir='ltr'><strong>vett.</strong></span> <span class='ocrx_word' id='word_1_119' title='bbox 1394 1158 1505 1188; x_wconf 87' lang='lat' dir='ltr'><strong>Benti.</strong></span> <span class='ocrx_word' id='word_1_120' title='bbox 1520 1157 1621 1188; x_wconf 85' lang='lat' dir='ltr'><strong>Baxt.</strong></span> <span class='ocrx_word' id='word_1_121' title='bbox 1635 1155 1741 1205; x_wconf 52' lang='grc' dir='ltr'><strong>(ἔρδῃ.</strong></span> 
     </span>
     <span class='ocr_line' id='line_1_16' title="bbox 317 1195 1740 1241; baseline 0.001 -15"><span class='ocrx_word' id='word_1_122' title='bbox 317 1195 455 1235; x_wconf 87' lang='lat' dir='ltr'><strong>Bipont.</strong></span> <span class='ocrx_word' id='word_1_123' title='bbox 475 1197 597 1229; x_wconf 85' lang='lat' dir='ltr'><strong>Sanad.</strong></span> <span class='ocrx_word' id='word_1_124' title='bbox 622 1199 771 1238; x_wconf 84' lang='lat' dir='ltr'><strong>Francis,</strong></span> <span class='ocrx_word' id='word_1_125' title='bbox 798 1199 977 1241; x_wconf 82' lang='lat' dir='ltr'><strong>Heindorf,</strong></span> <span class='ocrx_word' id='word_1_126' title='bbox 995 1200 1126 1231; x_wconf 86' lang='lat' dir='ltr'><strong>Wakef.</strong></span> <span class='ocrx_word' id='word_1_127' title='bbox 1153 1206 1186 1231; x_wconf 83' lang='lat' dir='ltr'><strong>et</strong></span> <span class='ocrx_word' id='word_1_128' title='bbox 1211 1200 1314 1232; x_wconf 91' lang='lat' dir='ltr'><strong>Kidd.</strong></span> <span class='ocrx_word' id='word_1_129' title='bbox 1356 1199 1509 1239; x_wconf 78' lang='lat' dir='ltr'><strong>Depingie</strong></span> <span class='ocrx_word' id='word_1_130' title='bbox 1525 1198 1670 1230; x_wconf 81' lang='lat' dir='ltr'><strong>nonnulli</strong></span> <span class='ocrx_word' id='word_1_131' title='bbox 1685 1207 1740 1236; x_wconf 86' lang='lat' dir='ltr'><strong>ap.</strong></span> 
     </span>
     <span class='ocr_line' id='line_1_17' title="bbox 317 1236 1742 1283; baseline 0.002 -17"><span class='ocrx_word' id='word_1_132' title='bbox 317 1236 432 1269; x_wconf 85' lang='lat' dir='ltr'><strong>Bentl.</strong></span> <span class='ocrx_word' id='word_1_133' title='bbox 456 1244 490 1270; x_wconf 88' lang='lat' dir='ltr'><strong>et</strong></span> <span class='ocrx_word' id='word_1_134' title='bbox 506 1239 554 1270; x_wconf 87' lang='lat' dir='ltr'><strong>ita</strong></span> <span class='ocrx_word' id='word_1_135' title='bbox 569 1240 632 1280; x_wconf 83' lang='lat' dir='ltr'><strong>legi</strong></span> <span class='ocrx_word' id='word_1_136' title='bbox 650 1241 752 1280; x_wconf 84' lang='lat' dir='ltr'><strong>jussit</strong></span> <span class='ocrx_word' id='word_1_137' title='bbox 770 1241 934 1272; x_wconf 83' lang='lat' dir='ltr'><strong>Chishull.</strong></span> <span class='ocrx_word' id='word_1_138' title='bbox 979 1242 1103 1283; x_wconf 65' lang='lat' dir='ltr'><strong>Defigit</strong></span> <span class='ocrx_word' id='word_1_139' title='bbox 1126 1243 1258 1283; x_wconf 88' lang='lat' dir='ltr'><strong>qnidam</strong></span> <span class='ocrx_word' id='word_1_140' title='bbox 1281 1251 1335 1282; x_wconf 87' lang='lat' dir='ltr'><strong>ap.</strong></span> <span class='ocrx_word' id='word_1_141' title='bbox 1351 1241 1467 1273; x_wconf 81' lang='lat' dir='ltr'><strong>Graev.</strong></span> <span class='ocrx_word' id='word_1_142' title='bbox 1489 1245 1525 1272; x_wconf 78' lang='lat' dir='ltr'><strong>et</strong></span> <span class='ocrx_word' id='word_1_143' title='bbox 1539 1249 1650 1279; x_wconf 80' lang='lat' dir='ltr'><strong>margo</strong></span> <span class='ocrx_word' id='word_1_144' title='bbox 1666 1238 1742 1270; x_wconf 89' lang='lat' dir='ltr'><strong>cod.</strong></span> 
     </span>
     <span class='ocr_line' id='line_1_18' title="bbox 317 1278 1742 1324; baseline 0.002 -16"><span class='ocrx_word' id='word_1_145' title='bbox 317 1278 462 1311; x_wconf 85' lang='lat' dir='ltr'><strong>Heinsii.</strong></span> <span class='ocrx_word' id='word_1_146' title='bbox 505 1281 593 1312; x_wconf 82' lang='lat' dir='ltr'>Vide</span> <span class='ocrx_word' id='word_1_147' title='bbox 617 1282 744 1322; x_wconf 78' lang='lat' dir='ltr'><strong>Syllog.</strong></span> <span class='ocrx_word' id='word_1_148' title='bbox 770 1283 880 1322; x_wconf 79' lang='lat' dir='ltr'><strong>Epist.</strong></span> <span class='ocrx_word' id='word_1_149' title='bbox 906 1287 985 1315; x_wconf 89' lang='lat' dir='ltr'><strong>tom.</strong></span> <span class='ocrx_word' id='word_1_150' title='bbox 1006 1293 1056 1315; x_wconf 83' lang='grc' dir='ltr'><strong>ιν.</strong></span> <span class='ocrx_word' id='word_1_151' title='bbox 1083 1293 1140 1324; x_wconf 88' lang='lat' dir='ltr'><strong>pp.</strong></span> <span class='ocrx_word' id='word_1_152' title='bbox 1157 1287 1230 1315; x_wconf 78' lang='grc'>368.</span> <span class='ocrx_word' id='word_1_153' title='bbox 1245 1287 1318 1315; x_wconf 78' lang='grc'><strong>369.</strong></span> <span class='ocrx_word' id='word_1_154' title='bbox 1361 1282 1512 1324; x_wconf 60' lang='grc' dir='ltr'><strong>Βιζθῖηὲἰί</strong></span> <span class='ocrx_word' id='word_1_155' title='bbox 1536 1281 1634 1313; x_wconf 86' lang='lat' dir='ltr'><strong>Harl.</strong></span> <span class='ocrx_word' id='word_1_156' title='bbox 1657 1283 1688 1312; x_wconf 81' lang='lat'><strong>2.</strong></span> <span class='ocrx_word' id='word_1_157' title='bbox 1708 1283 1742 1311; x_wconf 74' lang='lat'><strong>4.</strong></span> 
     </span>
     <span class='ocr_line' id='line_1_19' title="bbox 318 1320 1741 1366; baseline 0.001 -16"><span class='ocrx_word' id='word_1_158' title='bbox 318 1320 454 1359; x_wconf 86' lang='lat' dir='ltr'><strong>quidam</strong></span> <span class='ocrx_word' id='word_1_159' title='bbox 482 1331 537 1360; x_wconf 86' lang='lat' dir='ltr'><strong>ap.</strong></span> <span class='ocrx_word' id='word_1_160' title='bbox 566 1323 679 1355; x_wconf 88' lang='lat' dir='ltr'><strong>Bentl.</strong></span> <span class='ocrx_word' id='word_1_161' title='bbox 723 1325 847 1356; x_wconf 88' lang='lat' dir='ltr'><strong>Venet.</strong></span> <span class='ocrx_word' id='word_1_162' title='bbox 872 1327 965 1356; x_wconf 83' lang='lat'>1559.</span> <span class='ocrx_word' id='word_1_163' title='bbox 987 1325 1027 1355; x_wconf 88' lang='lat' dir='ltr'><strong>R.</strong></span> <span class='ocrx_word' id='word_1_164' title='bbox 1051 1331 1086 1356; x_wconf 86' lang='lat' dir='ltr'><strong>et</strong></span> <span class='ocrx_word' id='word_1_165' title='bbox 1109 1325 1154 1356; x_wconf 80' lang='lat' dir='ltr'><strong>H.</strong></span> <span class='ocrx_word' id='word_1_166' title='bbox 1174 1324 1296 1366; x_wconf 74' lang='lat' dir='ltr'><strong>&#39;Steph-</strong></span> <span class='ocrx_word' id='word_1_167' title='bbox 1312 1326 1419 1356; x_wconf 91' lang='lat' dir='ltr'><strong>Bond.</strong></span> <span class='ocrx_word' id='word_1_168' title='bbox 1434 1323 1604 1356; x_wconf 82' lang='lat' dir='ltr'><strong>Schrevel.</strong></span> <span class='ocrx_word' id='word_1_169' title='bbox 1619 1321 1741 1362; x_wconf 86' lang='lat' dir='ltr'><strong>Delph.</strong></span> 
     </span>
     <span class='ocr_line' id='line_1_20' title="bbox 317 1361 1742 1407; baseline 0.002 -16"><span class='ocrx_word' id='word_1_170' title='bbox 317 1361 480 1399; x_wconf 85' lang='lat' dir='ltr'><strong>Dunster,</strong></span> <span class='ocrx_word' id='word_1_171' title='bbox 497 1364 605 1396; x_wconf 85' lang='lat' dir='ltr'><strong>Zeun.</strong></span> <span class='ocrx_word' id='word_1_172' title='bbox 621 1369 657 1395; x_wconf 88' lang='lat' dir='ltr'><strong>et</strong></span> <span class='ocrx_word' id='word_1_173' title='bbox 672 1366 811 1397; x_wconf 82' lang='lat' dir='ltr'><strong>Wetzel.</strong></span> <span class='ocrx_word' id='word_1_174' title='bbox 855 1366 1031 1405; x_wconf 61' lang='lat' dir='ltr'><strong>Diffringit</strong></span> <span class='ocrx_word' id='word_1_175' title='bbox 1051 1367 1158 1398; x_wconf 76' lang='lat' dir='ltr'><strong><em>Rhoeci</em></strong></span> <span class='ocrx_word' id='word_1_176' title='bbox 1178 1369 1293 1398; x_wconf 81' lang='lat' dir='ltr'><strong>luteum</strong></span> <span class='ocrx_word' id='word_1_177' title='bbox 1311 1370 1402 1407; x_wconf 80' lang='lat' dir='ltr'><strong>caput</strong></span> <span class='ocrx_word' id='word_1_178' title='bbox 1421 1367 1511 1398; x_wconf 81' lang='lat' dir='ltr'><strong>Dan.</strong></span> <span class='ocrx_word' id='word_1_179' title='bbox 1529 1365 1742 1397; x_wconf 74' lang='lat' dir='ltr'><strong>Heinsius.—</strong></span> 
     </span>
    </p>
   </div>
   <div class='ocr_carea' id='block_1_7' title="bbox 959 1458 1096 1494">
    <p class='ocr_par' dir='ltr' id='par_1_8' title="bbox 959 1458 1096 1494">
     <span class='ocr_line' id='line_1_21' title="bbox 959 1458 1096 1494; baseline -0.015 0"><span class='ocrx_word' id='word_1_180' title='bbox 959 1458 1096 1494; x_wconf 81' lang='lat' dir='ltr'>NOTAE</span> 
     </span>
    </p>
   </div>
   <div class='ocr_carea' id='block_1_8' title="bbox 313 1520 1007 2837">
    <p class='ocr_par' dir='ltr' id='par_1_9' title="bbox 315 1520 1007 1948">
     <span class='ocr_line' id='line_1_22' title="bbox 316 1520 1005 1564; baseline 0.012 -16"><span class='ocrx_word' id='word_1_181' title='bbox 316 1521 380 1557; x_wconf 88' lang='lat' dir='ltr'><strong>ret,</strong></span> <span class='ocrx_word' id='word_1_182' title='bbox 395 1520 624 1560; x_wconf 87' lang='lat' dir='ltr'><strong>proximajam</strong></span> <span class='ocrx_word' id='word_1_183' title='bbox 639 1524 910 1564; x_wconf 83' lang='lat' dir='ltr'><strong>aurora,quando</strong></span> <span class='ocrx_word' id='word_1_184' title='bbox 920 1533 1005 1555; x_wconf 83' lang='lat' dir='ltr'><strong>som-</strong></span> 
     </span>
     <span class='ocr_line' id='line_1_23' title="bbox 315 1569 1005 1612; baseline 0.012 -16"><span class='ocrx_word' id='word_1_185' title='bbox 315 1575 378 1596; x_wconf 85' lang='lat' dir='ltr'><strong>nus</strong></span> <span class='ocrx_word' id='word_1_186' title='bbox 401 1569 513 1598; x_wconf 92' lang='lat' dir='ltr'><strong>oculos</strong></span> <span class='ocrx_word' id='word_1_187' title='bbox 536 1570 626 1599; x_wconf 89' lang='lat' dir='ltr'><strong>molli</strong></span> <span class='ocrx_word' id='word_1_188' title='bbox 654 1571 783 1601; x_wconf 89' lang='lat' dir='ltr'><strong>vinculo</strong></span> <span class='ocrx_word' id='word_1_189' title='bbox 802 1572 946 1612; x_wconf 86' lang='lat' dir='ltr'><strong>detinet,</strong></span> <span class='ocrx_word' id='word_1_190' title='bbox 966 1582 1005 1604; x_wconf 86' lang='lat' dir='ltr'><strong>ac</strong></span> 
     </span>
     <span class='ocr_line' id='line_1_24' title="bbox 316 1617 1005 1656; baseline 0.01 -11"><span class='ocrx_word' id='word_1_191' title='bbox 316 1619 387 1645; x_wconf 86' lang='lat' dir='ltr'><strong>tum</strong></span> <span class='ocrx_word' id='word_1_192' title='bbox 404 1617 538 1647; x_wconf 83' lang='lat' dir='ltr'><strong>veracia</strong></span> <span class='ocrx_word' id='word_1_193' title='bbox 552 1624 737 1656; x_wconf 80' lang='lat' dir='ltr'><strong>pascuntur</strong></span> <span class='ocrx_word' id='word_1_194' title='bbox 752 1620 923 1651; x_wconf 89' lang='lat' dir='ltr'><strong>insomnia.</strong></span> <span class='ocrx_word' id='word_1_195' title='bbox 945 1622 1005 1652; x_wconf 83' lang='lat' dir='ltr'><strong>&#39;ri-</strong></span> 
     </span>
     <span class='ocr_line' id='line_1_25' title="bbox 316 1663 1005 1705; baseline 0.01 -11"><span class='ocrx_word' id='word_1_196' title='bbox 316 1663 397 1695; x_wconf 83' lang='lat' dir='ltr'><strong>bun.</strong></span> <span class='ocrx_word' id='word_1_197' title='bbox 423 1673 480 1696; x_wconf 76' lang='grc' dir='ltr'>ιιι.</span> <span class='ocrx_word' id='word_1_198' title='bbox 507 1668 539 1696; x_wconf 84' lang='grc'><strong>4.</strong></span> <span class='ocrx_word' id='word_1_199' title='bbox 571 1670 579 1684; x_wconf 78' lang='grc'>·</span> <span class='ocrx_word' id='word_1_200' title='bbox 597 1666 639 1696; x_wconf 92' lang='lat' dir='ltr'><strong>Di</strong></span> <span class='ocrx_word' id='word_1_201' title='bbox 663 1667 800 1698; x_wconf 85' lang='lat' dir='ltr'><strong>meliora</strong></span> <span class='ocrx_word' id='word_1_202' title='bbox 823 1668 946 1705; x_wconf 86' lang='lat' dir='ltr'><strong>ferant,</strong></span> <span class='ocrx_word' id='word_1_203' title='bbox 962 1679 1005 1701; x_wconf 86' lang='lat' dir='ltr'><strong>ne</strong></span> 
     </span>
     <span class='ocr_line' id='line_1_26' title="bbox 318 1712 1006 1756; baseline 0.012 -14"><span class='ocrx_word' id='word_1_204' title='bbox 318 1712 384 1743; x_wconf 85' lang='lat' dir='ltr'><strong>sint</strong></span> <span class='ocrx_word' id='word_1_205' title='bbox 408 1713 571 1745; x_wconf 87' lang='lat' dir='ltr'><strong>insomnia</strong></span> <span class='ocrx_word' id='word_1_206' title='bbox 595 1725 685 1756; x_wconf 82' lang='lat' dir='ltr'><strong>vera,</strong></span> <span class='ocrx_word' id='word_1_207' title='bbox 701 1717 785 1748; x_wconf 84' lang='lat' dir='ltr'><strong>Quae</strong></span> <span class='ocrx_word' id='word_1_208' title='bbox 803 1718 881 1749; x_wconf 86' lang='lat' dir='ltr'><strong>tulit</strong></span> <span class='ocrx_word' id='word_1_209' title='bbox 895 1725 1006 1750; x_wconf 81' lang='lat' dir='ltr'><strong>extre-</strong></span> 
     </span>
     <span class='ocr_line' id='line_1_27' title="bbox 315 1763 1007 1805; baseline 0.013 -14"><span class='ocrx_word' id='word_1_210' title='bbox 315 1770 370 1792; x_wconf 80' lang='lat' dir='ltr'><strong>ma</strong></span> <span class='ocrx_word' id='word_1_211' title='bbox 396 1763 546 1802; x_wconf 80' lang='lat' dir='ltr'><strong>proxima</strong></span> <span class='ocrx_word' id='word_1_212' title='bbox 570 1770 668 1795; x_wconf 83' lang='lat' dir='ltr'><strong>nocte</strong></span> <span class='ocrx_word' id='word_1_213' title='bbox 690 1766 808 1805; x_wconf 87' lang='lat' dir='ltr'><strong>quies.’</strong></span> <span class='ocrx_word' id='word_1_214' title='bbox 846 1767 947 1799; x_wconf 84' lang='lat' dir='ltr'><strong>ovid.</strong></span> <span class='ocrx_word' id='word_1_215' title='bbox 962 1769 1007 1799; x_wconf 90' lang='grc' dir='ltr'><strong>Ε-</strong></span> 
     </span>
     <span class='ocr_line' id='line_1_28' title="bbox 315 1810 1005 1856; baseline 0.01 -16"><span class='ocrx_word' id='word_1_216' title='bbox 315 1810 395 1850; x_wconf 80' lang='lat' dir='ltr'><strong>pist.</strong></span> <span class='ocrx_word' id='word_1_217' title='bbox 423 1811 546 1851; x_wconf 79' lang='lat' dir='ltr'><strong>Herus,</strong></span> <span class='ocrx_word' id='word_1_218' title='bbox 573 1822 620 1845; x_wconf 86' lang='lat' dir='ltr'><strong>vs.</strong></span> <span class='ocrx_word' id='word_1_219' title='bbox 642 1816 713 1844; x_wconf 83' lang='lat'>195.</span> <span class='ocrx_word' id='word_1_220' title='bbox 743 1815 918 1856; x_wconf 84' lang='lat' dir='ltr'><strong>‘Namque</strong></span> <span class='ocrx_word' id='word_1_221' title='bbox 944 1817 1005 1847; x_wconf 88' lang='lat' dir='ltr'><strong>sub</strong></span> 
     </span>
     <span class='ocr_line' id='line_1_29' title="bbox 317 1860 1006 1900; baseline 0.009 -11"><span class='ocrx_word' id='word_1_222' title='bbox 317 1860 527 1900; x_wconf 78' lang='lat' dir='ltr'><strong>aurora‚jam</strong></span> <span class='ocrx_word' id='word_1_223' title='bbox 537 1861 740 1892; x_wconf 79' lang='lat' dir='ltr'><strong>dormitante</strong></span> <span class='ocrx_word' id='word_1_224' title='bbox 753 1862 901 1899; x_wconf 82' lang='lat' dir='ltr'><strong>lucerna,</strong></span> <span class='ocrx_word' id='word_1_225' title='bbox 909 1864 1006 1894; x_wconf 88' lang='lat' dir='ltr'><strong>Tem-</strong></span> 
     </span>
     <span class='ocr_line' id='line_1_30' title="bbox 316 1909 976 1948; baseline 0.006 -10"><span class='ocrx_word' id='word_1_226' title='bbox 316 1916 398 1948; x_wconf 88' lang='lat' dir='ltr'><strong>pore</strong></span> <span class='ocrx_word' id='word_1_227' title='bbox 414 1917 479 1948; x_wconf 88' lang='lat' dir='ltr'><strong>quo</strong></span> <span class='ocrx_word' id='word_1_228' title='bbox 495 1909 586 1939; x_wconf 90' lang='lat' dir='ltr'><strong>cerni</strong></span> <span class='ocrx_word' id='word_1_229' title='bbox 606 1910 734 1940; x_wconf 85' lang='lat' dir='ltr'><strong>somnia</strong></span> <span class='ocrx_word' id='word_1_230' title='bbox 749 1919 831 1941; x_wconf 89' lang='lat' dir='ltr'><strong>vera</strong></span> <span class='ocrx_word' id='word_1_231' title='bbox 846 1912 976 1942; x_wconf 66' lang='lat' dir='ltr'><strong>solent!</strong></span> 
     </span>
    </p>

    <p class='ocr_par' dir='ltr' id='par_1_10' title="bbox 315 1958 1006 2050">
     <span class='ocr_line' id='line_1_31' title="bbox 359 1958 1006 2000; baseline 0.008 -12"><span class='ocrx_word' id='word_1_232' title='bbox 359 1960 400 1989; x_wconf 72' lang='lat'><strong>34</strong></span> <span class='ocrx_word' id='word_1_233' title='bbox 424 1958 463 1988; x_wconf 80' lang='lat' dir='ltr'><strong>In</strong></span> <span class='ocrx_word' id='word_1_234' title='bbox 483 1959 600 1999; x_wconf 74' lang='lat' dir='ltr'><strong>sylvam</strong></span> <span class='ocrx_word' id='word_1_235' title='bbox 616 1968 674 1989; x_wconf 83' lang='lat' dir='ltr'><strong>mm</strong></span> <span class='ocrx_word' id='word_1_236' title='bbox 690 1959 788 1998; x_wconf 78' lang='lat' dir='ltr'><strong>ligna,</strong></span> <span class='ocrx_word' id='word_1_237' title='bbox 803 1960 870 2000; x_wconf 57' lang='grc' dir='ltr'><strong>ξα]</strong></span> <span class='ocrx_word' id='word_1_238' title='bbox 892 1962 1006 1993; x_wconf 87' lang='lat' dir='ltr'><strong>Verba</strong></span> 
     </span>
     <span class='ocr_line' id='line_1_32' title="bbox 315 2007 1000 2050; baseline 0.004 -11"><span class='ocrx_word' id='word_1_239' title='bbox 315 2011 394 2039; x_wconf 82' lang='lat' dir='ltr'><strong>sunt</strong></span> <span class='ocrx_word' id='word_1_240' title='bbox 409 2007 540 2040; x_wconf 83' lang='lat' dir='ltr'><strong>Quirini</strong></span> <span class='ocrx_word' id='word_1_241' title='bbox 558 2008 734 2039; x_wconf 79' lang='lat' dir='ltr'><strong>Horatium</strong></span> <span class='ocrx_word' id='word_1_242' title='bbox 754 2009 1000 2050; x_wconf 85' lang='lat' dir='ltr'><strong>redarguentis.</strong></span> 
     </span>
    </p>

    <p class='ocr_par' dir='ltr' id='par_1_11' title="bbox 314 2058 1001 2196">
     <span class='ocr_line' id='line_1_33' title="bbox 358 2058 1001 2098; baseline 0.003 -10"><span class='ocrx_word' id='word_1_243' title='bbox 358 2059 397 2088; x_wconf 77' lang='lat'><strong>35</strong></span> <span class='ocrx_word' id='word_1_244' title='bbox 421 2058 558 2096; x_wconf 71' lang='lat' dir='ltr'><strong>Magnas</strong></span> <span class='ocrx_word' id='word_1_245' title='bbox 573 2058 752 2088; x_wconf 82' lang='lat' dir='ltr'><strong>Groecorum</strong></span> <span class='ocrx_word' id='word_1_246' title='bbox 770 2059 923 2098; x_wconf 77' lang='lat' dir='ltr'><strong>catervas]</strong></span> <span class='ocrx_word' id='word_1_247' title='bbox 945 2059 1001 2090; x_wconf 94' lang='lat' dir='ltr'><strong>In-</strong></span> 
     </span>
     <span class='ocr_line' id='line_1_34' title="bbox 315 2107 1000 2146; baseline 0.004 -10"><span class='ocrx_word' id='word_1_248' title='bbox 315 2110 448 2146; x_wconf 71' lang='lat' dir='ltr'><strong>gentem</strong></span> <span class='ocrx_word' id='word_1_249' title='bbox 474 2115 644 2137; x_wconf 88' lang='lat' dir='ltr'><strong>numerum</strong></span> <span class='ocrx_word' id='word_1_250' title='bbox 662 2107 859 2139; x_wconf 77' lang='lat' dir='ltr'><strong>Graecorum</strong></span> <span class='ocrx_word' id='word_1_251' title='bbox 877 2108 1000 2139; x_wconf 71' lang='lat' dir='ltr'><strong>Poeta-</strong></span> 
     </span>
     <span class='ocr_line' id='line_1_35' title="bbox 314 2155 670 2196; baseline -0.003 -10"><span class='ocrx_word' id='word_1_252' title='bbox 314 2165 384 2186; x_wconf 87' lang='lat' dir='ltr'><strong>rum</strong></span> <span class='ocrx_word' id='word_1_253' title='bbox 403 2156 453 2186; x_wconf 87' lang='lat' dir='ltr'><strong>vel</strong></span> <span class='ocrx_word' id='word_1_254' title='bbox 470 2155 670 2196; x_wconf 69' lang='lat' dir='ltr'><strong>poelmatum.</strong></span> 
     </span>
    </p>

    <p class='ocr_par' dir='ltr' id='par_1_12' title="bbox 313 2205 1003 2783">
     <span class='ocr_line' id='line_1_36' title="bbox 357 2205 1002 2246; baseline 0.005 -10"><span class='ocrx_word' id='word_1_255' title='bbox 357 2207 398 2236; x_wconf 75' lang='lat'><strong>36</strong></span> <span class='ocrx_word' id='word_1_256' title='bbox 427 2205 583 2244; x_wconf 70' lang='lat' dir='ltr'><strong>Tur-gidus</strong></span> <span class='ocrx_word' id='word_1_257' title='bbox 610 2205 741 2245; x_wconf 74' lang='lat' dir='ltr'><strong>Alpinus</strong></span> <span class='ocrx_word' id='word_1_258' title='bbox 766 2206 896 2246; x_wconf 82' lang='lat' dir='ltr'><strong>jugulat</strong></span> <span class='ocrx_word' id='word_1_259' title='bbox 930 2209 1002 2239; x_wconf 84' lang='lat' dir='ltr'><strong>dum</strong></span> 
     </span>
     <span class='ocr_line' id='line_1_37' title="bbox 315 2252 1002 2295; baseline 0.006 -11"><span class='ocrx_word' id='word_1_260' title='bbox 315 2252 497 2294; x_wconf 80' lang='lat' dir='ltr'><strong>Memnona]</strong></span> <span class='ocrx_word' id='word_1_261' title='bbox 509 2255 593 2294; x_wconf 83' lang='lat' dir='ltr'><strong>Ego,</strong></span> <span class='ocrx_word' id='word_1_262' title='bbox 608 2255 717 2295; x_wconf 91' lang='lat' dir='ltr'><strong>inquit</strong></span> <span class='ocrx_word' id='word_1_263' title='bbox 734 2255 872 2295; x_wconf 85' lang='lat' dir='ltr'><strong>Noster,</strong></span> <span class='ocrx_word' id='word_1_264' title='bbox 888 2266 907 2287; x_wconf 85' lang='lat' dir='ltr'><strong>a</strong></span> <span class='ocrx_word' id='word_1_265' title='bbox 919 2256 1002 2288; x_wconf 82' lang='lat' dir='ltr'><strong>Qui-</strong></span> 
     </span>
     <span class='ocr_line' id='line_1_38' title="bbox 314 2301 999 2344; baseline 0.004 -11"><span class='ocrx_word' id='word_1_266' title='bbox 314 2302 387 2333; x_wconf 90' lang='lat' dir='ltr'><strong>rino</strong></span> <span class='ocrx_word' id='word_1_267' title='bbox 407 2301 547 2334; x_wconf 85' lang='lat' dir='ltr'><strong>edoctus</strong></span> <span class='ocrx_word' id='word_1_268' title='bbox 570 2303 630 2334; x_wconf 82' lang='lat' dir='ltr'><strong>has</strong></span> <span class='ocrx_word' id='word_1_269' title='bbox 656 2304 734 2335; x_wconf 89' lang='lat' dir='ltr'><strong>ludo</strong></span> <span class='ocrx_word' id='word_1_270' title='bbox 753 2304 899 2344; x_wconf 81' lang='lat' dir='ltr'><strong>Satiras;</strong></span> <span class='ocrx_word' id='word_1_271' title='bbox 922 2306 999 2336; x_wconf 91' lang='lat' dir='ltr'><strong>dnm</strong></span> 
     </span>
     <span class='ocr_line' id='line_1_39' title="bbox 314 2351 1003 2395; baseline 0.004 -13"><span class='ocrx_word' id='word_1_272' title='bbox 314 2351 370 2382; x_wconf 89' lang='lat' dir='ltr'><strong>alii</strong></span> <span class='ocrx_word' id='word_1_273' title='bbox 392 2361 526 2384; x_wconf 86' lang='lat' dir='ltr'><strong>carmen</strong></span> <span class='ocrx_word' id='word_1_274' title='bbox 548 2352 716 2384; x_wconf 89' lang='lat' dir='ltr'><strong>heroicum</strong></span> <span class='ocrx_word' id='word_1_275' title='bbox 737 2354 855 2384; x_wconf 75' lang='lat' dir='ltr'><strong>misere</strong></span> <span class='ocrx_word' id='word_1_276' title='bbox 880 2355 1003 2395; x_wconf 78' lang='lat' dir='ltr'><strong>disper-</strong></span> 
     </span>
     <span class='ocr_line' id='line_1_40' title="bbox 315 2400 1002 2442; baseline 0.003 -10"><span class='ocrx_word' id='word_1_277' title='bbox 315 2400 413 2441; x_wconf 87' lang='lat' dir='ltr'><strong>dunt,</strong></span> <span class='ocrx_word' id='word_1_278' title='bbox 438 2405 567 2432; x_wconf 87' lang='lat' dir='ltr'><strong>temere</strong></span> <span class='ocrx_word' id='word_1_279' title='bbox 592 2411 630 2433; x_wconf 86' lang='lat' dir='ltr'><strong>ac</strong></span> <span class='ocrx_word' id='word_1_280' title='bbox 659 2402 774 2442; x_wconf 86' lang='lat' dir='ltr'><strong>inepte</strong></span> <span class='ocrx_word' id='word_1_281' title='bbox 796 2407 1002 2434; x_wconf 80' lang='lat' dir='ltr'><strong>attentantes</strong></span> 
     </span>
     <span class='ocr_line' id='line_1_41' title="bbox 314 2451 1001 2493; baseline 0.003 -11"><span class='ocrx_word' id='word_1_282' title='bbox 314 2460 418 2492; x_wconf 84' lang='lat' dir='ltr'><strong>grave</strong></span> <span class='ocrx_word' id='word_1_283' title='bbox 433 2451 601 2483; x_wconf 81' lang='lat' dir='ltr'><strong>scribendi</strong></span> <span class='ocrx_word' id='word_1_284' title='bbox 613 2460 738 2491; x_wconf 72' lang='lat' dir='ltr'><strong>genus:</strong></span> <span class='ocrx_word' id='word_1_285' title='bbox 755 2462 786 2484; x_wconf 89' lang='lat' dir='ltr'><strong>v.</strong></span> <span class='ocrx_word' id='word_1_286' title='bbox 802 2462 833 2493; x_wconf 84' lang='lat' dir='ltr'><strong>g.</strong></span> <span class='ocrx_word' id='word_1_287' title='bbox 850 2453 927 2484; x_wconf 88' lang='lat' dir='ltr'><strong>dum</strong></span> <span class='ocrx_word' id='word_1_288' title='bbox 944 2453 1001 2484; x_wconf 88' lang='lat' dir='ltr'><strong>Al-</strong></span> 
     </span>
     <span class='ocr_line' id='line_1_42' title="bbox 315 2499 1003 2540; baseline 0.006 -10"><span class='ocrx_word' id='word_1_289' title='bbox 315 2499 415 2539; x_wconf 84' lang='lat' dir='ltr'><strong>pinus</strong></span> <span class='ocrx_word' id='word_1_290' title='bbox 426 2499 470 2531; x_wconf 85' lang='lat' dir='ltr'><strong>de</strong></span> <span class='ocrx_word' id='word_1_291' title='bbox 481 2500 662 2531; x_wconf 89' lang='lat' dir='ltr'><strong>Memnone</strong></span> <span class='ocrx_word' id='word_1_292' title='bbox 675 2500 731 2540; x_wconf 87' lang='lat' dir='ltr'><strong>(ex</strong></span> <span class='ocrx_word' id='word_1_293' title='bbox 747 2499 882 2533; x_wconf 77' lang='lat' dir='ltr'><strong>Hesiodi</strong></span> <span class='ocrx_word' id='word_1_294' title='bbox 895 2502 1003 2534; x_wconf 86' lang='lat' dir='ltr'><strong>Theo-</strong></span> 
     </span>
     <span class='ocr_line' id='line_1_43' title="bbox 314 2548 1003 2588; baseline 0.006 -10"><span class='ocrx_word' id='word_1_295' title='bbox 314 2548 432 2588; x_wconf 82' lang='lat' dir='ltr'><strong>gonia)</strong></span> <span class='ocrx_word' id='word_1_296' title='bbox 447 2548 489 2579; x_wconf 88' lang='lat' dir='ltr'><strong>ab</strong></span> <span class='ocrx_word' id='word_1_297' title='bbox 511 2548 643 2579; x_wconf 84' lang='lat' dir='ltr'><strong>Achille</strong></span> <span class='ocrx_word' id='word_1_298' title='bbox 661 2548 843 2581; x_wconf 86' lang='lat' dir='ltr'><strong>interfecto</strong></span> <span class='ocrx_word' id='word_1_299' title='bbox 863 2555 931 2581; x_wconf 81' lang='lat' dir='ltr'><strong>tam</strong></span> <span class='ocrx_word' id='word_1_300' title='bbox 953 2551 1003 2582; x_wconf 88' lang='lat' dir='ltr'><strong>in·</strong></span> 
     </span>
     <span class='ocr_line' id='line_1_44' title="bbox 314 2596 1002 2638; baseline 0.007 -12"><span class='ocrx_word' id='word_1_301' title='bbox 314 2596 436 2627; x_wconf 81' lang='lat' dir='ltr'><strong>sulsam</strong></span> <span class='ocrx_word' id='word_1_302' title='bbox 464 2596 675 2637; x_wconf 82' lang='lat' dir='ltr'><strong>Tragoediam</strong></span> <span class='ocrx_word' id='word_1_303' title='bbox 709 2597 851 2638; x_wconf 85' lang='lat' dir='ltr'><strong>profert,</strong></span> <span class='ocrx_word' id='word_1_304' title='bbox 878 2598 1002 2632; x_wconf 76' lang='lat' dir='ltr'><strong>inflatis</strong></span> 
     </span>
     <span class='ocr_line' id='line_1_45' title="bbox 314 2645 1001 2690; baseline 0.01 -16"><span class='ocrx_word' id='word_1_305' title='bbox 314 2645 452 2686; x_wconf 87' lang='lat' dir='ltr'><strong>quidem</strong></span> <span class='ocrx_word' id='word_1_306' title='bbox 477 2650 513 2677; x_wconf 92' lang='lat' dir='ltr'><strong>et</strong></span> <span class='ocrx_word' id='word_1_307' title='bbox 535 2646 677 2685; x_wconf 78' lang='lat' dir='ltr'><strong>turgidis</strong></span> <span class='ocrx_word' id='word_1_308' title='bbox 698 2647 861 2688; x_wconf 83' lang='lat' dir='ltr'><strong>versibus,</strong></span> <span class='ocrx_word' id='word_1_309' title='bbox 878 2653 914 2680; x_wconf 90' lang='lat' dir='ltr'><strong>nt</strong></span> <span class='ocrx_word' id='word_1_310' title='bbox 929 2649 1001 2690; x_wconf 79' lang='lat' dir='ltr'><strong>ipse</strong></span> 
     </span>
     <span class='ocr_line' id='line_1_46' title="bbox 313 2694 999 2739; baseline 0.009 -15"><span class='ocrx_word' id='word_1_311' title='bbox 313 2694 420 2734; x_wconf 86' lang='lat' dir='ltr'><strong>magis</strong></span> <span class='ocrx_word' id='word_1_312' title='bbox 437 2704 535 2735; x_wconf 88' lang='lat' dir='ltr'><strong>qnam</strong></span> <span class='ocrx_word' id='word_1_313' title='bbox 549 2695 696 2728; x_wconf 86' lang='lat' dir='ltr'><strong>Achilles</strong></span> <span class='ocrx_word' id='word_1_314' title='bbox 715 2697 930 2730; x_wconf 89' lang='lat' dir='ltr'><strong>Memnonem</strong></span> <span class='ocrx_word' id='word_1_315' title='bbox 945 2698 999 2739; x_wconf 85' lang='lat' dir='ltr'><strong>ju-</strong></span> 
     </span>
     <span class='ocr_line' id='line_1_47' title="bbox 314 2742 611 2783; baseline 0.007 -10"><span class='ocrx_word' id='word_1_316' title='bbox 314 2743 430 2783; x_wconf 85' lang='lat' dir='ltr'><strong>gulare</strong></span> <span class='ocrx_word' id='word_1_317' title='bbox 447 2742 611 2776; x_wconf 83' lang='lat' dir='ltr'><strong>videatur.</strong></span> 
     </span>
    </p>

    <p class='ocr_par' dir='ltr' id='par_1_13' title="bbox 357 2791 998 2837">
     <span class='ocr_line' id='line_1_48' title="bbox 357 2791 998 2837; baseline 0.005 -14"><span class='ocrx_word' id='word_1_318' title='bbox 357 2792 503 2832; x_wconf 71' lang='lat' dir='ltr'><strong>Alpinus]</strong></span> <span class='ocrx_word' id='word_1_319' title='bbox 526 2791 631 2824; x_wconf 84' lang='lat' dir='ltr'><strong>Aulus</strong></span> <span class='ocrx_word' id='word_1_320' title='bbox 655 2794 830 2826; x_wconf 86' lang='lat' dir='ltr'><strong>Cornelius</strong></span> <span class='ocrx_word' id='word_1_321' title='bbox 858 2795 998 2837; x_wconf 79' lang='lat' dir='ltr'><strong>Alpinus</strong></span> 
     </span>
    </p>
   </div>
   <div class='ocr_carea' id='block_1_9' title="bbox 1053 1519 1742 2692">
    <p class='ocr_par' dir='ltr' id='par_1_14' title="bbox 1056 1519 1740 1711">
     <span class='ocr_line' id='line_1_49' title="bbox 1056 1519 1740 1565; baseline -0.007 -9"><span class='ocrx_word' id='word_1_322' title='bbox 1056 1525 1120 1556; x_wconf 87' lang='lat' dir='ltr'><strong>iste</strong></span> <span class='ocrx_word' id='word_1_323' title='bbox 1137 1525 1234 1565; x_wconf 83' lang='lat' dir='ltr'><strong>longe</strong></span> <span class='ocrx_word' id='word_1_324' title='bbox 1257 1528 1309 1556; x_wconf 87' lang='lat' dir='ltr'><strong>est</strong></span> <span class='ocrx_word' id='word_1_325' title='bbox 1332 1524 1415 1555; x_wconf 87' lang='lat' dir='ltr'><strong>alius</strong></span> <span class='ocrx_word' id='word_1_326' title='bbox 1439 1523 1480 1554; x_wconf 84' lang='lat' dir='ltr'><strong>ab</strong></span> <span class='ocrx_word' id='word_1_327' title='bbox 1501 1521 1621 1562; x_wconf 83' lang='lat' dir='ltr'><strong>insigni</strong></span> <span class='ocrx_word' id='word_1_328' title='bbox 1640 1519 1740 1561; x_wconf 58' lang='lat' dir='ltr'><strong>poi-‘ta</strong></span> 
     </span>
     <span class='ocr_line' id='line_1_50' title="bbox 1059 1570 1740 1613; baseline -0.009 -8"><span class='ocrx_word' id='word_1_329' title='bbox 1059 1575 1213 1605; x_wconf 87' lang='lat' dir='ltr'><strong>Cornelio</strong></span> <span class='ocrx_word' id='word_1_330' title='bbox 1229 1574 1340 1612; x_wconf 86' lang='lat' dir='ltr'><strong>Gallo,</strong></span> <span class='ocrx_word' id='word_1_331' title='bbox 1355 1572 1397 1603; x_wconf 90' lang='lat' dir='ltr'><strong>de</strong></span> <span class='ocrx_word' id='word_1_332' title='bbox 1411 1581 1475 1613; x_wconf 88' lang='lat' dir='ltr'><strong>quo</strong></span> <span class='ocrx_word' id='word_1_333' title='bbox 1490 1571 1608 1611; x_wconf 75' lang='lat' dir='ltr'><strong>Vir-gil.</strong></span> <span class='ocrx_word' id='word_1_334' title='bbox 1622 1570 1740 1609; x_wconf 76' lang='lat' dir='ltr'><strong>Eelog.</strong></span> 
     </span>
     <span class='ocr_line' id='line_1_51' title="bbox 1058 1620 1740 1655; baseline -0.009 -1"><span class='ocrx_word' id='word_1_335' title='bbox 1058 1632 1093 1654; x_wconf 83' lang='lat' dir='ltr'><strong>x.</strong></span> <span class='ocrx_word' id='word_1_336' title='bbox 1110 1628 1146 1653; x_wconf 79' lang='lat' dir='ltr'><strong>nt</strong></span> <span class='ocrx_word' id='word_1_337' title='bbox 1162 1622 1295 1653; x_wconf 79' lang='lat' dir='ltr'><strong>erudite</strong></span> <span class='ocrx_word' id='word_1_338' title='bbox 1311 1627 1425 1653; x_wconf 83' lang='lat' dir='ltr'><strong>monet</strong></span> <span class='ocrx_word' id='word_1_339' title='bbox 1439 1620 1645 1655; x_wconf 83' lang='lat' dir='ltr'><strong>Torrentius,</strong></span> <span class='ocrx_word' id='word_1_340' title='bbox 1660 1627 1740 1649; x_wconf 88' lang='lat' dir='ltr'><strong>con·</strong></span> 
     </span>
     <span class='ocr_line' id='line_1_52' title="bbox 1056 1671 1318 1711; baseline -0.004 -9"><span class='ocrx_word' id='word_1_341' title='bbox 1056 1675 1110 1702; x_wconf 90' lang='lat' dir='ltr'><strong>tra</strong></span> <span class='ocrx_word' id='word_1_342' title='bbox 1126 1671 1318 1711; x_wconf 88' lang='lat' dir='ltr'><strong>Cruquinm.</strong></span> 
     </span>
    </p>

    <p class='ocr_par' dir='ltr' id='par_1_15' title="bbox 1053 1716 1742 2337">
     <span class='ocr_line' id='line_1_53' title="bbox 1099 1716 1741 1761; baseline -0.006 -10"><span class='ocrx_word' id='word_1_343' title='bbox 1099 1723 1138 1751; x_wconf 79' lang='lat'><strong>3⁷</strong></span> <span class='ocrx_word' id='word_1_344' title='bbox 1168 1719 1318 1761; x_wconf 71' lang='lat' dir='ltr'><strong>Dffngit</strong></span> <span class='ocrx_word' id='word_1_345' title='bbox 1347 1718 1450 1750; x_wconf 69' lang='lat' dir='ltr'><strong>Rheni</strong></span> <span class='ocrx_word' id='word_1_346' title='bbox 1484 1718 1598 1749; x_wconf 76' lang='lat' dir='ltr'><strong>luteum</strong></span> <span class='ocrx_word' id='word_1_347' title='bbox 1633 1716 1741 1756; x_wconf 77' lang='lat' dir='ltr'><strong>caput]</strong></span> 
     </span>
     <span class='ocr_line' id='line_1_54' title="bbox 1055 1768 1740 1810; baseline -0.007 -9"><span class='ocrx_word' id='word_1_348' title='bbox 1055 1769 1151 1801; x_wconf 89' lang='lat' dir='ltr'><strong>Idem</strong></span> <span class='ocrx_word' id='word_1_349' title='bbox 1169 1769 1310 1810; x_wconf 86' lang='lat' dir='ltr'><strong>Alpinus</strong></span> <span class='ocrx_word' id='word_1_350' title='bbox 1328 1769 1468 1810; x_wconf 87' lang='lat' dir='ltr'><strong>Epicum</strong></span> <span class='ocrx_word' id='word_1_351' title='bbox 1491 1768 1591 1799; x_wconf 90' lang='lat' dir='ltr'><strong>etiam</strong></span> <span class='ocrx_word' id='word_1_352' title='bbox 1607 1774 1740 1798; x_wconf 86' lang='lat' dir='ltr'><strong>carmen</strong></span> 
     </span>
     <span class='ocr_line' id='line_1_55' title="bbox 1057 1814 1741 1854; baseline -0.004 -6"><span class='ocrx_word' id='word_1_353' title='bbox 1057 1818 1191 1849; x_wconf 84' lang='lat' dir='ltr'><strong>molitus</strong></span> <span class='ocrx_word' id='word_1_354' title='bbox 1215 1818 1327 1848; x_wconf 84' lang='lat' dir='ltr'><strong>fuerat</strong></span> <span class='ocrx_word' id='word_1_355' title='bbox 1354 1817 1396 1848; x_wconf 88' lang='lat' dir='ltr'><strong>de</strong></span> <span class='ocrx_word' id='word_1_356' title='bbox 1421 1817 1509 1848; x_wconf 89' lang='lat' dir='ltr'><strong>bello</strong></span> <span class='ocrx_word' id='word_1_357' title='bbox 1528 1814 1741 1854; x_wconf 75' lang='lat' dir='ltr'><strong>Germanico,</strong></span> 
     </span>
     <span class='ocr_line' id='line_1_56' title="bbox 1055 1863 1740 1906; baseline -0.004 -10"><span class='ocrx_word' id='word_1_358' title='bbox 1055 1867 1112 1897; x_wconf 89' lang='lat' dir='ltr'><strong>ubi</strong></span> <span class='ocrx_word' id='word_1_359' title='bbox 1137 1866 1290 1898; x_wconf 84' lang='lat' dir='ltr'><strong>Rhenum</strong></span> <span class='ocrx_word' id='word_1_360' title='bbox 1313 1866 1535 1906; x_wconf 83' lang='lat' dir='ltr'><strong>descripserat</strong></span> <span class='ocrx_word' id='word_1_361' title='bbox 1557 1863 1642 1895; x_wconf 82' lang='lat' dir='ltr'><strong>adeo</strong></span> <span class='ocrx_word' id='word_1_362' title='bbox 1663 1872 1740 1902; x_wconf 87' lang='lat' dir='ltr'><strong>per-</strong></span> 
     </span>
     <span class='ocr_line' id='line_1_57' title="bbox 1057 1912 1740 1955; baseline -0.006 -10"><span class='ocrx_word' id='word_1_363' title='bbox 1057 1915 1141 1955; x_wconf 87' lang='lat' dir='ltr'><strong>dite,</strong></span> <span class='ocrx_word' id='word_1_364' title='bbox 1170 1919 1207 1945; x_wconf 88' lang='lat' dir='ltr'><strong>ut</strong></span> <span class='ocrx_word' id='word_1_365' title='bbox 1235 1914 1346 1946; x_wconf 89' lang='lat' dir='ltr'><strong>nobile</strong></span> <span class='ocrx_word' id='word_1_366' title='bbox 1376 1913 1498 1944; x_wconf 88' lang='lat' dir='ltr'><strong>flumen</strong></span> <span class='ocrx_word' id='word_1_367' title='bbox 1529 1912 1740 1952; x_wconf 85' lang='lat' dir='ltr'><strong>deturparet,</strong></span> 
     </span>
     <span class='ocr_line' id='line_1_58' title="bbox 1053 1961 1741 2004; baseline -0.004 -10"><span class='ocrx_word' id='word_1_368' title='bbox 1053 1963 1201 2004; x_wconf 88' lang='lat' dir='ltr'><strong>limpidis</strong></span> <span class='ocrx_word' id='word_1_369' title='bbox 1217 1964 1310 2004; x_wconf 82' lang='lat' dir='ltr'><strong>aquis</strong></span> <span class='ocrx_word' id='word_1_370' title='bbox 1327 1963 1530 2004; x_wconf 82' lang='lat' dir='ltr'><strong>pulchroque</strong></span> <span class='ocrx_word' id='word_1_371' title='bbox 1544 1961 1647 2002; x_wconf 82' lang='lat' dir='ltr'><strong>capiti</strong></span> <span class='ocrx_word' id='word_1_372' title='bbox 1660 1969 1741 2002; x_wconf 83' lang='lat' dir='ltr'><strong>qna-</strong></span> 
     </span>
     <span class='ocr_line' id='line_1_59' title="bbox 1054 2012 1742 2052; baseline -0.006 -9"><span class='ocrx_word' id='word_1_373' title='bbox 1054 2013 1080 2042; x_wconf 78' lang='lat' dir='ltr'><strong>si</strong></span> <span class='ocrx_word' id='word_1_374' title='bbox 1096 2013 1213 2051; x_wconf 86' lang='lat' dir='ltr'><strong>lutum,</strong></span> <span class='ocrx_word' id='word_1_375' title='bbox 1224 2012 1342 2052; x_wconf 83' lang='lat' dir='ltr'><strong>grandi</strong></span> <span class='ocrx_word' id='word_1_376' title='bbox 1357 2016 1450 2043; x_wconf 81' lang='lat' dir='ltr'><strong>certe</strong></span> <span class='ocrx_word' id='word_1_377' title='bbox 1462 2014 1660 2051; x_wconf 84' lang='lat' dir='ltr'><strong>argumento</strong></span> <span class='ocrx_word' id='word_1_378' title='bbox 1673 2019 1742 2040; x_wconf 81' lang='lat' dir='ltr'><strong>sor-</strong></span> 
     </span>
     <span class='ocr_line' id='line_1_60' title="bbox 1054 2059 1742 2101; baseline -0.001 -11"><span class='ocrx_word' id='word_1_379' title='bbox 1054 2060 1112 2091; x_wconf 84' lang='lat' dir='ltr'><strong>des</strong></span> <span class='ocrx_word' id='word_1_380' title='bbox 1127 2070 1320 2101; x_wconf 87' lang='lat' dir='ltr'><strong>aspergens.</strong></span> <span class='ocrx_word' id='word_1_381' title='bbox 1355 2061 1433 2092; x_wconf 87' lang='lat' dir='ltr'><strong>Non</strong></span> <span class='ocrx_word' id='word_1_382' title='bbox 1446 2060 1504 2091; x_wconf 84' lang='lat' dir='ltr'><strong>abs</strong></span> <span class='ocrx_word' id='word_1_383' title='bbox 1520 2069 1557 2090; x_wconf 90' lang='lat' dir='ltr'><strong>re</strong></span> <span class='ocrx_word' id='word_1_384' title='bbox 1573 2063 1671 2100; x_wconf 81' lang='lat' dir='ltr'><strong>putes</strong></span> <span class='ocrx_word' id='word_1_385' title='bbox 1687 2059 1742 2090; x_wconf 86' lang='lat' dir='ltr'><strong>hic</strong></span> 
     </span>
     <span class='ocr_line' id='line_1_61' title="bbox 1054 2107 1740 2150; baseline -0.001 -10"><span class='ocrx_word' id='word_1_386' title='bbox 1054 2110 1153 2140; x_wconf 79' lang='lat' dir='ltr'><strong>alludi</strong></span> <span class='ocrx_word' id='word_1_387' title='bbox 1168 2109 1209 2140; x_wconf 86' lang='lat' dir='ltr'><strong>ad</strong></span> <span class='ocrx_word' id='word_1_388' title='bbox 1225 2119 1351 2141; x_wconf 84' lang='lat' dir='ltr'><strong>rnorem</strong></span> <span class='ocrx_word' id='word_1_389' title='bbox 1367 2109 1528 2150; x_wconf 88' lang='lat' dir='ltr'><strong>pingendi</strong></span> <span class='ocrx_word' id='word_1_390' title='bbox 1546 2107 1740 2147; x_wconf 82' lang='lat' dir='ltr'><strong>effingendi-</strong></span> 
     </span>
     <span class='ocr_line' id='line_1_62' title="bbox 1056 2158 1740 2200; baseline -0.004 -10"><span class='ocrx_word' id='word_1_391' title='bbox 1056 2169 1119 2200; x_wconf 85' lang='lat' dir='ltr'><strong>que</strong></span> <span class='ocrx_word' id='word_1_392' title='bbox 1143 2158 1261 2190; x_wconf 84' lang='lat' dir='ltr'><strong>fluvios</strong></span> <span class='ocrx_word' id='word_1_393' title='bbox 1288 2159 1400 2198; x_wconf 87' lang='lat' dir='ltr'><strong>specie</strong></span> <span class='ocrx_word' id='word_1_394' title='bbox 1422 2159 1577 2198; x_wconf 84' lang='lat' dir='ltr'><strong>hnmana,</strong></span> <span class='ocrx_word' id='word_1_395' title='bbox 1592 2167 1635 2190; x_wconf 87' lang='lat' dir='ltr'><strong>ex</strong></span> <span class='ocrx_word' id='word_1_396' title='bbox 1658 2166 1740 2188; x_wconf 83' lang='lat' dir='ltr'><strong>urna</strong></span> 
     </span>
     <span class='ocr_line' id='line_1_63' title="bbox 1056 2207 1738 2248; baseline -0.004 -9"><span class='ocrx_word' id='word_1_397' title='bbox 1056 2217 1174 2247; x_wconf 87' lang='lat' dir='ltr'><strong>aquam</strong></span> <span class='ocrx_word' id='word_1_398' title='bbox 1201 2207 1392 2239; x_wconf 79' lang='lat' dir='ltr'><strong>fundentes.</strong></span> <span class='ocrx_word' id='word_1_399' title='bbox 1433 2208 1519 2239; x_wconf 84' lang='lat' dir='ltr'><strong>Sunt</strong></span> <span class='ocrx_word' id='word_1_400' title='bbox 1539 2208 1595 2248; x_wconf 88' lang='lat' dir='ltr'><strong>qni</strong></span> <span class='ocrx_word' id='word_1_401' title='bbox 1623 2207 1738 2246; x_wconf 81' lang='lat' dir='ltr'><strong>legant</strong></span> 
     </span>
     <span class='ocr_line' id='line_1_64' title="bbox 1054 2253 1737 2298; baseline -0.006 -10"><span class='ocrx_word' id='word_1_402' title='bbox 1054 2256 1203 2298; x_wconf 76' lang='lat' dir='ltr'><strong>defingit:</strong></span> <span class='ocrx_word' id='word_1_403' title='bbox 1237 2256 1306 2292; x_wconf 78' lang='lat' dir='ltr'><strong>alii,</strong></span> <span class='ocrx_word' id='word_1_404' title='bbox 1334 2256 1495 2296; x_wconf 77' lang='lat' dir='ltr'><strong>depingit:</strong></span> <span class='ocrx_word' id='word_1_405' title='bbox 1541 2255 1601 2287; x_wconf 81' lang='lat' dir='ltr'><strong>sed</strong></span> <span class='ocrx_word' id='word_1_406' title='bbox 1629 2253 1737 2285; x_wconf 83' lang='lat' dir='ltr'><strong>minus</strong></span> 
     </span>
     <span class='ocr_line' id='line_1_65' title="bbox 1057 2306 1153 2337; baseline -0.01 0"><span class='ocrx_word' id='word_1_407' title='bbox 1057 2306 1153 2337; x_wconf 82' lang='lat' dir='ltr'><strong>bene.</strong></span> 
     </span>
    </p>

    <p class='ocr_par' dir='ltr' id='par_1_16' title="bbox 1054 2351 1740 2692">
     <span class='ocr_line' id='line_1_66' title="bbox 1097 2351 1739 2392; baseline -0.005 -7"><span class='ocrx_word' id='word_1_408' title='bbox 1097 2357 1138 2386; x_wconf 75' lang='lat'><strong>38</strong></span> <span class='ocrx_word' id='word_1_409' title='bbox 1162 2354 1240 2389; x_wconf 81' lang='lat' dir='ltr'><strong>Quoe</strong></span> <span class='ocrx_word' id='word_1_410' title='bbox 1250 2362 1304 2384; x_wconf 80' lang='lat' dir='ltr'><strong>nec</strong></span> <span class='ocrx_word' id='word_1_411' title='bbox 1319 2353 1351 2383; x_wconf 84' lang='lat' dir='ltr'><strong>in</strong></span> <span class='ocrx_word' id='word_1_412' title='bbox 1366 2353 1444 2383; x_wconf 86' lang='lat' dir='ltr'><strong>AEde</strong></span> <span class='ocrx_word' id='word_1_413' title='bbox 1457 2354 1563 2382; x_wconf 73' lang='lat' dir='ltr'><strong>sonent</strong></span> <span class='ocrx_word' id='word_1_414' title='bbox 1573 2351 1739 2392; x_wconf 74' lang='lat' dir='ltr'><strong>certantia]</strong></span> 
     </span>
     <span class='ocr_line' id='line_1_67' title="bbox 1054 2401 1738 2443; baseline -0.006 -8"><span class='ocrx_word' id='word_1_415' title='bbox 1054 2404 1153 2441; x_wconf 77' lang='lat' dir='ltr'><strong>Haec,</strong></span> <span class='ocrx_word' id='word_1_416' title='bbox 1167 2403 1314 2443; x_wconf 84' lang='lat' dir='ltr'><strong>inquam,</strong></span> <span class='ocrx_word' id='word_1_417' title='bbox 1333 2401 1441 2432; x_wconf 87' lang='lat' dir='ltr'><strong>scribo</strong></span> <span class='ocrx_word' id='word_1_418' title='bbox 1457 2401 1587 2440; x_wconf 78' lang='lat' dir='ltr'><strong>ludens,</strong></span> <span class='ocrx_word' id='word_1_419' title='bbox 1602 2401 1738 2432; x_wconf 86' lang='lat' dir='ltr'><strong>minime</strong></span> 
     </span>
     <span class='ocr_line' id='line_1_68' title="bbox 1055 2450 1739 2493; baseline -0.003 -9"><span class='ocrx_word' id='word_1_420' title='bbox 1055 2462 1134 2484; x_wconf 89' lang='lat' dir='ltr'><strong>vero</strong></span> <span class='ocrx_word' id='word_1_421' title='bbox 1158 2450 1362 2493; x_wconf 81' lang='lat' dir='ltr'><strong>propalanda</strong></span> <span class='ocrx_word' id='word_1_422' title='bbox 1384 2450 1417 2480; x_wconf 93' lang='lat' dir='ltr'><strong>in</strong></span> <span class='ocrx_word' id='word_1_423' title='bbox 1441 2450 1678 2482; x_wconf 82' lang='lat' dir='ltr'><strong>certaminibus</strong></span> <span class='ocrx_word' id='word_1_424' title='bbox 1703 2455 1739 2482; x_wconf 90' lang='lat' dir='ltr'><strong>et</strong></span> 
     </span>
     <span class='ocr_line' id='line_1_69' title="bbox 1055 2498 1738 2539; baseline -0.006 -6"><span class='ocrx_word' id='word_1_425' title='bbox 1055 2499 1341 2533; x_wconf 87' lang='lat' dir='ltr'><strong>commissionibus</strong></span> <span class='ocrx_word' id='word_1_426' title='bbox 1361 2498 1535 2539; x_wconf 70' lang='lat' dir='ltr'><strong>poetarum</strong></span> <span class='ocrx_word' id='word_1_427' title='bbox 1548 2498 1590 2530; x_wconf 90' lang='lat' dir='ltr'><strong>ab</strong></span> <span class='ocrx_word' id='word_1_428' title='bbox 1608 2499 1738 2538; x_wconf 82' lang='lat' dir='ltr'><strong>Augus-</strong></span> 
     </span>
     <span class='ocr_line' id='line_1_70' title="bbox 1055 2546 1737 2588; baseline -0.004 -6"><span class='ocrx_word' id='word_1_429' title='bbox 1055 2555 1091 2582; x_wconf 91' lang='lat' dir='ltr'><strong>to</strong></span> <span class='ocrx_word' id='word_1_430' title='bbox 1107 2549 1277 2588; x_wconf 77' lang='lat' dir='ltr'><strong>institutis,</strong></span> <span class='ocrx_word' id='word_1_431' title='bbox 1301 2548 1389 2588; x_wconf 88' lang='lat' dir='ltr'><strong>apud</strong></span> <span class='ocrx_word' id='word_1_432' title='bbox 1407 2546 1572 2588; x_wconf 84' lang='lat' dir='ltr'><strong>Apollinis</strong></span> <span class='ocrx_word' id='word_1_433' title='bbox 1588 2547 1737 2579; x_wconf 84' lang='lat' dir='ltr'><strong>Palatini</strong></span> 
     </span>
     <span class='ocr_line' id='line_1_71' title="bbox 1054 2593 1738 2640; baseline -0.003 -9"><span class='ocrx_word' id='word_1_434' title='bbox 1054 2599 1227 2640; x_wconf 89' lang='lat' dir='ltr'><strong>templum.</strong></span> <span class='ocrx_word' id='word_1_435' title='bbox 1269 2598 1324 2629; x_wconf 90' lang='lat' dir='ltr'><strong>De</strong></span> <span class='ocrx_word' id='word_1_436' title='bbox 1353 2607 1419 2639; x_wconf 91' lang='lat' dir='ltr'><strong>quo</strong></span> <span class='ocrx_word' id='word_1_437' title='bbox 1444 2598 1585 2629; x_wconf 81' lang='lat' dir='ltr'><strong>disserui</strong></span> <span class='ocrx_word' id='word_1_438' title='bbox 1611 2593 1738 2629; x_wconf 71' lang='lat' dir='ltr'><strong>dudum</strong></span> 
     </span>
     <span class='ocr_line' id='line_1_72' title="bbox 1054 2646 1740 2692; baseline -0.001 -12"><span class='ocrx_word' id='word_1_439' title='bbox 1054 2650 1088 2680; x_wconf 89' lang='lat' dir='ltr'><strong>in</strong></span> <span class='ocrx_word' id='word_1_440' title='bbox 1125 2647 1233 2679; x_wconf 77' lang='lat' dir='ltr'><strong>Persii</strong></span> <span class='ocrx_word' id='word_1_441' title='bbox 1260 2647 1417 2686; x_wconf 84' lang='lat' dir='ltr'><strong>Prologo.</strong></span> <span class='ocrx_word' id='word_1_442' title='bbox 1474 2646 1564 2678; x_wconf 85' lang='lat' dir='ltr'><strong>Vide</strong></span> <span class='ocrx_word' id='word_1_443' title='bbox 1598 2647 1740 2692; x_wconf 85' lang='lat' dir='ltr'><strong>Suetou.</strong></span> 
     </span>
    </p>
   </div>
   <div class='ocr_carea' id='block_1_10' title="bbox 1055 2693 1736 2783">
    <p class='ocr_par' dir='ltr' id='par_1_17' title="bbox 1055 2693 1736 2783">
     <span class='ocr_line' id='line_1_73' title="bbox 1055 2693 1330 2735; baseline -0.015 -7"><span class='ocrx_word' id='word_1_444' title='bbox 1055 2697 1176 2728; x_wconf 82' lang='lat' dir='ltr'><strong>octav.</strong></span> <span class='ocrx_word' id='word_1_445' title='bbox 1193 2705 1266 2735; x_wconf 89' lang='lat' dir='ltr'><strong>cap.</strong></span> <span class='ocrx_word' id='word_1_446' title='bbox 1279 2693 1330 2725; x_wconf 79' lang='lat'><strong>89.</strong></span> 
     </span>
     <span class='ocr_line' id='line_1_74' title="bbox 1093 2742 1736 2783; baseline -0.002 -8"><span class='ocrx_word' id='word_1_447' title='bbox 1093 2745 1205 2777; x_wconf 77' lang='lat' dir='ltr'><strong>Judice</strong></span> <span class='ocrx_word' id='word_1_448' title='bbox 1222 2742 1338 2783; x_wconf 82' lang='lat' dir='ltr'><strong>Tarpa]</strong></span> <span class='ocrx_word' id='word_1_449' title='bbox 1361 2742 1502 2783; x_wconf 82' lang='lat' dir='ltr'><strong>Spurius</strong></span> <span class='ocrx_word' id='word_1_450' title='bbox 1518 2742 1642 2774; x_wconf 79' lang='lat' dir='ltr'><strong>Metius</strong></span> <span class='ocrx_word' id='word_1_451' title='bbox 1657 2743 1736 2774; x_wconf 78' lang='lat' dir='ltr'><strong>Tar-</strong></span> 
     </span>
    </p>
   </div>
   <div class='ocr_carea' id='block_1_11' title="bbox 1054 2792 1738 2835">
    <p class='ocr_par' dir='ltr' id='par_1_18' title="bbox 1054 2792 1738 2835">
     <span class='ocr_line' id='line_1_75' title="bbox 1054 2792 1738 2835; baseline -0.004 -10"><span class='ocrx_word' id='word_1_452' title='bbox 1054 2804 1098 2835; x_wconf 90' lang='lat' dir='ltr'><strong>pa</strong></span> <span class='ocrx_word' id='word_1_453' title='bbox 1107 2793 1320 2825; x_wconf 82' lang='lat' dir='ltr'><strong>recitantium</strong></span> <span class='ocrx_word' id='word_1_454' title='bbox 1332 2792 1466 2824; x_wconf 89' lang='lat' dir='ltr'><strong>auditor</strong></span> <span class='ocrx_word' id='word_1_455' title='bbox 1473 2792 1738 2832; x_wconf 62' lang='lat' dir='ltr'><strong>assiduusmnns-</strong></span> 
     </span>
    </p>
   </div>
  </div>
 </body>
</html>
