1930 3242
426 311 510 352 950
895 325 938 361 Q.
969 322 1175 352 noRATu
1208 322 1379 353 nacci

426 411 662 465 Culpantur
676 413 833 453 frustra
852 412 1026 461 calami,
1046 413 1367 468 immeritusque
1385 415 1552 457 laborat

426 476 554 518 Iratis
575 481 700 518 natus
720 477 864 529 paries
884 477 966 517 Dis
985 481 1112 532 atque
1130 479 1292 532 poetis.

423 542 563 595 Atqui
584 544 727 583 vultus
749 546 842 582 erat
860 543 995 583 multa
1014 548 1057 585 et
1077 545 1288 597 praeclara
1306 546 1526 596 minantis,

424 607 472 648 Si
493 619 676 649 vacuum
698 605 849 660 tepido
871 608 1062 660 cepisset
1080 610 1232 651 villula
1253 614 1379 653 tecto.
1787 614 1841 654 10

425 672 644 722 Quorsum
663 672 876 724 pertinuit
895 673 1052 727 stipare
1072 675 1258 717 Platona
1278 676 1546 718 Menandro?

418 791 570 831 prohibet.
612 793 688 826 Sine
701 804 790 826 causa
804 797 934 827 calamos
947 805 1087 827 accusas:
1109 805 1163 827 nec
1169 796 1242 834 jure
1255 797 1384 828 caditur
1394 798 1496 838 paries
1508 797 1616 836 factus
1634 799 1771 830 adversis
1785 808 1840 830 nu-

421 833 553 865 minibus
567 838 598 865 et
611 835 719 875 poetis.
765 837 809 867 Ae
822 838 909 868 vultu
923 838 1017 868 malea
1035 841 1066 868 et
1086 838 1200 868 eximia
1214 839 1389 879 spondebas,
1404 850 1471 870 cum
1483 840 1615 880 primum
1629 841 1702 871 villa
1716 840 1840 871 domici-

421 874 463 905 lio
477 876 590 907 calenti
604 880 633 908 te
647 877 825 918 excepisset.
861 878 944 914 Quid
954 880 1078 918 prodest
1092 879 1268 917 adiunxisse
1284 881 1442 912 Platonem
1456 882 1627 912 Menandro
1638 892 1649 911 .-
1669 885 1759 922 atque
1774 882 1840 912 Eu-

1018 971 1153 984 OWOO
1157 971 1253 984 0000st

422 1034 457 1060 et
474 1029 570 1063 Leid.
596 1033 692 1065 Harl.
705 1036 735 1065 3.
760 1038 795 1065 et
810 1033 886 1065 edd.
902 1035 1006 1076 antiq.
1033 1041 1068 1066 et
1088 1040 1231 1068 recentt.
1252 1040 1328 1076 post
1351 1037 1466 1068 Bentl.
1481 1040 1515 1067 ot
1529 1037 1678 1076 imin—9
1699 1035 1839 1075 cuning.

419 1071 543 1103 Sauad.
558 1079 593 1105 et
610 1075 762 1115 Francis,
775 1077 872 1107 multa
887 1086 922 1106 αι·
942 1078 1191 1116 praeclara.—1o
1214 1079 1328 1109 Bentl.
1345 1078 1432 1118 conj.
1449 1078 1549 1117 tepido
1563 1088 1588 1109 c.
1605 1088 1635 1109 υ.
1649 1078 1737 1117 lecto,
1750 1077 1839 1117 quod

1063 1170 1206 1202 NOTAE

463 1230 484 1259 6
507 1228 648 1270 Nirea]
672 1231 764 1262 Nihil
792 1233 1018 1264 excusationis
1047 1233 1103 1265 ha-

419 1276 489 1308 bes.

465 1328 638 1367 culpantur
656 1329 782 1366 frustra
805 1330 931 1370 calami]
956 1331 1032 1362 Non
1054 1335 1106 1362 est

419 1375 508 1416 qnod
535 1377 711 1415 pueriliter
745 1379 878 1417 eulpam
907 1379 1039 1418 rejicias
1070 1380 1103 1410 in

418 1425 563 1454 calamos
580 1434 696 1464 parum
712 1425 861 1457 idoneos.
906 1427 990 1458 Vide
1008 1427 1103 1459 Pers.

417 1473 488 1504 Sat.
518 1481 574 1504 111.
604 1473 678 1504 init.
710 1474 776 1505 ubi.
819 1475 922 1505 ‘Tum
952 1476 1103 1516 queritur

418 1530 551 1552 crassus
566 1522 694 1553 calamo
709 1523 797 1563 quod
818 1523 964 1563 pendeat
977 1524 1106 1555 humor.

420 1592 428 1602 .
444 1592 452 1601 .
467 1593 475 1601 .
487 1570 540 1601 An
558 1571 617 1601 tali
633 1571 786 1602 studeam
801 1573 928 1603 calamo
937 1571 959 1603 ,θ’

460 1621 479 1648 7
503 1618 738 1658 Imma-itusque
752 1619 880 1658 laborat,
894 1620 962 1660 δῖα]
983 1621 1105 1652 Imme-

419 1667 485 1698 rito
501 1667 603 1699 caedis
629 1668 807 1708 parietem,
830 1668 933 1700 iratus
947 1670 1035 1710 quod
1053 1680 1106 1701 vo-

418 1717 461 1747 tis
487 1717 725 1756 respondentia
757 1726 823 1748 non
857 1718 966 1758 pariat
1000 1728 1106 1750 mens.

418 1767 516 1797 Pers.
532 1767 602 1797 Sat.
619 1775 643 1797 1.
659 1769 732 1797 106.
753 1766 763 1783 ⁴
780 1766 855 1797 Nec
875 1768 1025 1806 pluteum
1040 1777 1104 1799 cae-

417 1814 494 1852 dit:
519 1816 582 1845 «stc.
625 1815 767 1847 Quintil.
798 1823 833 1845 x.
864 1817 895 1846 3.
921 1816 1021 1846 ‘Tum
1045 1817 1105 1847 illa

418 1872 494 1903 quae
533 1862 734 1902 apertiorem
766 1863 865 1893 animi
897 1868 1022 1894 motum
1054 1873 1105 1895 se·

418 1916 580 1953 quuntur,
594 1933 603 1942 .
614 1934 622 1943 .
631 1934 639 1943 .
648 1913 784 1952 jactare
791 1922 935 1951 manum,
946 1918 1103 1953 torquere

417 1961 546 1992 vultum
551 1982 658 1998 .....
674 1970 818 2001 qtiaeque
834 1961 969 1992 Persius
986 1963 1103 2000 notat‚'

417 2012 480 2042 &c-
526 2010 592 2041 Hic
607 2010 753 2041 nonnulli
766 2019 942 2050 perperam
957 2011 1103 2043 afferunt

417 2058 523 2090 fuisse
541 2059 711 2090 veteribus
734 2060 881 2099 parietes
905 2067 1051 2100 ceratos,
1068 2062 1102 2092 in

419 2108 539 2148 quibus
555 2111 655 2139 noctu
666 2107 853 2139 scriberent
866 2109 986 2149 siquid
999 2110 1104 2140 menti

417 2161 619 2188 occurreret.
665 2156 710 2187 At
725 2155 860 2188 fuerunt
873 2157 998 2188 tabulae
1011 2167 1103 2189 cera-

418 2209 487 2242 te3
510 2214 592 2245 quas
614 2204 761 2244 quidem,
782 2206 836 2236 vel
857 2205 999 2237 fortasse
1015 2207 1103 2247 ipsas

417 2252 604 2293 parietibus
633 2254 721 2284 lecto
744 2254 902 2293 proximis
926 2264 1102 2296 appensas,

420 2306 551 2334 ceratos
577 2302 722 2342 parietes
755 2303 975 2343 interpretari
1007 2306 1103 2337 licet.

349 2363 355 2370 ·
419 2351 519 2382 Prior
541 2355 654 2382 tamen
679 2351 869 2391 explicandi
892 2354 978 2384 ratio
1000 2354 1104 2395 magis

419 2400 559 2431 arridet.

462 2451 483 2479 8
506 2449 604 2479 Iratis
623 2451 715 2480 natus
731 2449 833 2488 paries
846 2449 920 2486 Dis,
933 2451 1002 2491 ξω]
1038 2452 1105 2485 Qui

419 2506 540 2538 nempe
568 2497 669 2528 toties
702 2497 869 2529 immerito
896 2499 1105 2541 verberetur,

418 2546 535 2577 Poetis
562 2556 653 2577 snam
675 2547 933 2578 exonerantibus
955 2548 1105 2588 indigna-

420 2595 545 2626 tionem
576 2601 609 2626 et
632 2596 712 2626 iram
733 2596 822 2636 quod
840 2597 966 2628 animus
982 2599 1105 2630 eximia

418 2652 483 2674 non
499 2646 720 2684 excogitaret.
774 2645 829 2676 Ita
845 2650 973 2677 veteres
987 2646 1103 2680 dixere

418 2693 496 2724 Diis
512 2693 658 2725 adversis
672 2692 756 2733 fieri,
769 2694 888 2736 siquid
903 2696 989 2727 male
1003 2697 1101 2728 cede-

420 2745 484 2773 ret.

464 2793 503 2821 1⁰
525 2789 564 2821 Si
576 2799 703 2821 vacuum
721 2791 835 2832 tepido,
851 2791 919 2832 &ct-J
940 2792 1100 2824 Horatius

1156 1234 1333 1274 impatiens
1371 1233 1504 1274 frigoris
1539 1233 1573 1264 in
1607 1233 1718 1263 villam
1749 1241 1840 1263 suam

1157 1292 1263 1323 prope
1282 1283 1459 1313 Tarentum
1483 1282 1642 1313 secedere
1661 1291 1842 1314 consueve-

1157 1336 1220 1362 rat.
1243 1340 1283 1362 ιι.
1300 1332 1366 1363 Od.
1383 1334 1414 1363 6.
1436 1331 1529 1362 ‘Ver
1555 1331 1612 1362 ubi
1634 1331 1779 1370 longum,
1793 1335 1842 1361 te·

1157 1382 1318 1421 pidasque
1350 1381 1481 1420 praebet
1515 1379 1652 1420 Jupiter
1685 1377 1841 1410 brumas-¹

1157 1437 1182 1460 ι.
1209 1429 1316 1468 Epist.
1341 1431 1373 1459 7.
1395 1429 1405 1445 ‘
1421 1427 1520 1460 Quod
1551 1428 1579 1458 si
1607 1427 1724 1458 bruma
1749 1427 1841 1457 nives

1152 1475 1290 1507 Albanis
1315 1477 1422 1507 illinet
1455 1476 1556 1516 agris,
1588 1474 1642 1507 Ad
1667 1484 1759 1506 mare
1782 1474 1841 1506 de-

1153 1525 1294 1557 scendet
1318 1530 1412 1557 vates
1439 1525 1536 1565 tuus‚’
1566 1527 1628 1557 &c.
1681 1524 1768 1556 vide
1805 1529 1840 1555 et

1155 1576 1266 1616 Epist.
1283 1583 1360 1606 xvi.

1197 1626 1212 1653 l
1220 1627 1234 1654 1
1261 1624 1411 1658 Quorsum
1425 1623 1587 1663 pertinuit,
1597 1622 1666 1662 ξω]
1676 1623 1840 1655 Quorsum

1155 1670 1260 1710 igitur
1297 1676 1348 1703 tot
1375 1671 1484 1702 libros
1508 1677 1619 1703 tecum
1654 1671 1804 1702 detulisti
1829 1672 1842 1701 ?

1159 1719 1348 1757 Platonem,
1373 1719 1414 1750 ad
1435 1719 1628 1751 sententias.
1671 1719 1783 1759 Epist.
1799 1719 1841 1750 ad

1158 1767 1229 1798 Pis.
1257 1767 1362 1799 ‘Rem
1387 1768 1448 1799 tibi
1474 1767 1655 1799 Socratica*
1682 1772 1841 1807 poterunt

1157 1816 1336 1847 ostendere
1357 1816 1506 1848 chartael
1547 1816 1783 1854 Menandrum,
1797 1816 1840 1847 ad

1157 1873 1284 1894 morum
1310 1864 1540 1900 imitationem,
1565 1873 1630 1904 qua
1654 1863 1839 1903 praeeellit:

1156 1912 1352 1951 Eupolidem
1377 1918 1412 1942 et
1431 1911 1680 1951 Archilochum,
1700 1911 1741 1942 ad
1755 1911 1841 1943 sales

1155 1965 1189 1991 et
1204 1961 1430 1992 acrimoniam.
1474 1961 1559 1994 Quae
1582 1961 1713 2001 quidem
1729 1958 1840 1993 omnia

1149 2009 1318 2049 juvabant
1344 2009 1545 2049 scripturum
1566 2010 1708 2042 Satiras.
1753 2010 1840 2042 Vide

1155 2058 1307 2089 Platonis
1321 2057 1490 2089 Alcibiad.
1505 2062 1630 2097 poster.
1642 2058 1731 2090 unde
1745 2058 1840 2100 hajiis

1156 2108 1297 2137 materia
1310 2107 1428 2137 Satin-as
1443 2106 1608 2138 desumta.

1197 2156 1345 2196 Platona]
1369 2155 1441 2187 Cic.
1454 2155 1496 2186 de
1512 2155 1610 2187 Orat.
1631 2160 1641 2175 ‘
1655 2156 1732 2188 Non
1743 2156 1842 2191 intei-

1154 2205 1281 2245 ligendi
1296 2205 1415 2239 solum,
1431 2204 1490 2235 sed
1506 2205 1606 2236 etiam
1622 2204 1755 2236 dicendi
1766 2214 1840 2245 gra-

1158 2253 1307 2284 vissimus
1330 2256 1446 2283 auctor
1474 2257 1509 2284 et
1531 2254 1692 2294 magister
1717 2253 1839 2284 Pisto:

1156 2303 1201 2334 Et
1217 2308 1356 2342 postea:
1381 2302 1391 2319 ‘
1408 2302 1556 2332 Platonis
1578 2302 1704 2333 locutio
1726 2303 1838 2342 potius

1156 2353 1274 2393 poema
1299 2350 1481 2392 putandum
1506 2360 1602 2392 quam
1628 2352 1839 2384 Comieorum

1158 2399 1362 2434 Poetarum:

1199 2447 1383 2488 Menandro]
1416 2447 1483 2478 Hic
1507 2447 1646 2479 Athenis
1670 2449 1840 2489 oriundus,

1157 2509 1252 2530 novae
1284 2495 1461 2529 Comoediae
1491 2497 1636 2536 scriptor
1665 2497 1836 2530 eximius:

1157 2557 1253 2588 quem
1273 2545 1451 2577 Terentius
1474 2550 1609 2576 secutus
1626 2550 1690 2576 est.
1731 2547 1839 2579 Quin.

1157 2599 1206 2629 til.
1221 2606 1256 2629 x.
1272 2599 1301 2627 1.
1323 2597 1332 2613 ‘
1346 2596 1409 2626 Vel
1422 2594 1528 2634 nnus‚’
1540 2595 1661 2635 inquit,
1676 2595 1687 2612 ‘
1698 2595 1839 2636 diligen-

1156 2651 1210 2678 ter
1231 2647 1340 2677 lectus
1363 2644 1403 2674 ad
1420 2648 1543 2675 cuncta
1556 2643 1734 2676 efficienda
1747 2645 1838 2678 suffi-

1153 2696 1220 2727 ciat
1235 2692 1442 2725 Menander:
1459 2693 1507 2724 ita
1520 2702 1650 2725 omnem
1663 2694 1741 2725 vite
1756 2694 1838 2726 ima-

1130 2763 1131 2767 «
1152 2744 1262 2786 ginem
1283 2742 1470 2783 expressit:
1496 2746 1590 2773 tanta
1605 2742 1641 2773 in
1656 2752 1696 2774 eo
1710 2743 1837 2774 inveni-

1152 2793 1231 2825 endi
1246 2793 1355 2834 copia,
1368 2796 1404 2824 et
1419 2791 1596 2832 eloquendi
1609 2791 1772 2825 facultas:
1787 2793 1837 2826 ita
