<?xml version="1.0" encoding="UTF-8"?>
<!DOCTYPE html PUBLIC "-//W3C//DTD XHTML 1.0 Transitional//EN"
    "http://www.w3.org/TR/xhtml1/DTD/xhtml1-transitional.dtd">
<html xmlns="http://www.w3.org/1999/xhtml" xml:lang="en" lang="en">
 <head>
  <title>
</title>
<meta http-equiv="Content-Type" content="text/html;charset=utf-8" />
  <meta name='ocr-system' content='tesseract 3.04.00' />
  <meta name='ocr-capabilities' content='ocr_page ocr_carea ocr_par ocr_line ocrx_word'/>
</head>
<body>
  <div class='ocr_page' id='page_1' title='image "./operazeune02horauoft_0188.png"; bbox 0 0 1904 3256; ppageno 0'>
   <div class='ocr_carea' id='block_1_1' title="bbox 404 265 1357 318">
    <p class='ocr_par' dir='ltr' id='par_1_1' title="bbox 404 265 1357 318">
     <span class='ocr_line' id='line_1_1' title="bbox 404 265 1357 318; baseline 0.004 -13"><span class='ocrx_word' id='word_1_1' title='bbox 404 265 489 306; x_wconf 81' lang='lat'><strong>728</strong></span> <span class='ocrx_word' id='word_1_2' title='bbox 875 282 918 318; x_wconf 77' lang='lat' dir='ltr'><strong>q.</strong></span> <span class='ocrx_word' id='word_1_3' title='bbox 948 278 1152 309; x_wconf 79' lang='lat' dir='ltr'>HORATH</span> <span class='ocrx_word' id='word_1_4' title='bbox 1188 279 1357 309; x_wconf 59' lang='lat' dir='ltr'><strong>ensem</strong></span> 
     </span>
    </p>
   </div>
   <div class='ocr_carea' id='block_1_2' title="bbox 570 367 1554 739">
    <p class='ocr_par' dir='ltr' id='par_1_2' title="bbox 570 367 1492 552">
     <span class='ocr_line' id='line_1_2' title="bbox 570 367 1488 421; baseline 0.003 -12"><span class='ocrx_word' id='word_1_5' title='bbox 570 367 769 418; x_wconf 83' lang='lat' dir='ltr'>Canidia,</span> <span class='ocrx_word' id='word_1_6' title='bbox 790 381 919 421; x_wconf 85' lang='lat' dir='ltr'><strong>parce</strong></span> <span class='ocrx_word' id='word_1_7' title='bbox 938 368 1122 409; x_wconf 84' lang='lat' dir='ltr'><strong>vocibus</strong></span> <span class='ocrx_word' id='word_1_8' title='bbox 1142 369 1314 410; x_wconf 87' lang='lat' dir='ltr'><strong>tandem</strong></span> <span class='ocrx_word' id='word_1_9' title='bbox 1335 372 1488 421; x_wconf 83' lang='lat' dir='ltr'><strong>sacris,</strong></span> 
     </span>
     <span class='ocr_line' id='line_1_3' title="bbox 572 433 1492 485; baseline 0.002 -12"><span class='ocrx_word' id='word_1_10' title='bbox 572 433 802 485; x_wconf 89' lang='lat' dir='ltr'><strong>Citumque</strong></span> <span class='ocrx_word' id='word_1_11' title='bbox 821 436 931 472; x_wconf 88' lang='lat' dir='ltr'><strong>retro</strong></span> <span class='ocrx_word' id='word_1_12' title='bbox 951 433 1091 483; x_wconf 87' lang='lat' dir='ltr'><strong>solve,</strong></span> <span class='ocrx_word' id='word_1_13' title='bbox 1112 434 1249 483; x_wconf 86' lang='lat' dir='ltr'><strong>solve,</strong></span> <span class='ocrx_word' id='word_1_14' title='bbox 1270 437 1492 478; x_wconf 82' lang='lat' dir='ltr'><strong>turbinem.</strong></span> 
     </span>
     <span class='ocr_line' id='line_1_4' title="bbox 575 498 1416 552; baseline 0.006 -15"><span class='ocrx_word' id='word_1_15' title='bbox 575 498 715 538; x_wconf 90' lang='lat' dir='ltr'><strong>Movit</strong></span> <span class='ocrx_word' id='word_1_16' title='bbox 733 501 935 549; x_wconf 83' lang='lat' dir='ltr'><strong>nepotem</strong></span> <span class='ocrx_word' id='word_1_17' title='bbox 956 498 1180 552; x_wconf 82' lang='lat' dir='ltr'><strong>Telephus</strong></span> <span class='ocrx_word' id='word_1_18' title='bbox 1198 499 1416 550; x_wconf 71' lang='lat' dir='ltr'><strong>Nemium,</strong></span> 
     </span>
    </p>

    <p class='ocr_par' dir='ltr' id='par_1_3' title="bbox 570 564 1554 739">
     <span class='ocr_line' id='line_1_5' title="bbox 571 564 1428 619; baseline 0.008 -18"><span class='ocrx_word' id='word_1_19' title='bbox 571 564 624 603; x_wconf 93' lang='lat' dir='ltr'><strong>In</strong></span> <span class='ocrx_word' id='word_1_20' title='bbox 645 575 770 614; x_wconf 89' lang='lat' dir='ltr'><strong>quem</strong></span> <span class='ocrx_word' id='word_1_21' title='bbox 791 564 1007 615; x_wconf 87' lang='lat' dir='ltr'><strong>superbus</strong></span> <span class='ocrx_word' id='word_1_22' title='bbox 1026 565 1241 607; x_wconf 79' lang='lat' dir='ltr'><strong>ordinarat</strong></span> <span class='ocrx_word' id='word_1_23' title='bbox 1259 568 1428 619; x_wconf 80' lang='lat' dir='ltr'>agmina</span> 
     </span>
     <span class='ocr_line' id='line_1_6' title="bbox 570 627 1554 682; baseline 0.006 -17"><span class='ocrx_word' id='word_1_24' title='bbox 570 627 811 678; x_wconf 90' lang='lat' dir='ltr'>Mysorum,</span> <span class='ocrx_word' id='word_1_25' title='bbox 833 631 877 668; x_wconf 90' lang='lat' dir='ltr'><strong>et</strong></span> <span class='ocrx_word' id='word_1_26' title='bbox 897 628 940 668; x_wconf 90' lang='lat' dir='ltr'><strong>in</strong></span> <span class='ocrx_word' id='word_1_27' title='bbox 961 641 1091 682; x_wconf 90' lang='lat' dir='ltr'><strong>quem</strong></span> <span class='ocrx_word' id='word_1_28' title='bbox 1112 630 1197 671; x_wconf 88' lang='lat' dir='ltr'><strong>tela</strong></span> <span class='ocrx_word' id='word_1_29' title='bbox 1213 636 1342 672; x_wconf 85' lang='lat' dir='ltr'><strong>acuta</strong></span> <span class='ocrx_word' id='word_1_30' title='bbox 1359 636 1554 674; x_wconf 81' lang='lat' dir='ltr'><strong>torserat.</strong></span> 
     </span>
     <span class='ocr_line' id='line_1_7' title="bbox 571 692 1392 739; baseline 0.01 -8"><span class='ocrx_word' id='word_1_31' title='bbox 571 692 747 733; x_wconf 86' lang='lat' dir='ltr'><strong>Unxere</strong></span> <span class='ocrx_word' id='word_1_32' title='bbox 762 697 918 734; x_wconf 81' lang='lat' dir='ltr'><strong>matres</strong></span> <span class='ocrx_word' id='word_1_33' title='bbox 940 694 1036 736; x_wconf 86' lang='lat' dir='ltr'><strong>Iliae</strong></span> <span class='ocrx_word' id='word_1_34' title='bbox 1056 695 1275 738; x_wconf 83' lang='lat' dir='ltr'><strong>addictum</strong></span> <span class='ocrx_word' id='word_1_35' title='bbox 1292 697 1392 739; x_wconf 84' lang='lat' dir='ltr'><strong>feris</strong></span> 
     </span>
    </p>
   </div>
   <div class='ocr_carea' id='block_1_3' title="bbox 1769 637 1818 677">
    <p class='ocr_par' dir='ltr' id='par_1_4' title="bbox 1769 637 1818 677">
     <span class='ocr_line' id='line_1_8' title="bbox 1769 637 1818 677; baseline 0 0"><span class='ocrx_word' id='word_1_36' title='bbox 1769 637 1818 677; x_wconf 92' lang='grc'><strong>10</strong></span> 
     </span>
    </p>
   </div>
   <div class='ocr_carea' id='block_1_4' title="bbox 403 815 1828 943">
    <p class='ocr_par' dir='ltr' id='par_1_5' title="bbox 403 815 1828 943">
     <span class='ocr_line' id='line_1_9' title="bbox 403 815 1827 862; baseline 0.004 -16"><span class='ocrx_word' id='word_1_37' title='bbox 403 815 542 847; x_wconf 68' lang='lat' dir='ltr'><strong>orandis.-</strong></span> <span class='ocrx_word' id='word_1_38' title='bbox 559 819 589 847; x_wconf 89' lang='lat' dir='ltr'><strong>et</strong></span> <span class='ocrx_word' id='word_1_39' title='bbox 603 818 823 857; x_wconf 82' lang='lat' dir='ltr'><strong><em>quamprimum</em></strong></span> <span class='ocrx_word' id='word_1_40' title='bbox 835 821 973 850; x_wconf 84' lang='lat' dir='ltr'><strong>converte</strong></span> <span class='ocrx_word' id='word_1_41' title='bbox 983 822 1162 855; x_wconf 75' lang='lat' dir='ltr'><strong>retrorsum.</strong></span> <span class='ocrx_word' id='word_1_42' title='bbox 1174 824 1312 852; x_wconf 80' lang='lat' dir='ltr'><strong>converte</strong></span> <span class='ocrx_word' id='word_1_43' title='bbox 1325 821 1492 853; x_wconf 82' lang='lat' dir='ltr'><strong><em>rhombum.</em></strong></span> <span class='ocrx_word' id='word_1_44' title='bbox 1531 823 1676 862; x_wconf 74' lang='lat' dir='ltr'><strong>Telephus</strong></span> <span class='ocrx_word' id='word_1_45' title='bbox 1688 821 1827 853; x_wconf 72' lang='lat' dir='ltr'><strong>exoravit</strong></span> 
     </span>
     <span class='ocr_line' id='line_1_10' title="bbox 403 858 1828 904; baseline 0.005 -17"><span class='ocrx_word' id='word_1_46' title='bbox 403 860 539 896; x_wconf 80' lang='lat' dir='ltr'><strong>nepotem</strong></span> <span class='ocrx_word' id='word_1_47' title='bbox 561 858 668 899; x_wconf 83' lang='lat' dir='ltr'><strong>Nerei,</strong></span> <span class='ocrx_word' id='word_1_48' title='bbox 689 863 796 890; x_wconf 79' lang='lat' dir='ltr'><strong>eontra</strong></span> <span class='ocrx_word' id='word_1_49' title='bbox 816 870 902 900; x_wconf 83' lang='lat' dir='ltr'><strong>quem</strong></span> <span class='ocrx_word' id='word_1_50' title='bbox 916 860 1077 901; x_wconf 77' lang='lat' dir='ltr'><strong>Mysorum</strong></span> <span class='ocrx_word' id='word_1_51' title='bbox 1091 861 1259 892; x_wconf 74' lang='lat' dir='ltr'><strong>exercitum</strong></span> <span class='ocrx_word' id='word_1_52' title='bbox 1280 863 1423 902; x_wconf 81' lang='lat' dir='ltr'><strong>superbus</strong></span> <span class='ocrx_word' id='word_1_53' title='bbox 1437 864 1638 904; x_wconf 73' lang='lat' dir='ltr'><strong>instruxerat,</strong></span> <span class='ocrx_word' id='word_1_54' title='bbox 1652 868 1680 894; x_wconf 77' lang='lat' dir='ltr'><strong>et</strong></span> <span class='ocrx_word' id='word_1_55' title='bbox 1694 864 1828 902; x_wconf 73' lang='lat' dir='ltr'><strong>sagmas</strong></span> 
     </span>
     <span class='ocr_line' id='line_1_11' title="bbox 404 899 1824 943; baseline 0.004 -14"><span class='ocrx_word' id='word_1_56' title='bbox 404 902 509 929; x_wconf 78' lang='lat' dir='ltr'><strong>acutas</strong></span> <span class='ocrx_word' id='word_1_57' title='bbox 522 899 671 931; x_wconf 69' lang='lat' dir='ltr'><strong>vibraret.</strong></span> <span class='ocrx_word' id='word_1_58' title='bbox 718 901 856 940; x_wconf 74' lang='lat' dir='ltr'><strong>Trojonoe</strong></span> <span class='ocrx_word' id='word_1_59' title='bbox 870 905 1016 933; x_wconf 77' lang='lat' dir='ltr'><strong>matronae</strong></span> <span class='ocrx_word' id='word_1_60' title='bbox 1038 902 1220 942; x_wconf 83' lang='lat' dir='ltr'><strong>sepelierunt</strong></span> <span class='ocrx_word' id='word_1_61' title='bbox 1235 903 1398 935; x_wconf 79' lang='lat' dir='ltr'><strong>Hectorem</strong></span> <span class='ocrx_word' id='word_1_62' title='bbox 1412 905 1582 936; x_wconf 79' lang='lat' dir='ltr'><strong>bellicosum</strong></span> <span class='ocrx_word' id='word_1_63' title='bbox 1594 905 1678 943; x_wconf 80' lang='lat' dir='ltr'><strong>seris</strong></span> <span class='ocrx_word' id='word_1_64' title='bbox 1697 905 1824 936; x_wconf 74' lang='lat' dir='ltr'><strong>volucri·</strong></span> 
     </span>
    </p>
   </div>
   <div class='ocr_carea' id='block_1_5' title="bbox 998 992 1238 1007">
    <p class='ocr_par' dir='ltr' id='par_1_6' title="bbox 998 992 1238 1007">
     <span class='ocr_line' id='line_1_12' title="bbox 998 992 1238 1007; baseline 0.008 -2"><span class='ocrx_word' id='word_1_65' title='bbox 998 992 1238 1007; x_wconf 55' lang='lat' dir='ltr'><strong>‘NOOWOOO</strong></span> 
     </span>
    </p>
   </div>
   <div class='ocr_carea' id='block_1_6' title="bbox 403 1054 1829 1224">
    <p class='ocr_par' dir='ltr' id='par_1_7' title="bbox 403 1054 1829 1224">
     <span class='ocr_line' id='line_1_13' title="bbox 403 1054 1827 1102; baseline 0.004 -17"><span class='ocrx_word' id='word_1_66' title='bbox 403 1054 513 1086; x_wconf 87' lang='lat' dir='ltr'><strong>Schol.</strong></span> <span class='ocrx_word' id='word_1_67' title='bbox 529 1065 603 1086; x_wconf 90' lang='lat' dir='ltr'><strong>cum</strong></span> <span class='ocrx_word' id='word_1_68' title='bbox 620 1065 733 1088; x_wconf 85' lang='lat' dir='ltr'><strong>omnes</strong></span> <span class='ocrx_word' id='word_1_69' title='bbox 758 1057 835 1089; x_wconf 81' lang='lat' dir='ltr'><strong>libri</strong></span> <span class='ocrx_word' id='word_1_70' title='bbox 855 1058 998 1090; x_wconf 83' lang='lat' dir='ltr'><strong>habeant</strong></span> <span class='ocrx_word' id='word_1_71' title='bbox 1022 1059 1143 1100; x_wconf 72' lang='lat' dir='ltr'><strong>Refioea.</strong></span> <span class='ocrx_word' id='word_1_72' title='bbox 1187 1060 1337 1091; x_wconf 76' lang='lat' dir='ltr'><strong>Necesse</strong></span> <span class='ocrx_word' id='word_1_73' title='bbox 1361 1060 1447 1091; x_wconf 79' lang='lat' dir='ltr'><strong>enim</strong></span> <span class='ocrx_word' id='word_1_74' title='bbox 1471 1059 1568 1102; x_wconf 74' lang='lat' dir='ltr'><strong>defigi</strong></span> <span class='ocrx_word' id='word_1_75' title='bbox 1586 1059 1696 1091; x_wconf 84' lang='lat' dir='ltr'><strong>sidera</strong></span> <span class='ocrx_word' id='word_1_76' title='bbox 1721 1060 1827 1100; x_wconf 83' lang='lat' dir='ltr'><strong>prius-</strong></span> 
     </span>
     <span class='ocr_line' id='line_1_14' title="bbox 405 1097 1828 1141; baseline 0.004 -15"><span class='ocrx_word' id='word_1_77' title='bbox 405 1106 503 1136; x_wconf 81' lang='lat' dir='ltr'><strong>quam</strong></span> <span class='ocrx_word' id='word_1_78' title='bbox 521 1097 728 1130; x_wconf 83' lang='lat' dir='ltr'><strong>devocentur</strong></span> <span class='ocrx_word' id='word_1_79' title='bbox 749 1100 845 1131; x_wconf 82' lang='lat' dir='ltr'><strong>coelo.</strong></span> <span class='ocrx_word' id='word_1_80' title='bbox 891 1100 1093 1140; x_wconf 81' lang='lat' dir='ltr'><strong>Defiguntur</strong></span> <span class='ocrx_word' id='word_1_81' title='bbox 1107 1105 1220 1131; x_wconf 71' lang='lat' dir='ltr'><strong>aunem</strong></span> <span class='ocrx_word' id='word_1_82' title='bbox 1238 1103 1295 1140; x_wconf 85' lang='lat' dir='ltr'><strong>qui</strong></span> <span class='ocrx_word' id='word_1_83' title='bbox 1310 1102 1364 1132; x_wconf 89' lang='lat' dir='ltr'><strong>vel</strong></span> <span class='ocrx_word' id='word_1_84' title='bbox 1379 1102 1592 1141; x_wconf 77' lang='lat' dir='ltr'><strong>carminibus,</strong></span> <span class='ocrx_word' id='word_1_85' title='bbox 1605 1102 1658 1132; x_wconf 83' lang='lat' dir='ltr'><strong>vel</strong></span> <span class='ocrx_word' id='word_1_86' title='bbox 1673 1101 1755 1132; x_wconf 82' lang='lat' dir='ltr'><strong>diris</strong></span> <span class='ocrx_word' id='word_1_87' title='bbox 1768 1102 1828 1133; x_wconf 88' lang='lat' dir='ltr'><strong>ob-</strong></span> 
     </span>
     <span class='ocr_line' id='line_1_15' title="bbox 404 1138 1826 1183; baseline 0.005 -16"><span class='ocrx_word' id='word_1_88' title='bbox 404 1138 511 1177; x_wconf 80' lang='lat' dir='ltr'><strong>ligati,</strong></span> <span class='ocrx_word' id='word_1_89' title='bbox 525 1139 634 1170; x_wconf 79' lang='lat' dir='ltr'><strong>aliena</strong></span> <span class='ocrx_word' id='word_1_90' title='bbox 650 1140 680 1170; x_wconf 88' lang='lat' dir='ltr'><strong>vi</strong></span> <span class='ocrx_word' id='word_1_91' title='bbox 697 1146 840 1180; x_wconf 82' lang='lat' dir='ltr'><strong>aguntur</strong></span> <span class='ocrx_word' id='word_1_92' title='bbox 855 1142 1002 1173; x_wconf 79' lang='lat' dir='ltr'><strong>attoniti.</strong></span> <span class='ocrx_word' id='word_1_93' title='bbox 1044 1141 1220 1173; x_wconf 84' lang='lat' dir='ltr'><strong>Bentleius</strong></span> <span class='ocrx_word' id='word_1_94' title='bbox 1236 1141 1363 1173; x_wconf 74' lang='lat' dir='ltr'><strong>fatetur</strong></span> <span class='ocrx_word' id='word_1_95' title='bbox 1387 1143 1488 1182; x_wconf 77' lang='lat' dir='ltr'><strong>longe</strong></span> <span class='ocrx_word' id='word_1_96' title='bbox 1511 1144 1623 1183; x_wconf 83' lang='lat' dir='ltr'><strong>plures</strong></span> <span class='ocrx_word' id='word_1_97' title='bbox 1646 1143 1748 1174; x_wconf 81' lang='lat' dir='ltr'><strong>libros</strong></span> <span class='ocrx_word' id='word_1_98' title='bbox 1767 1143 1826 1174; x_wconf 77' lang='lat' dir='ltr'><strong>ha-</strong></span> 
     </span>
     <span class='ocr_line' id='line_1_16' title="bbox 404 1179 1829 1224; baseline 0.004 -15"><span class='ocrx_word' id='word_1_99' title='bbox 404 1179 484 1210; x_wconf 87' lang='lat' dir='ltr'><strong>bere</strong></span> <span class='ocrx_word' id='word_1_100' title='bbox 503 1181 630 1221; x_wconf 69' lang='lat' dir='ltr'><strong>Dqfixa,</strong></span> <span class='ocrx_word' id='word_1_101' title='bbox 645 1186 682 1212; x_wconf 88' lang='lat' dir='ltr'><strong>et</strong></span> <span class='ocrx_word' id='word_1_102' title='bbox 698 1187 809 1213; x_wconf 85' lang='lat' dir='ltr'><strong>tamen</strong></span> <span class='ocrx_word' id='word_1_103' title='bbox 832 1183 904 1223; x_wconf 87' lang='lat' dir='ltr'><strong>ipse</strong></span> <span class='ocrx_word' id='word_1_104' title='bbox 927 1183 1079 1224; x_wconf 82' lang='lat' dir='ltr'><strong>reposuit</strong></span> <span class='ocrx_word' id='word_1_105' title='bbox 1101 1183 1228 1223; x_wconf 71' lang='lat' dir='ltr'><strong>Rcfixa,</strong></span> <span class='ocrx_word' id='word_1_106' title='bbox 1244 1184 1336 1214; x_wconf 75' lang='lat' dir='ltr'><strong>nulle</strong></span> <span class='ocrx_word' id='word_1_107' title='bbox 1349 1183 1437 1224; x_wconf 79' lang='lat' dir='ltr'><strong>qnod</strong></span> <span class='ocrx_word' id='word_1_108' title='bbox 1461 1185 1563 1215; x_wconf 71' lang='lat' dir='ltr'><strong>sciam</strong></span> <span class='ocrx_word' id='word_1_109' title='bbox 1583 1193 1657 1214; x_wconf 88' lang='lat' dir='ltr'><strong>cum</strong></span> <span class='ocrx_word' id='word_1_110' title='bbox 1675 1183 1829 1215; x_wconf 62' lang='lat' dir='ltr'><strong>ratione!</strong></span> 
     </span>
    </p>
   </div>
   <div class='ocr_carea' id='block_1_7' title="bbox 405 1221 1830 1264">
    <p class='ocr_par' dir='ltr' id='par_1_8' title="bbox 405 1221 1830 1264">
     <span class='ocr_line' id='line_1_17' title="bbox 405 1221 1830 1264; baseline 0.004 -14"><span class='ocrx_word' id='word_1_111' title='bbox 405 1221 505 1251; x_wconf 72' lang='lat' dir='ltr'><strong>Boset.</strong></span> <span class='ocrx_word' id='word_1_112' title='bbox 547 1224 556 1239; x_wconf 82' lang='lat'><strong>⁴</strong></span> <span class='ocrx_word' id='word_1_113' title='bbox 569 1223 670 1262; x_wconf 69' lang='lat' dir='ltr'><strong>Ratio</strong></span> <span class='ocrx_word' id='word_1_114' title='bbox 686 1233 807 1263; x_wconf 83' lang='lat' dir='ltr'><strong>magna</strong></span> <span class='ocrx_word' id='word_1_115' title='bbox 821 1224 901 1255; x_wconf 82' lang='lat' dir='ltr'><strong>satis</strong></span> <span class='ocrx_word' id='word_1_116' title='bbox 916 1225 991 1256; x_wconf 78' lang='lat' dir='ltr'><strong>haec</strong></span> <span class='ocrx_word' id='word_1_117' title='bbox 1004 1225 1148 1263; x_wconf 88' lang='lat' dir='ltr'><strong>videtur,</strong></span> <span class='ocrx_word' id='word_1_118' title='bbox 1162 1225 1249 1264; x_wconf 83' lang='lat' dir='ltr'>qnod</span> <span class='ocrx_word' id='word_1_119' title='bbox 1272 1229 1281 1242; x_wconf 87' lang='lat'><em>‘</em></span> <span class='ocrx_word' id='word_1_120' title='bbox 1292 1224 1438 1264; x_wconf 85' lang='lat' dir='ltr'><strong>defigere</strong></span> <span class='ocrx_word' id='word_1_121' title='bbox 1450 1224 1458 1237; x_wconf 87' lang='lat'><em>&#39;</em></span> <span class='ocrx_word' id='word_1_122' title='bbox 1479 1229 1532 1256; x_wconf 86' lang='lat' dir='ltr'><strong>est</strong></span> <span class='ocrx_word' id='word_1_123' title='bbox 1546 1230 1672 1256; x_wconf 82' lang='lat' dir='ltr'><strong>motum</strong></span> <span class='ocrx_word' id='word_1_124' title='bbox 1686 1224 1830 1264; x_wconf 84' lang='lat' dir='ltr'><strong>auferre,</strong></span> 
     </span>
    </p>
   </div>
   <div class='ocr_carea' id='block_1_8' title="bbox 401 1261 1893 1304">
    <p class='ocr_par' dir='ltr' id='par_1_9' title="bbox 401 1261 1893 1304">
     <span class='ocr_line' id='line_1_18' title="bbox 401 1261 1893 1304; baseline 0.003 -13"><span class='ocrx_word' id='word_1_125' title='bbox 401 1263 411 1277; x_wconf 91' lang='lat'>‘</span> <span class='ocrx_word' id='word_1_126' title='bbox 424 1261 520 1302; x_wconf 85' lang='lat' dir='ltr'><strong>refigi</strong></span> <span class='ocrx_word' id='word_1_127' title='bbox 533 1262 542 1276; x_wconf 91' lang='lat'>’</span> <span class='ocrx_word' id='word_1_128' title='bbox 566 1269 678 1295; x_wconf 85' lang='lat' dir='ltr'><strong>autem</strong></span> <span class='ocrx_word' id='word_1_129' title='bbox 694 1264 820 1296; x_wconf 88' lang='lat' dir='ltr'><strong>debent</strong></span> <span class='ocrx_word' id='word_1_130' title='bbox 835 1265 955 1301; x_wconf 85' lang='lat' dir='ltr'><strong>sidera,</strong></span> <span class='ocrx_word' id='word_1_131' title='bbox 971 1275 1047 1297; x_wconf 90' lang='lat' dir='ltr'><strong>cum</strong></span> <span class='ocrx_word' id='word_1_132' title='bbox 1063 1265 1282 1304; x_wconf 79' lang='lat' dir='ltr'><strong>devocantur,</strong></span> <span class='ocrx_word' id='word_1_133' title='bbox 1296 1271 1331 1296; x_wconf 89' lang='lat' dir='ltr'><strong>et</strong></span> <span class='ocrx_word' id='word_1_134' title='bbox 1346 1270 1521 1298; x_wconf 86' lang='lat' dir='ltr'><strong>moventur</strong></span> <span class='ocrx_word' id='word_1_135' title='bbox 1535 1267 1609 1298; x_wconf 89' lang='lat' dir='ltr'><strong>loco</strong></span> <span class='ocrx_word' id='word_1_136' title='bbox 1624 1265 1708 1298; x_wconf 85' lang='lat' dir='ltr'><strong>suo.&#39;</strong></span> <span class='ocrx_word' id='word_1_137' title='bbox 1733 1266 1828 1297; x_wconf 82' lang='lat' dir='ltr'><strong>Gesn.</strong></span> <span class='ocrx_word' id='word_1_138' title='bbox 1891 1271 1893 1273; x_wconf 74' lang='grc'><strong><em>’</em></strong></span> 
     </span>
    </p>
   </div>
   <div class='ocr_carea' id='block_1_9' title="bbox 405 1305 1830 1389">
    <p class='ocr_par' dir='ltr' id='par_1_10' title="bbox 405 1305 1830 1389">
     <span class='ocr_line' id='line_1_19' title="bbox 405 1305 1830 1348; baseline 0.003 -14"><span class='ocrx_word' id='word_1_139' title='bbox 405 1305 467 1334; x_wconf 81' lang='grc'><strong>-7</strong></span> <span class='ocrx_word' id='word_1_140' title='bbox 492 1305 669 1336; x_wconf 77' lang='lat' dir='ltr'><strong>Lambinus</strong></span> <span class='ocrx_word' id='word_1_141' title='bbox 684 1315 725 1337; x_wconf 88' lang='lat' dir='ltr'><strong>ex</strong></span> <span class='ocrx_word' id='word_1_142' title='bbox 741 1307 861 1338; x_wconf 78' lang='lat' dir='ltr'><strong>Aurati</strong></span> <span class='ocrx_word' id='word_1_143' title='bbox 877 1308 1045 1339; x_wconf 79' lang='lat' dir='ltr'><strong>sententia</strong></span> <span class='ocrx_word' id='word_1_144' title='bbox 1057 1308 1159 1348; x_wconf 87' lang='lat' dir='ltr'><strong>legit:</strong></span> <span class='ocrx_word' id='word_1_145' title='bbox 1178 1308 1273 1342; x_wconf 81' lang='lat' dir='ltr'><strong>volve,</strong></span> <span class='ocrx_word' id='word_1_146' title='bbox 1289 1308 1384 1342; x_wconf 79' lang='lat' dir='ltr'><strong>volve,</strong></span> <span class='ocrx_word' id='word_1_147' title='bbox 1399 1307 1490 1338; x_wconf 89' lang='lat' dir='ltr'><strong>nullo</strong></span> <span class='ocrx_word' id='word_1_148' title='bbox 1505 1307 1708 1346; x_wconf 73' lang='lat' dir='ltr'><strong>astipulante</strong></span> <span class='ocrx_word' id='word_1_149' title='bbox 1724 1308 1830 1338; x_wconf 89' lang='lat' dir='ltr'><strong>veteri</strong></span> 
     </span>
     <span class='ocr_line' id='line_1_20' title="bbox 405 1344 1829 1389; baseline 0.004 -15"><span class='ocrx_word' id='word_1_150' title='bbox 405 1344 536 1376; x_wconf 87' lang='lat' dir='ltr'><strong>codice.</strong></span> <span class='ocrx_word' id='word_1_151' title='bbox 580 1346 675 1377; x_wconf 89' lang='lat' dir='ltr'><strong>Idem</strong></span> <span class='ocrx_word' id='word_1_152' title='bbox 700 1348 734 1378; x_wconf 92' lang='lat' dir='ltr'><strong>in</strong></span> <span class='ocrx_word' id='word_1_153' title='bbox 757 1353 904 1379; x_wconf 81' lang='lat' dir='ltr'><strong>mentem</strong></span> <span class='ocrx_word' id='word_1_154' title='bbox 933 1349 1024 1380; x_wconf 89' lang='lat' dir='ltr'><strong>venit</strong></span> <span class='ocrx_word' id='word_1_155' title='bbox 1050 1348 1170 1379; x_wconf 75' lang='lat' dir='ltr'><strong>Car-olo</strong></span> <span class='ocrx_word' id='word_1_156' title='bbox 1197 1348 1400 1380; x_wconf 85' lang='lat' dir='ltr'><strong>Utenbovio.</strong></span> <span class='ocrx_word' id='word_1_157' title='bbox 1421 1350 1516 1389; x_wconf 72' lang='lat' dir='ltr'><strong>solve,</strong></span> <span class='ocrx_word' id='word_1_158' title='bbox 1536 1349 1621 1380; x_wconf 80' lang='lat' dir='ltr'><strong>volve</strong></span> <span class='ocrx_word' id='word_1_159' title='bbox 1644 1348 1829 1380; x_wconf 56' lang='lat' dir='ltr'><strong>Chabon—</strong></span> 
     </span>
    </p>
   </div>
   <div class='ocr_carea' id='block_1_10' title="bbox 407 1386 1827 1493">
    <p class='ocr_par' dir='ltr' id='par_1_11' title="bbox 407 1386 1827 1493">
     <span class='ocr_line' id='line_1_21' title="bbox 407 1386 1827 1429; baseline 0.004 -15"><span class='ocrx_word' id='word_1_160' title='bbox 407 1387 443 1415; x_wconf 90' lang='lat'><strong>11</strong></span> <span class='ocrx_word' id='word_1_161' title='bbox 468 1386 591 1417; x_wconf 64' lang='lat' dir='ltr'><strong>Lus-ere</strong></span> <span class='ocrx_word' id='word_1_162' title='bbox 609 1389 755 1419; x_wconf 87' lang='lat' dir='ltr'><strong>Bentleii</strong></span> <span class='ocrx_word' id='word_1_163' title='bbox 770 1388 870 1420; x_wconf 87' lang='lat' dir='ltr'><strong>codd.</strong></span> <span class='ocrx_word' id='word_1_164' title='bbox 886 1390 979 1421; x_wconf 87' lang='lat' dir='ltr'><strong>Leid.</strong></span> <span class='ocrx_word' id='word_1_165' title='bbox 993 1389 1141 1421; x_wconf 82' lang='lat' dir='ltr'><strong>Galiens.</strong></span> <span class='ocrx_word' id='word_1_166' title='bbox 1156 1390 1276 1428; x_wconf 85' lang='lat' dir='ltr'><strong>Regin.</strong></span> <span class='ocrx_word' id='word_1_167' title='bbox 1292 1399 1311 1419; x_wconf 81' lang='lat' dir='ltr'><strong>a</strong></span> <span class='ocrx_word' id='word_1_168' title='bbox 1326 1399 1368 1420; x_wconf 76' lang='lat' dir='ltr'><strong>ni.</strong></span> <span class='ocrx_word' id='word_1_169' title='bbox 1386 1399 1435 1429; x_wconf 87' lang='lat' dir='ltr'><strong>pr.</strong></span> <span class='ocrx_word' id='word_1_170' title='bbox 1451 1389 1551 1421; x_wconf 86' lang='lat' dir='ltr'><strong>Bodl.</strong></span> <span class='ocrx_word' id='word_1_171' title='bbox 1566 1393 1598 1421; x_wconf 81' lang='lat'><strong>2.</strong></span> <span class='ocrx_word' id='word_1_172' title='bbox 1621 1395 1656 1421; x_wconf 91' lang='lat' dir='ltr'><strong>et</strong></span> <span class='ocrx_word' id='word_1_173' title='bbox 1672 1390 1827 1421; x_wconf 77' lang='lat' dir='ltr'><strong>Petrens.</strong></span> 
     </span>
     <span class='ocr_line' id='line_1_22' title="bbox 1045 1461 1183 1493; baseline -0.007 0"><span class='ocrx_word' id='word_1_174' title='bbox 1045 1461 1183 1493; x_wconf 81' lang='lat' dir='ltr'><strong>No&#39;rAE</strong></span> 
     </span>
    </p>
   </div>
   <div class='ocr_carea' id='block_1_11' title="bbox 446 1521 1091 1564">
    <p class='ocr_par' dir='ltr' id='par_1_12' title="bbox 446 1521 1091 1564">
     <span class='ocr_line' id='line_1_23' title="bbox 446 1521 1091 1564; baseline 0.006 -13"><span class='ocrx_word' id='word_1_175' title='bbox 446 1524 467 1551; x_wconf 87' lang='grc'><strong>6</strong></span> <span class='ocrx_word' id='word_1_176' title='bbox 490 1521 590 1552; x_wconf 82' lang='lat' dir='ltr'><strong>Parce</strong></span> <span class='ocrx_word' id='word_1_177' title='bbox 615 1522 735 1554; x_wconf 80' lang='lat' dir='ltr'><strong>vocibus</strong></span> <span class='ocrx_word' id='word_1_178' title='bbox 759 1524 871 1564; x_wconf 77' lang='lat' dir='ltr'><strong>sacris]</strong></span> <span class='ocrx_word' id='word_1_179' title='bbox 896 1525 1021 1556; x_wconf 85' lang='lat' dir='ltr'><strong>Desine</strong></span> <span class='ocrx_word' id='word_1_180' title='bbox 1040 1524 1091 1555; x_wconf 90' lang='lat' dir='ltr'><strong>uti</strong></span> 
     </span>
    </p>
   </div>
   <div class='ocr_carea' id='block_1_12' title="bbox 1185 1523 1830 1565">
    <p class='ocr_par' dir='ltr' id='par_1_13' title="bbox 1185 1523 1830 1565">
     <span class='ocr_line' id='line_1_24' title="bbox 1185 1523 1830 1565; baseline 0.003 -11"><span class='ocrx_word' id='word_1_181' title='bbox 1185 1524 1334 1564; x_wconf 72' lang='lat' dir='ltr'><strong>Nepotem</strong></span> <span class='ocrx_word' id='word_1_182' title='bbox 1350 1524 1512 1565; x_wconf 65' lang='lat' dir='ltr'><strong>Neretum]</strong></span> <span class='ocrx_word' id='word_1_183' title='bbox 1546 1523 1710 1556; x_wconf 83' lang='lat' dir='ltr'><strong>Achillem</strong></span> <span class='ocrx_word' id='word_1_184' title='bbox 1725 1523 1830 1556; x_wconf 81' lang='lat' dir='ltr'><strong>filium</strong></span> 
     </span>
    </p>
   </div>
   <div class='ocr_carea' id='block_1_13' title="bbox 399 1569 1516 1605">
    <p class='ocr_par' dir='ltr' id='par_1_14' title="bbox 399 1569 1516 1605">
     <span class='ocr_line' id='line_1_25' title="bbox 399 1569 1516 1605; baseline 0.004 -6"><span class='ocrx_word' id='word_1_185' title='bbox 399 1569 438 1599; x_wconf 86' lang='lat' dir='ltr'><strong>in</strong></span> <span class='ocrx_word' id='word_1_186' title='bbox 455 1579 507 1600; x_wconf 90' lang='lat' dir='ltr'><strong>me</strong></span> <span class='ocrx_word' id='word_1_187' title='bbox 520 1570 812 1603; x_wconf 78' lang='lat' dir='ltr'><strong>incantationibus.</strong></span> <span class='ocrx_word' id='word_1_188' title='bbox 833 1573 910 1605; x_wconf 83' lang='lat' dir='ltr'><strong>Jam</strong></span> <span class='ocrx_word' id='word_1_189' title='bbox 926 1575 1015 1604; x_wconf 89' lang='lat' dir='ltr'><strong>enim</strong></span> <span class='ocrx_word' id='word_1_190' title='bbox 1037 1583 1091 1604; x_wconf 90' lang='lat' dir='ltr'><strong>me</strong></span> <span class='ocrx_word' id='word_1_191' title='bbox 1140 1572 1292 1603; x_wconf 84' lang='lat' dir='ltr'><strong>Thetidis</strong></span> <span class='ocrx_word' id='word_1_192' title='bbox 1306 1572 1383 1603; x_wconf 77' lang='lat' dir='ltr'><strong>filiae</strong></span> <span class='ocrx_word' id='word_1_193' title='bbox 1400 1573 1516 1603; x_wconf 89' lang='lat' dir='ltr'><strong>Nerei.</strong></span> 
     </span>
    </p>
   </div>
   <div class='ocr_carea' id='block_1_14' title="bbox 405 1617 1097 2687">
    <p class='ocr_par' dir='ltr' id='par_1_15' title="bbox 408 1617 674 1650">
     <span class='ocr_line' id='line_1_26' title="bbox 408 1617 674 1650; baseline 0.011 -3"><span class='ocrx_word' id='word_1_194' title='bbox 408 1618 532 1648; x_wconf 90' lang='lat' dir='ltr'><strong>victum</strong></span> <span class='ocrx_word' id='word_1_195' title='bbox 551 1617 674 1650; x_wconf 83' lang='lat' dir='ltr'><strong>fateor.</strong></span> 
     </span>
    </p>

    <p class='ocr_par' dir='ltr' id='par_1_16' title="bbox 405 1665 1097 2628">
     <span class='ocr_line' id='line_1_27' title="bbox 447 1665 1091 1710; baseline 0.008 -14"><span class='ocrx_word' id='word_1_196' title='bbox 447 1668 466 1696; x_wconf 81' lang='grc'><strong>7</strong></span> <span class='ocrx_word' id='word_1_197' title='bbox 491 1665 589 1696; x_wconf 80' lang='lat' dir='ltr'><strong>Retro</strong></span> <span class='ocrx_word' id='word_1_198' title='bbox 613 1668 704 1706; x_wconf 83' lang='lat' dir='ltr'><strong>solve,</strong></span> <span class='ocrx_word' id='word_1_199' title='bbox 725 1669 819 1707; x_wconf 73' lang='lat' dir='ltr'><strong>solve,</strong></span> <span class='ocrx_word' id='word_1_200' title='bbox 839 1668 1006 1710; x_wconf 75' lang='lat' dir='ltr'><strong>turbinem]</strong></span> <span class='ocrx_word' id='word_1_201' title='bbox 1030 1671 1091 1701; x_wconf 87' lang='lat' dir='ltr'><strong>Le-</strong></span> 
     </span>
     <span class='ocr_line' id='line_1_28' title="bbox 407 1714 1092 1754; baseline 0.012 -11"><span class='ocrx_word' id='word_1_202' title='bbox 407 1718 492 1752; x_wconf 88' lang='lat' dir='ltr'><strong>gunt</strong></span> <span class='ocrx_word' id='word_1_203' title='bbox 508 1714 578 1754; x_wconf 84' lang='lat' dir='ltr'><strong>alii,</strong></span> <span class='ocrx_word' id='word_1_204' title='bbox 590 1716 689 1746; x_wconf 80' lang='lat' dir='ltr'><strong>volve.</strong></span> <span class='ocrx_word' id='word_1_205' title='bbox 732 1716 855 1748; x_wconf 75' lang='lat' dir='ltr'><strong>Sensus</strong></span> <span class='ocrx_word' id='word_1_206' title='bbox 866 1722 939 1749; x_wconf 88' lang='lat' dir='ltr'><strong>est:</strong></span> <span class='ocrx_word' id='word_1_207' title='bbox 962 1718 1002 1749; x_wconf 89' lang='lat' dir='ltr'><strong>In</strong></span> <span class='ocrx_word' id='word_1_208' title='bbox 1014 1729 1092 1751; x_wconf 92' lang='lat' dir='ltr'><strong>con-</strong></span> 
     </span>
     <span class='ocr_line' id='line_1_29' title="bbox 407 1762 1092 1803; baseline 0.012 -11"><span class='ocrx_word' id='word_1_209' title='bbox 407 1762 546 1794; x_wconf 78' lang='lat' dir='ltr'><strong>trariam</strong></span> <span class='ocrx_word' id='word_1_210' title='bbox 570 1768 702 1803; x_wconf 87' lang='lat' dir='ltr'><strong>partem</strong></span> <span class='ocrx_word' id='word_1_211' title='bbox 725 1770 818 1797; x_wconf 84' lang='lat' dir='ltr'><strong>verte</strong></span> <span class='ocrx_word' id='word_1_212' title='bbox 834 1766 1008 1799; x_wconf 85' lang='lat' dir='ltr'><strong>rhombum</strong></span> <span class='ocrx_word' id='word_1_213' title='bbox 1024 1778 1092 1799; x_wconf 84' lang='lat' dir='ltr'><strong>ma-</strong></span> 
     </span>
     <span class='ocr_line' id='line_1_30' title="bbox 406 1811 1092 1854; baseline 0.01 -13"><span class='ocrx_word' id='word_1_214' title='bbox 406 1811 531 1851; x_wconf 83' lang='lat' dir='ltr'><strong>gicum,</strong></span> <span class='ocrx_word' id='word_1_215' title='bbox 542 1816 581 1843; x_wconf 85' lang='lat' dir='ltr'><strong>ut</strong></span> <span class='ocrx_word' id='word_1_216' title='bbox 596 1822 690 1844; x_wconf 86' lang='lat' dir='ltr'><strong>mens</strong></span> <span class='ocrx_word' id='word_1_217' title='bbox 705 1823 792 1854; x_wconf 80' lang='lat' dir='ltr'><strong>mea,</strong></span> <span class='ocrx_word' id='word_1_218' title='bbox 806 1825 826 1845; x_wconf 78' lang='lat' dir='ltr'><strong>a</strong></span> <span class='ocrx_word' id='word_1_219' title='bbox 837 1818 870 1846; x_wconf 88' lang='lat' dir='ltr'><strong>te</strong></span> <span class='ocrx_word' id='word_1_220' title='bbox 886 1815 928 1846; x_wconf 81' lang='lat' dir='ltr'><strong>ad</strong></span> <span class='ocrx_word' id='word_1_221' title='bbox 945 1825 1092 1848; x_wconf 84' lang='lat' dir='ltr'><strong>amorem</strong></span> 
     </span>
     <span class='ocr_line' id='line_1_31' title="bbox 406 1859 1093 1901; baseline 0.012 -13"><span class='ocrx_word' id='word_1_222' title='bbox 406 1859 456 1891; x_wconf 83' lang='lat' dir='ltr'><strong>tui</strong></span> <span class='ocrx_word' id='word_1_223' title='bbox 486 1859 640 1900; x_wconf 75' lang='lat' dir='ltr'><strong>impulsa,</strong></span> <span class='ocrx_word' id='word_1_224' title='bbox 658 1861 729 1901; x_wconf 83' lang='lat' dir='ltr'><strong>jam</strong></span> <span class='ocrx_word' id='word_1_225' title='bbox 755 1863 903 1894; x_wconf 79' lang='lat' dir='ltr'><strong>solvatur</strong></span> <span class='ocrx_word' id='word_1_226' title='bbox 925 1873 965 1895; x_wconf 80' lang='lat' dir='ltr'><strong>ac</strong></span> <span class='ocrx_word' id='word_1_227' title='bbox 986 1864 1093 1896; x_wconf 80' lang='lat' dir='ltr'><strong>libera</strong></span> 
     </span>
     <span class='ocr_line' id='line_1_32' title="bbox 405 1907 1092 1951; baseline 0.007 -12"><span class='ocrx_word' id='word_1_228' title='bbox 405 1907 476 1940; x_wconf 82' lang='lat' dir='ltr'><strong>fist.</strong></span> <span class='ocrx_word' id='word_1_229' title='bbox 517 1909 553 1940; x_wconf 83' lang='lat' dir='ltr'><strong>Is</strong></span> <span class='ocrx_word' id='word_1_230' title='bbox 580 1909 692 1949; x_wconf 88' lang='lat' dir='ltr'><strong>turbo,</strong></span> <span class='ocrx_word' id='word_1_231' title='bbox 715 1919 774 1942; x_wconf 89' lang='lat' dir='ltr'><strong>seu</strong></span> <span class='ocrx_word' id='word_1_232' title='bbox 798 1912 945 1951; x_wconf 78' lang='lat' dir='ltr'><strong>trochus,</strong></span> <span class='ocrx_word' id='word_1_233' title='bbox 967 1921 1092 1949; x_wconf 78' lang='lat' dir='ltr'><strong>oeneus,</strong></span> 
     </span>
     <span class='ocr_line' id='line_1_33' title="bbox 405 1957 1092 1999; baseline 0.007 -11"><span class='ocrx_word' id='word_1_234' title='bbox 405 1957 547 1998; x_wconf 78' lang='lat' dir='ltr'><strong>ferreus,</strong></span> <span class='ocrx_word' id='word_1_235' title='bbox 559 1959 730 1999; x_wconf 83' lang='lat' dir='ltr'><strong>ligneusve</strong></span> <span class='ocrx_word' id='word_1_236' title='bbox 743 1965 828 1992; x_wconf 82' lang='lat' dir='ltr'><strong>erat.</strong></span> <span class='ocrx_word' id='word_1_237' title='bbox 872 1961 971 1992; x_wconf 89' lang='lat' dir='ltr'><strong>Illum</strong></span> <span class='ocrx_word' id='word_1_238' title='bbox 987 1961 1028 1992; x_wconf 86' lang='lat' dir='ltr'><strong>ad</strong></span> <span class='ocrx_word' id='word_1_239' title='bbox 1041 1971 1092 1993; x_wconf 80' lang='lat' dir='ltr'><strong>nr-</strong></span> 
     </span>
     <span class='ocr_line' id='line_1_34' title="bbox 405 2006 1092 2050; baseline 0.009 -13"><span class='ocrx_word' id='word_1_240' title='bbox 405 2006 543 2038; x_wconf 86' lang='lat' dir='ltr'><strong>bitrium</strong></span> <span class='ocrx_word' id='word_1_241' title='bbox 573 2007 750 2048; x_wconf 81' lang='lat' dir='ltr'><strong>agitabant</strong></span> <span class='ocrx_word' id='word_1_242' title='bbox 785 2009 885 2050; x_wconf 82' lang='lat' dir='ltr'><strong>magi,</strong></span> <span class='ocrx_word' id='word_1_243' title='bbox 915 2010 981 2041; x_wconf 88' lang='lat' dir='ltr'><strong>rati</strong></span> <span class='ocrx_word' id='word_1_244' title='bbox 1009 2021 1029 2042; x_wconf 84' lang='lat' dir='ltr'>a</span> <span class='ocrx_word' id='word_1_245' title='bbox 1055 2021 1092 2044; x_wconf 83' lang='lat' dir='ltr'><strong>se</strong></span> 
     </span>
     <span class='ocr_line' id='line_1_35' title="bbox 407 2055 1093 2098; baseline 0.007 -13"><span class='ocrx_word' id='word_1_246' title='bbox 407 2056 536 2095; x_wconf 84' lang='lat' dir='ltr'><strong>pariter</strong></span> <span class='ocrx_word' id='word_1_247' title='bbox 562 2055 704 2088; x_wconf 89' lang='lat' dir='ltr'><strong>hominis</strong></span> <span class='ocrx_word' id='word_1_248' title='bbox 734 2058 916 2098; x_wconf 86' lang='lat' dir='ltr'><strong>cujuslibet</strong></span> <span class='ocrx_word' id='word_1_249' title='bbox 949 2059 1093 2091; x_wconf 79' lang='lat' dir='ltr'><strong>animum</strong></span> 
     </span>
     <span class='ocr_line' id='line_1_36' title="bbox 406 2101 1094 2148; baseline 0.009 -14"><span class='ocrx_word' id='word_1_250' title='bbox 406 2101 498 2135; x_wconf 84' lang='lat' dir='ltr'><strong>flecti</strong></span> <span class='ocrx_word' id='word_1_251' title='bbox 517 2114 725 2146; x_wconf 86' lang='lat' dir='ltr'><strong>quocumque</strong></span> <span class='ocrx_word' id='word_1_252' title='bbox 748 2107 883 2138; x_wconf 88' lang='lat' dir='ltr'><strong>vellent.</strong></span> <span class='ocrx_word' id='word_1_253' title='bbox 926 2107 981 2139; x_wconf 89' lang='lat' dir='ltr'><strong>Sic</strong></span> <span class='ocrx_word' id='word_1_254' title='bbox 1004 2109 1094 2148; x_wconf 82' lang='lat' dir='ltr'><strong>apud</strong></span> 
     </span>
     <span class='ocr_line' id='line_1_37' title="bbox 406 2153 1096 2197; baseline 0.01 -14"><span class='ocrx_word' id='word_1_255' title='bbox 406 2153 544 2184; x_wconf 86' lang='lat' dir='ltr'><strong>Theocr.</strong></span> <span class='ocrx_word' id='word_1_256' title='bbox 559 2153 660 2194; x_wconf 89' lang='lat' dir='ltr'><strong>Idyll.</strong></span> <span class='ocrx_word' id='word_1_257' title='bbox 678 2164 717 2185; x_wconf 89' lang='lat'><strong>11.</strong></span> <span class='ocrx_word' id='word_1_258' title='bbox 727 2155 1016 2197; x_wconf 86' lang='lat' dir='ltr'><strong>Pharmaceutria‚</strong></span> <span class='ocrx_word' id='word_1_259' title='bbox 1033 2158 1044 2175; x_wconf 87' lang='lat'>‘</span> <span class='ocrx_word' id='word_1_260' title='bbox 1057 2163 1096 2190; x_wconf 92' lang='lat' dir='ltr'><strong>ut</strong></span> 
     </span>
     <span class='ocr_line' id='line_1_38' title="bbox 409 2202 1095 2246; baseline 0.009 -14"><span class='ocrx_word' id='word_1_261' title='bbox 409 2210 520 2233; x_wconf 82' lang='lat' dir='ltr'><strong>aeneus</strong></span> <span class='ocrx_word' id='word_1_262' title='bbox 545 2202 609 2234; x_wconf 89' lang='lat' dir='ltr'><strong>iste</strong></span> <span class='ocrx_word' id='word_1_263' title='bbox 627 2203 807 2244; x_wconf 84' lang='lat' dir='ltr'><strong>rhombus‚’</strong></span> <span class='ocrx_word' id='word_1_264' title='bbox 827 2206 947 2246; x_wconf 89' lang='lat' dir='ltr'><strong>inquit,</strong></span> <span class='ocrx_word' id='word_1_265' title='bbox 972 2207 1095 2238; x_wconf 87' lang='lat' dir='ltr'><strong>‘volvi-</strong></span> 
     </span>
     <span class='ocr_line' id='line_1_39' title="bbox 408 2250 1096 2290; baseline 0.012 -11"><span class='ocrx_word' id='word_1_266' title='bbox 408 2252 464 2280; x_wconf 86' lang='lat' dir='ltr'><strong>tur</strong></span> <span class='ocrx_word' id='word_1_267' title='bbox 477 2258 520 2280; x_wconf 85' lang='lat' dir='ltr'><strong>ex</strong></span> <span class='ocrx_word' id='word_1_268' title='bbox 535 2250 681 2290; x_wconf 85' lang='lat' dir='ltr'><strong>Venere,</strong></span> <span class='ocrx_word' id='word_1_269' title='bbox 695 2252 744 2283; x_wconf 83' lang='lat' dir='ltr'><strong>ita</strong></span> <span class='ocrx_word' id='word_1_270' title='bbox 757 2253 813 2284; x_wconf 91' lang='lat' dir='ltr'><strong>ille</strong></span> <span class='ocrx_word' id='word_1_271' title='bbox 833 2253 883 2284; x_wconf 87' lang='lat' dir='ltr'><strong>vir</strong></span> <span class='ocrx_word' id='word_1_272' title='bbox 906 2254 948 2285; x_wconf 81' lang='lat' dir='ltr'><strong>ad</strong></span> <span class='ocrx_word' id='word_1_273' title='bbox 967 2259 1096 2286; x_wconf 76' lang='lat' dir='ltr'><strong>nostras</strong></span> 
     </span>
     <span class='ocr_line' id='line_1_40' title="bbox 408 2297 1094 2337; baseline 0.013 -9"><span class='ocrx_word' id='word_1_274' title='bbox 408 2297 499 2330; x_wconf 86' lang='lat' dir='ltr'><strong>fores</strong></span> <span class='ocrx_word' id='word_1_275' title='bbox 532 2300 710 2331; x_wconf 73' lang='lat' dir='ltr'><strong>vertatur:</strong></span> <span class='ocrx_word' id='word_1_276' title='bbox 767 2302 917 2334; x_wconf 78' lang='lat' dir='ltr'><strong>Martial.</strong></span> <span class='ocrx_word' id='word_1_277' title='bbox 953 2312 1005 2336; x_wconf 75' lang='lat' dir='ltr'><strong>rx,</strong></span> <span class='ocrx_word' id='word_1_278' title='bbox 1041 2307 1094 2337; x_wconf 75' lang='lat'><strong>30.</strong></span> 
     </span>
     <span class='ocr_line' id='line_1_41' title="bbox 408 2349 1093 2386; baseline 0.009 -5"><span class='ocrx_word' id='word_1_279' title='bbox 408 2350 418 2366; x_wconf 79' lang='lat'><strong>⁴</strong></span> <span class='ocrx_word' id='word_1_280' title='bbox 436 2349 521 2382; x_wconf 75' lang='lat' dir='ltr'><strong>Quae</strong></span> <span class='ocrx_word' id='word_1_281' title='bbox 536 2359 624 2382; x_wconf 91' lang='lat' dir='ltr'><strong>nunc</strong></span> <span class='ocrx_word' id='word_1_282' title='bbox 639 2351 832 2383; x_wconf 85' lang='lat' dir='ltr'><strong>Thessalico</strong></span> <span class='ocrx_word' id='word_1_283' title='bbox 848 2353 975 2385; x_wconf 84' lang='lat' dir='ltr'><strong>Lunam</strong></span> <span class='ocrx_word' id='word_1_284' title='bbox 990 2354 1093 2386; x_wconf 88' lang='lat' dir='ltr'><strong>dedu-</strong></span> 
     </span>
     <span class='ocr_line' id='line_1_42' title="bbox 410 2398 1096 2438; baseline 0.01 -10"><span class='ocrx_word' id='word_1_285' title='bbox 410 2407 489 2430; x_wconf 86' lang='lat' dir='ltr'><strong>cere</strong></span> <span class='ocrx_word' id='word_1_286' title='bbox 511 2398 660 2438; x_wconf 79' lang='lat' dir='ltr'><strong>rhombo,</strong></span> <span class='ocrx_word' id='word_1_287' title='bbox 681 2400 766 2432; x_wconf 84' lang='lat' dir='ltr'><strong>Quae</strong></span> <span class='ocrx_word' id='word_1_288' title='bbox 788 2400 896 2437; x_wconf 84' lang='lat' dir='ltr'><strong>sciet,’</strong></span> <span class='ocrx_word' id='word_1_289' title='bbox 916 2404 980 2435; x_wconf 85' lang='lat' dir='ltr'><strong>&amp;c.</strong></span> <span class='ocrx_word' id='word_1_290' title='bbox 1021 2403 1096 2434; x_wconf 87' lang='lat' dir='ltr'><strong>Me·</strong></span> 
     </span>
     <span class='ocr_line' id='line_1_43' title="bbox 410 2447 1096 2484; baseline 0.007 -6"><span class='ocrx_word' id='word_1_291' title='bbox 410 2447 508 2479; x_wconf 90' lang='lat' dir='ltr'><strong>minit</strong></span> <span class='ocrx_word' id='word_1_292' title='bbox 523 2452 558 2479; x_wconf 87' lang='lat' dir='ltr'><strong>et</strong></span> <span class='ocrx_word' id='word_1_293' title='bbox 570 2448 765 2480; x_wconf 85' lang='lat' dir='ltr'><strong>Lucretius:</strong></span> <span class='ocrx_word' id='word_1_294' title='bbox 792 2452 802 2468; x_wconf 87' lang='lat'>‘</span> <span class='ocrx_word' id='word_1_295' title='bbox 814 2450 1004 2482; x_wconf 84' lang='lat' dir='ltr'><strong>Traxerunt</strong></span> <span class='ocrx_word' id='word_1_296' title='bbox 1017 2453 1096 2484; x_wconf 85' lang='lat' dir='ltr'><strong>torti</strong></span> 
     </span>
     <span class='ocr_line' id='line_1_44' title="bbox 410 2497 1095 2542; baseline 0.007 -15"><span class='ocrx_word' id='word_1_297' title='bbox 410 2497 543 2536; x_wconf 76' lang='lat' dir='ltr'><strong>magica</strong></span> <span class='ocrx_word' id='word_1_298' title='bbox 559 2497 721 2537; x_wconf 81' lang='lat' dir='ltr'><strong>vertigine</strong></span> <span class='ocrx_word' id='word_1_299' title='bbox 733 2497 806 2529; x_wconf 86' lang='lat' dir='ltr'><strong>fili.’</strong></span> <span class='ocrx_word' id='word_1_300' title='bbox 825 2499 870 2530; x_wconf 86' lang='lat' dir='ltr'><strong>Et</strong></span> <span class='ocrx_word' id='word_1_301' title='bbox 883 2499 1095 2542; x_wconf 84' lang='lat' dir='ltr'><strong>Propertius,</strong></span> 
     </span>
     <span class='ocr_line' id='line_1_45' title="bbox 410 2546 1097 2581; baseline 0.006 -4"><span class='ocrx_word' id='word_1_302' title='bbox 410 2555 467 2578; x_wconf 87' lang='lat'><strong>111.</strong></span> <span class='ocrx_word' id='word_1_303' title='bbox 482 2549 513 2577; x_wconf 84' lang='lat'><strong>6.</strong></span> <span class='ocrx_word' id='word_1_304' title='bbox 529 2549 581 2578; x_wconf 86' lang='lat'><strong>26.</strong></span> <span class='ocrx_word' id='word_1_305' title='bbox 604 2547 614 2564; x_wconf 89' lang='lat'>‘</span> <span class='ocrx_word' id='word_1_306' title='bbox 627 2546 798 2579; x_wconf 83' lang='lat' dir='ltr'><strong>Staminea</strong></span> <span class='ocrx_word' id='word_1_307' title='bbox 820 2547 948 2580; x_wconf 84' lang='lat' dir='ltr'><strong>rhombi</strong></span> <span class='ocrx_word' id='word_1_308' title='bbox 962 2548 1097 2581; x_wconf 89' lang='lat' dir='ltr'><strong>ducitur</strong></span> 
     </span>
     <span class='ocr_line' id='line_1_46' title="bbox 412 2595 585 2628; baseline 0.012 -2"><span class='ocrx_word' id='word_1_309' title='bbox 412 2596 469 2627; x_wconf 87' lang='lat' dir='ltr'><strong>ille</strong></span> <span class='ocrx_word' id='word_1_310' title='bbox 486 2595 585 2628; x_wconf 56' lang='lat' dir='ltr'><strong>rota?</strong></span> 
     </span>
    </p>

    <p class='ocr_par' dir='ltr' id='par_1_17' title="bbox 454 2645 1094 2687">
     <span class='ocr_line' id='line_1_47' title="bbox 454 2645 1094 2687; baseline 0.006 -12"><span class='ocrx_word' id='word_1_311' title='bbox 454 2647 473 2675; x_wconf 89' lang='lat'>8</span> <span class='ocrx_word' id='word_1_312' title='bbox 496 2645 599 2676; x_wconf 80' lang='lat' dir='ltr'><strong>Movit</strong></span> <span class='ocrx_word' id='word_1_313' title='bbox 609 2645 837 2685; x_wconf 45' lang='lat' dir='ltr'><strong>nepotemmc]</strong></span> <span class='ocrx_word' id='word_1_314' title='bbox 858 2646 1030 2687; x_wconf 86' lang='lat' dir='ltr'><strong>Exemplis</strong></span> <span class='ocrx_word' id='word_1_315' title='bbox 1043 2657 1094 2679; x_wconf 81' lang='lat' dir='ltr'><strong>os-</strong></span> 
     </span>
    </p>
   </div>
   <div class='ocr_carea' id='block_1_15' title="bbox 412 2692 1096 2781">
    <p class='ocr_par' dir='ltr' id='par_1_18' title="bbox 412 2692 1096 2781">
     <span class='ocr_line' id='line_1_48' title="bbox 412 2692 1096 2737; baseline 0.01 -15"><span class='ocrx_word' id='word_1_316' title='bbox 412 2692 522 2723; x_wconf 82' lang='lat' dir='ltr'><strong>tendit</strong></span> <span class='ocrx_word' id='word_1_317' title='bbox 538 2694 822 2733; x_wconf 81' lang='lat' dir='ltr'><strong>pervicacissimos</strong></span> <span class='ocrx_word' id='word_1_318' title='bbox 837 2695 968 2728; x_wconf 76' lang='lat' dir='ltr'><strong>exorari</strong></span> <span class='ocrx_word' id='word_1_319' title='bbox 985 2705 1005 2728; x_wconf 84' lang='lat' dir='ltr'><strong>a</strong></span> <span class='ocrx_word' id='word_1_320' title='bbox 1019 2706 1096 2737; x_wconf 88' lang='lat' dir='ltr'><strong>snp-</strong></span> 
     </span>
     <span class='ocr_line' id='line_1_49' title="bbox 413 2741 627 2781; baseline 0.005 -9"><span class='ocrx_word' id='word_1_321' title='bbox 413 2741 627 2781; x_wconf 75' lang='lat' dir='ltr'><strong>plicantibus,</strong></span> 
     </span>
    </p>
   </div>
   <div class='ocr_carea' id='block_1_16' title="bbox 1144 1620 1833 1902">
    <p class='ocr_par' dir='ltr' id='par_1_19' title="bbox 1144 1620 1833 1902">
     <span class='ocr_line' id='line_1_50' title="bbox 1188 1620 1830 1662; baseline 0.005 -11"><span class='ocrx_word' id='word_1_322' title='bbox 1188 1620 1349 1661; x_wconf 71' lang='lat' dir='ltr'><strong>Telephus]</strong></span> <span class='ocrx_word' id='word_1_323' title='bbox 1387 1622 1460 1652; x_wconf 85' lang='lat' dir='ltr'><strong>Rex</strong></span> <span class='ocrx_word' id='word_1_324' title='bbox 1476 1621 1532 1652; x_wconf 89' lang='lat' dir='ltr'><strong>ille</strong></span> <span class='ocrx_word' id='word_1_325' title='bbox 1549 1621 1719 1662; x_wconf 80' lang='lat' dir='ltr'><strong>Mysorum</strong></span> <span class='ocrx_word' id='word_1_326' title='bbox 1735 1622 1830 1654; x_wconf 74' lang='lat' dir='ltr'><strong>Gree-</strong></span> 
     </span>
     <span class='ocr_line' id='line_1_51' title="bbox 1144 1669 1831 1711; baseline 0.003 -11"><span class='ocrx_word' id='word_1_327' title='bbox 1144 1678 1202 1700; x_wconf 87' lang='lat' dir='ltr'><strong>cos</strong></span> <span class='ocrx_word' id='word_1_328' title='bbox 1214 1669 1255 1700; x_wconf 78' lang='lat' dir='ltr'><strong>ad</strong></span> <span class='ocrx_word' id='word_1_329' title='bbox 1268 1669 1518 1710; x_wconf 84' lang='lat' dir='ltr'><strong>expeditionem</strong></span> <span class='ocrx_word' id='word_1_330' title='bbox 1526 1670 1700 1711; x_wconf 66' lang='grc' dir='ltr'><strong>ΤΙ-0301111111</strong></span> <span class='ocrx_word' id='word_1_331' title='bbox 1713 1675 1831 1702; x_wconf 83' lang='lat' dir='ltr'><strong>euntes</strong></span> 
     </span>
     <span class='ocr_line' id='line_1_52' title="bbox 1145 1718 1831 1759; baseline 0.001 -10"><span class='ocrx_word' id='word_1_332' title='bbox 1145 1718 1321 1759; x_wconf 86' lang='lat' dir='ltr'><strong>prohibere</strong></span> <span class='ocrx_word' id='word_1_333' title='bbox 1351 1719 1456 1750; x_wconf 86' lang='lat' dir='ltr'><strong>voluit</strong></span> <span class='ocrx_word' id='word_1_334' title='bbox 1490 1719 1583 1750; x_wconf 78' lang='lat' dir='ltr'><strong>aditu</strong></span> <span class='ocrx_word' id='word_1_335' title='bbox 1619 1728 1658 1750; x_wconf 83' lang='lat' dir='ltr'><strong>ac</strong></span> <span class='ocrx_word' id='word_1_336' title='bbox 1689 1720 1831 1752; x_wconf 80' lang='lat' dir='ltr'><strong>transitu</strong></span> 
     </span>
     <span class='ocr_line' id='line_1_53' title="bbox 1146 1766 1830 1808; baseline 0.001 -11"><span class='ocrx_word' id='word_1_337' title='bbox 1146 1767 1240 1807; x_wconf 84' lang='lat' dir='ltr'><strong>regni</strong></span> <span class='ocrx_word' id='word_1_338' title='bbox 1256 1767 1319 1797; x_wconf 87' lang='lat' dir='ltr'><strong>sui.</strong></span> <span class='ocrx_word' id='word_1_339' title='bbox 1362 1766 1486 1808; x_wconf 84' lang='lat' dir='ltr'><strong>Itaque</strong></span> <span class='ocrx_word' id='word_1_340' title='bbox 1499 1766 1540 1799; x_wconf 80' lang='lat' dir='ltr'><strong>ad</strong></span> <span class='ocrx_word' id='word_1_341' title='bbox 1558 1776 1650 1798; x_wconf 76' lang='lat' dir='ltr'><strong>arma</strong></span> <span class='ocrx_word' id='word_1_342' title='bbox 1664 1772 1700 1799; x_wconf 85' lang='lat' dir='ltr'><strong>et</strong></span> <span class='ocrx_word' id='word_1_343' title='bbox 1714 1777 1830 1799; x_wconf 80' lang='lat' dir='ltr'><strong>manus</strong></span> 
     </span>
     <span class='ocr_line' id='line_1_54' title="bbox 1145 1815 1832 1856; baseline 0.001 -10"><span class='ocrx_word' id='word_1_344' title='bbox 1145 1820 1282 1847; x_wconf 87' lang='lat' dir='ltr'><strong>ventum</strong></span> <span class='ocrx_word' id='word_1_345' title='bbox 1305 1820 1369 1846; x_wconf 87' lang='lat' dir='ltr'><strong>est.</strong></span> <span class='ocrx_word' id='word_1_346' title='bbox 1412 1815 1466 1847; x_wconf 90' lang='lat' dir='ltr'><strong>Ab</strong></span> <span class='ocrx_word' id='word_1_347' title='bbox 1481 1816 1612 1848; x_wconf 88' lang='lat' dir='ltr'><strong>Achille</strong></span> <span class='ocrx_word' id='word_1_348' title='bbox 1628 1825 1707 1848; x_wconf 88' lang='lat' dir='ltr'><strong>vero</strong></span> <span class='ocrx_word' id='word_1_349' title='bbox 1722 1817 1832 1856; x_wconf 74' lang='lat' dir='ltr'><strong>gravi-</strong></span> 
     </span>
     <span class='ocr_line' id='line_1_55' title="bbox 1145 1863 1833 1902; baseline 0.001 -8"><span class='ocrx_word' id='word_1_350' title='bbox 1145 1867 1197 1894; x_wconf 85' lang='lat' dir='ltr'><strong>ter</strong></span> <span class='ocrx_word' id='word_1_351' title='bbox 1210 1865 1414 1902; x_wconf 84' lang='lat' dir='ltr'><strong>vulneratns,</strong></span> <span class='ocrx_word' id='word_1_352' title='bbox 1427 1863 1593 1895; x_wconf 79' lang='lat' dir='ltr'><strong>medelam</strong></span> <span class='ocrx_word' id='word_1_353' title='bbox 1607 1873 1671 1895; x_wconf 89' lang='lat' dir='ltr'><strong>non</strong></span> <span class='ocrx_word' id='word_1_354' title='bbox 1684 1864 1833 1895; x_wconf 87' lang='lat' dir='ltr'><strong>invenie-</strong></span> 
     </span>
    </p>
   </div>
   <div class='ocr_carea' id='block_1_17' title="bbox 1125 1911 1833 1951">
    <p class='ocr_par' dir='ltr' id='par_1_20' title="bbox 1125 1911 1833 1951">
     <span class='ocr_line' id='line_1_56' title="bbox 1125 1911 1833 1951; baseline 0.001 -9"><span class='ocrx_word' id='word_1_355' title='bbox 1125 1911 1223 1949; x_wconf 77' lang='lat' dir='ltr'><strong>,bat3</strong></span> <span class='ocrx_word' id='word_1_356' title='bbox 1257 1912 1364 1943; x_wconf 85' lang='lat' dir='ltr'><strong>donec</strong></span> <span class='ocrx_word' id='word_1_357' title='bbox 1388 1913 1558 1943; x_wconf 85' lang='lat' dir='ltr'><strong>oraculum</strong></span> <span class='ocrx_word' id='word_1_358' title='bbox 1580 1912 1758 1951; x_wconf 88' lang='lat' dir='ltr'><strong>consuluit,</strong></span> <span class='ocrx_word' id='word_1_359' title='bbox 1780 1922 1833 1943; x_wconf 87' lang='lat' dir='ltr'><strong>re-</strong></span> 
     </span>
    </p>
   </div>
   <div class='ocr_carea' id='block_1_18' title="bbox 1144 1961 1835 2787">
    <p class='ocr_par' dir='ltr' id='par_1_21' title="bbox 1144 1961 1835 2679">
     <span class='ocr_line' id='line_1_57' title="bbox 1144 1961 1832 2002; baseline 0.004 -11"><span class='ocrx_word' id='word_1_360' title='bbox 1144 1969 1370 2002; x_wconf 86' lang='lat' dir='ltr'><strong>sponsumque</strong></span> <span class='ocrx_word' id='word_1_361' title='bbox 1415 1962 1506 2000; x_wconf 86' lang='lat' dir='ltr'><strong>tulit,</strong></span> <span class='ocrx_word' id='word_1_362' title='bbox 1540 1961 1620 1994; x_wconf 86' lang='lat' dir='ltr'><strong>inde</strong></span> <span class='ocrx_word' id='word_1_363' title='bbox 1651 1962 1832 2002; x_wconf 87' lang='lat' dir='ltr'><strong>petendum</strong></span> 
     </span>
     <span class='ocr_line' id='line_1_58' title="bbox 1146 2009 1833 2052; baseline 0.003 -12"><span class='ocrx_word' id='word_1_364' title='bbox 1146 2009 1343 2051; x_wconf 85' lang='lat' dir='ltr'><strong>remedium,</strong></span> <span class='ocrx_word' id='word_1_365' title='bbox 1374 2011 1463 2042; x_wconf 88' lang='lat' dir='ltr'><strong>unde</strong></span> <span class='ocrx_word' id='word_1_366' title='bbox 1493 2011 1612 2042; x_wconf 87' lang='lat' dir='ltr'><strong>vulnus</strong></span> <span class='ocrx_word' id='word_1_367' title='bbox 1641 2017 1833 2052; x_wconf 77' lang='lat' dir='ltr'><strong>acceperat.</strong></span> 
     </span>
     <span class='ocr_line' id='line_1_59' title="bbox 1146 2059 1831 2100; baseline 0.006 -12"><span class='ocrx_word' id='word_1_368' title='bbox 1146 2059 1238 2099; x_wconf 85' lang='lat' dir='ltr'><strong>Ergo</strong></span> <span class='ocrx_word' id='word_1_369' title='bbox 1259 2059 1301 2089; x_wconf 87' lang='lat' dir='ltr'><strong>ad</strong></span> <span class='ocrx_word' id='word_1_370' title='bbox 1325 2059 1490 2100; x_wconf 79' lang='lat' dir='ltr'><strong>Achillem</strong></span> <span class='ocrx_word' id='word_1_371' title='bbox 1511 2068 1548 2090; x_wconf 79' lang='lat' dir='ltr'><strong>se</strong></span> <span class='ocrx_word' id='word_1_372' title='bbox 1571 2060 1727 2100; x_wconf 88' lang='lat' dir='ltr'><strong>contulit,</strong></span> <span class='ocrx_word' id='word_1_373' title='bbox 1740 2064 1775 2092; x_wconf 92' lang='lat' dir='ltr'><strong>et</strong></span> <span class='ocrx_word' id='word_1_374' title='bbox 1789 2060 1831 2092; x_wconf 80' lang='lat' dir='ltr'><strong>ab</strong></span> 
     </span>
     <span class='ocr_line' id='line_1_60' title="bbox 1148 2109 1832 2150; baseline 0.001 -11"><span class='ocrx_word' id='word_1_375' title='bbox 1148 2117 1188 2139; x_wconf 88' lang='lat' dir='ltr'><strong>eo</strong></span> <span class='ocrx_word' id='word_1_376' title='bbox 1217 2113 1355 2140; x_wconf 79' lang='lat' dir='ltr'><strong>curatus</strong></span> <span class='ocrx_word' id='word_1_377' title='bbox 1384 2113 1436 2140; x_wconf 90' lang='lat' dir='ltr'><strong>est</strong></span> <span class='ocrx_word' id='word_1_378' title='bbox 1465 2118 1525 2140; x_wconf 86' lang='lat' dir='ltr'><strong>seu</strong></span> <span class='ocrx_word' id='word_1_379' title='bbox 1551 2109 1655 2141; x_wconf 77' lang='lat' dir='ltr'><strong>hustoe</strong></span> <span class='ocrx_word' id='word_1_380' title='bbox 1684 2109 1832 2150; x_wconf 72' lang='lat' dir='ltr'><strong>cuspidis</strong></span> 
     </span>
     <span class='ocr_line' id='line_1_61' title="bbox 1146 2157 1833 2199; baseline 0.003 -11"><span class='ocrx_word' id='word_1_381' title='bbox 1146 2158 1315 2192; x_wconf 83' lang='lat' dir='ltr'><strong>limatura,</strong></span> <span class='ocrx_word' id='word_1_382' title='bbox 1344 2167 1404 2189; x_wconf 90' lang='lat' dir='ltr'><strong>seu</strong></span> <span class='ocrx_word' id='word_1_383' title='bbox 1426 2157 1530 2189; x_wconf 81' lang='lat' dir='ltr'><strong>herba</strong></span> <span class='ocrx_word' id='word_1_384' title='bbox 1551 2158 1693 2199; x_wconf 78' lang='lat' dir='ltr'><strong>quadam</strong></span> <span class='ocrx_word' id='word_1_385' title='bbox 1719 2159 1763 2190; x_wconf 77' lang='lat' dir='ltr'><strong>ab</strong></span> <span class='ocrx_word' id='word_1_386' title='bbox 1787 2158 1833 2190; x_wconf 81' lang='lat' dir='ltr'><strong>A·</strong></span> 
     </span>
     <span class='ocr_line' id='line_1_62' title="bbox 1149 2206 1833 2239; baseline 0.003 -3"><span class='ocrx_word' id='word_1_387' title='bbox 1149 2206 1249 2237; x_wconf 91' lang='lat' dir='ltr'><strong>chille</strong></span> <span class='ocrx_word' id='word_1_388' title='bbox 1264 2206 1413 2238; x_wconf 85' lang='lat' dir='ltr'><strong>inventa.</strong></span> <span class='ocrx_word' id='word_1_389' title='bbox 1458 2207 1546 2239; x_wconf 82' lang='lat' dir='ltr'><strong>Plin.</strong></span> <span class='ocrx_word' id='word_1_390' title='bbox 1560 2215 1647 2238; x_wconf 85' lang='lat' dir='ltr'><strong>xxv.</strong></span> <span class='ocrx_word' id='word_1_391' title='bbox 1659 2210 1690 2238; x_wconf 82' lang='lat'><strong>5.</strong></span> <span class='ocrx_word' id='word_1_392' title='bbox 1711 2207 1720 2224; x_wconf 88' lang='lat'>‘</span> <span class='ocrx_word' id='word_1_393' title='bbox 1736 2207 1833 2238; x_wconf 85' lang='lat' dir='ltr'><strong>Inve-</strong></span> 
     </span>
     <span class='ocr_line' id='line_1_63' title="bbox 1147 2254 1834 2298; baseline 0.001 -12"><span class='ocrx_word' id='word_1_394' title='bbox 1147 2255 1199 2286; x_wconf 85' lang='lat' dir='ltr'><strong>nit</strong></span> <span class='ocrx_word' id='word_1_395' title='bbox 1213 2254 1360 2286; x_wconf 85' lang='lat' dir='ltr'><strong>Acbilles</strong></span> <span class='ocrx_word' id='word_1_396' title='bbox 1375 2255 1560 2296; x_wconf 88' lang='lat' dir='ltr'><strong>discipulus</strong></span> <span class='ocrx_word' id='word_1_397' title='bbox 1580 2255 1744 2295; x_wconf 80' lang='lat' dir='ltr'><strong>Chironis,</strong></span> <span class='ocrx_word' id='word_1_398' title='bbox 1769 2265 1834 2298; x_wconf 83' lang='lat' dir='ltr'><strong>qua</strong></span> 
     </span>
     <span class='ocr_line' id='line_1_64' title="bbox 1147 2303 1831 2346; baseline 0.003 -12"><span class='ocrx_word' id='word_1_399' title='bbox 1147 2303 1337 2335; x_wconf 84' lang='lat' dir='ltr'><strong>vulneribus</strong></span> <span class='ocrx_word' id='word_1_400' title='bbox 1368 2304 1577 2344; x_wconf 86' lang='lat' dir='ltr'><strong>mederetur,</strong></span> <span class='ocrx_word' id='word_1_401' title='bbox 1610 2315 1697 2346; x_wconf 79' lang='lat' dir='ltr'><strong>quae.</strong></span> <span class='ocrx_word' id='word_1_402' title='bbox 1719 2305 1762 2336; x_wconf 89' lang='lat' dir='ltr'><strong>ob</strong></span> <span class='ocrx_word' id='word_1_403' title='bbox 1798 2306 1831 2336; x_wconf 89' lang='lat' dir='ltr'><strong>id</strong></span> 
     </span>
     <span class='ocr_line' id='line_1_65' title="bbox 1147 2352 1832 2386; baseline 0.001 -1"><span class='ocrx_word' id='word_1_404' title='bbox 1147 2352 1316 2385; x_wconf 89' lang='lat' dir='ltr'><strong>Achilleos</strong></span> <span class='ocrx_word' id='word_1_405' title='bbox 1331 2356 1484 2384; x_wconf 80' lang='lat' dir='ltr'><strong>vocatur.</strong></span> <span class='ocrx_word' id='word_1_406' title='bbox 1527 2353 1602 2384; x_wconf 80' lang='lat' dir='ltr'><strong>Hae</strong></span> <span class='ocrx_word' id='word_1_407' title='bbox 1618 2363 1752 2385; x_wconf 79' lang='lat' dir='ltr'><strong>sanasse</strong></span> <span class='ocrx_word' id='word_1_408' title='bbox 1770 2355 1832 2386; x_wconf 87' lang='lat' dir='ltr'><strong>Te-</strong></span> 
     </span>
     <span class='ocr_line' id='line_1_66' title="bbox 1147 2399 1834 2444; baseline 0.004 -13"><span class='ocrx_word' id='word_1_409' title='bbox 1147 2402 1282 2442; x_wconf 89' lang='lat' dir='ltr'><strong>lephum</strong></span> <span class='ocrx_word' id='word_1_410' title='bbox 1298 2401 1433 2433; x_wconf 86' lang='lat' dir='ltr'><strong>dicitur.</strong></span> <span class='ocrx_word' id='word_1_411' title='bbox 1475 2399 1545 2432; x_wconf 89' lang='lat' dir='ltr'><strong>Alii</strong></span> <span class='ocrx_word' id='word_1_412' title='bbox 1559 2401 1698 2441; x_wconf 87' lang='lat' dir='ltr'><strong>primum</strong></span> <span class='ocrx_word' id='word_1_413' title='bbox 1712 2403 1834 2444; x_wconf 78' lang='lat' dir='ltr'><strong>oerugi-</strong></span> 
     </span>
     <span class='ocr_line' id='line_1_67' title="bbox 1149 2449 1833 2493; baseline 0.004 -12"><span class='ocrx_word' id='word_1_414' title='bbox 1149 2459 1225 2481; x_wconf 86' lang='lat' dir='ltr'><strong>nem</strong></span> <span class='ocrx_word' id='word_1_415' title='bbox 1253 2451 1432 2487; x_wconf 89' lang='lat' dir='ltr'><strong>invenisse,</strong></span> <span class='ocrx_word' id='word_1_416' title='bbox 1457 2449 1664 2482; x_wconf 84' lang='lat' dir='ltr'><strong>utilissimam</strong></span> <span class='ocrx_word' id='word_1_417' title='bbox 1691 2453 1833 2493; x_wconf 79' lang='lat' dir='ltr'><strong>emplas-</strong></span> 
     </span>
     <span class='ocr_line' id='line_1_68' title="bbox 1149 2498 1832 2541; baseline 0.003 -11"><span class='ocrx_word' id='word_1_418' title='bbox 1149 2499 1231 2538; x_wconf 85' lang='lat' dir='ltr'><strong>tris;</strong></span> <span class='ocrx_word' id='word_1_419' title='bbox 1265 2499 1410 2539; x_wconf 88' lang='lat' dir='ltr'><strong>ideoque</strong></span> <span class='ocrx_word' id='word_1_420' title='bbox 1439 2498 1588 2539; x_wconf 75' lang='lat' dir='ltr'><strong>pingitur</strong></span> <span class='ocrx_word' id='word_1_421' title='bbox 1618 2508 1660 2530; x_wconf 90' lang='lat' dir='ltr'><strong>ex</strong></span> <span class='ocrx_word' id='word_1_422' title='bbox 1693 2501 1832 2541; x_wconf 85' lang='lat' dir='ltr'><strong>cuspide</strong></span> 
     </span>
     <span class='ocr_line' id='line_1_69' title="bbox 1148 2547 1835 2587; baseline 0.003 -8"><span class='ocrx_word' id='word_1_423' title='bbox 1148 2548 1322 2580; x_wconf 80' lang='lat' dir='ltr'><strong>decutiens</strong></span> <span class='ocrx_word' id='word_1_424' title='bbox 1344 2557 1416 2579; x_wconf 83' lang='lat' dir='ltr'><strong>eam</strong></span> <span class='ocrx_word' id='word_1_425' title='bbox 1433 2547 1542 2587; x_wconf 78' lang='lat' dir='ltr'><strong>gladio</strong></span> <span class='ocrx_word' id='word_1_426' title='bbox 1557 2547 1590 2579; x_wconf 91' lang='lat' dir='ltr'><strong>in</strong></span> <span class='ocrx_word' id='word_1_427' title='bbox 1606 2548 1724 2580; x_wconf 78' lang='lat' dir='ltr'><strong>vulnus</strong></span> <span class='ocrx_word' id='word_1_428' title='bbox 1738 2549 1835 2581; x_wconf 86' lang='lat' dir='ltr'><strong>Tele-</strong></span> 
     </span>
     <span class='ocr_line' id='line_1_70' title="bbox 1149 2596 1834 2639; baseline 0.001 -10"><span class='ocrx_word' id='word_1_429' title='bbox 1149 2598 1218 2639; x_wconf 87' lang='lat' dir='ltr'><strong>phi.</strong></span> <span class='ocrx_word' id='word_1_430' title='bbox 1240 2597 1307 2629; x_wconf 86' lang='lat' dir='ltr'><strong>Alii</strong></span> <span class='ocrx_word' id='word_1_431' title='bbox 1323 2600 1462 2638; x_wconf 87' lang='lat' dir='ltr'><strong>utroque</strong></span> <span class='ocrx_word' id='word_1_432' title='bbox 1479 2605 1574 2628; x_wconf 82' lang='lat' dir='ltr'><strong>usum</strong></span> <span class='ocrx_word' id='word_1_433' title='bbox 1588 2596 1834 2630; x_wconf 78' lang='lat' dir='ltr'><strong>medicamento</strong></span> 
     </span>
     <span class='ocr_line' id='line_1_71' title="bbox 1149 2647 1284 2679; baseline 0.007 -1"><span class='ocrx_word' id='word_1_434' title='bbox 1149 2647 1284 2679; x_wconf 89' lang='lat' dir='ltr'><strong>volunt.’</strong></span> 
     </span>
    </p>

    <p class='ocr_par' dir='ltr' id='par_1_22' title="bbox 1147 2694 1832 2787">
     <span class='ocr_line' id='line_1_72' title="bbox 1192 2694 1832 2736; baseline 0 -10"><span class='ocrx_word' id='word_1_435' title='bbox 1192 2698 1229 2727; x_wconf 91' lang='lat' dir='ltr'><strong>ll</strong></span> <span class='ocrx_word' id='word_1_436' title='bbox 1266 2696 1389 2726; x_wconf 73' lang='lat' dir='ltr'><strong>Unoeere</strong></span> <span class='ocrx_word' id='word_1_437' title='bbox 1413 2698 1529 2726; x_wconf 79' lang='lat' dir='ltr'><strong>matres</strong></span> <span class='ocrx_word' id='word_1_438' title='bbox 1555 2694 1639 2735; x_wconf 73' lang='lat' dir='ltr'><strong>llic,</strong></span> <span class='ocrx_word' id='word_1_439' title='bbox 1664 2694 1733 2736; x_wconf 58' lang='grc' dir='ltr'><strong>ξω]</strong></span> <span class='ocrx_word' id='word_1_440' title='bbox 1762 2694 1832 2726; x_wconf 85' lang='lat' dir='ltr'><strong>Alii</strong></span> 
     </span>
     <span class='ocr_line' id='line_1_73' title="bbox 1147 2745 1831 2787; baseline -0.001 -10"><span class='ocrx_word' id='word_1_441' title='bbox 1147 2746 1276 2786; x_wconf 80' lang='lat' dir='ltr'><strong>legunt,</strong></span> <span class='ocrx_word' id='word_1_442' title='bbox 1290 2745 1430 2783; x_wconf 77' lang='lat' dir='ltr'><strong>Luxere;</strong></span> <span class='ocrx_word' id='word_1_443' title='bbox 1443 2745 1559 2777; x_wconf 87' lang='lat' dir='ltr'><strong>eodem</strong></span> <span class='ocrx_word' id='word_1_444' title='bbox 1569 2746 1704 2787; x_wconf 78' lang='lat' dir='ltr'><strong>proprie</strong></span> <span class='ocrx_word' id='word_1_445' title='bbox 1716 2754 1831 2777; x_wconf 82' lang='lat' dir='ltr'><strong>sensu:</strong></span> 
     </span>
    </p>
   </div>
  </div>
 </body>
</html>
