1890 3256
352 260 462 301 1042

818 278 860 314 Q.
893 278 1099 307 HORATH
1133 278 1306 308 FLAGG!

350 363 403 405 In
425 370 713 418 corruptorem
735 368 803 408 vel
814 368 1004 420 justior:
1034 369 1111 410 illa
1129 373 1269 410 tamen
1290 384 1338 412 se

354 429 459 470 Non
479 431 630 472 habitu
652 436 842 473 mutatve
862 433 979 482 loco,
999 439 1209 486 peccatve
1230 448 1426 488 superne,
1475 454 1479 459 ·

349 495 460 536 Cum
481 501 522 537 te
542 497 739 538 formidet
758 498 924 547 mulier,
946 511 1086 552 neque
1107 501 1255 542 credat
1275 502 1451 542 amanti.

1716 505 1773 546 65

346 560 441 603 Ibis
460 564 540 603 sub
559 563 727 603 furcam
748 562 951 616 prudens,
971 564 1234 619 dominoque
1251 567 1409 607 furenti

346 626 605 669 committes
624 641 712 669 rem
731 642 920 680 omnem,
941 636 985 671 et
1004 632 1153 681 vitam,
1175 635 1218 672 et
1237 645 1332 673 cum
1351 644 1532 685 corpore
1553 632 1724 676 famam.

345 692 533 734 Evasti‘?
564 694 691 735 credo
712 700 892 746 metues,
912 697 1150 751 doctusque
1171 699 1358 739 cavebis.

345 758 530 808 Quaeres
549 761 720 812 quando
741 762 896 802 iterum
917 775 1097 815 paveas,
1117 764 1358 818 iterumque
1379 765 1517 818 perire

343 823 510 865 Possis.
570 824 608 864 O
629 826 760 867 toties
780 829 951 869 servus!
982 841 1080 881 quae
1102 830 1248 871 bellua
1268 832 1421 884 ruptiS,

1711 834 1768 875 70

342 888 452 930 Cum
473 891 607 933 semel
627 891 786 944 effugit,
809 893 950 935 reddit
969 907 1017 935 se
1038 908 1174 947 prava
1191 897 1386 936 catenis?

341 954 446 997 Non
467 967 566 995 sum
585 956 793 1007 moechus,
814 959 905 999 ais:
935 972 1074 1012 neque
1094 973 1188 1012 ego,
1209 961 1401 1012 hercule,
1416 962 1499 1013 fur,
1520 964 1595 1004 ubi
1615 976 1721 1006 vasa

339 1091 399 1113 non
412 1084 530 1123 oequiue
543 1088 649 1116 contra
663 1086 836 1117 adulterum
846 1089 859 1116 ?
903 1087 994 1117 Certe
1008 1085 1139 1123 faemina
1164 1088 1227 1118 hoec
1249 1098 1336 1120 euum
1361 1098 1421 1120 non
1443 1092 1543 1120 mutat
1557 1090 1706 1127 habitum,
1719 1089 1769 1121 ve!

339 1124 437 1155 locum
446 1135 459 1161 ,·
543 1126 563 1144 ¹⁸
648 1126 667 1144 *
752 1129 771 1146 ⁸
857 1126 876 1145 '¹'
960 1128 1103 1167 quoniam
1128 1132 1159 1160 te
1184 1130 1306 1170 metuit,
1332 1140 1386 1161 nec
1409 1130 1527 1162 amanti
1537 1131 1617 1172 fidit
1627 1141 1638 1161 .·
1660 1134 1774 1171 sponte

329 1165 419 1202 seres
435 1166 618 1206 patibulum,
634 1171 724 1208 atque
737 1169 810 1200 hero
817 1168 938 1207 furioso
952 1170 1073 1201 addices
1086 1174 1195 1202 cuncta
1210 1171 1297 1212 bona‘,
1310 1173 1418 1210 uitam,
1432 1181 1549 1212 corpus,
1563 1172 1767 1203 existiman-¹

338 1216 416 1238 nem.
463 1209 554 1244 Quod
577 1209 606 1239 si
626 1209 786 1242 incolumis
806 1212 927 1249 evadas,
951 1211 1091 1251 deinceps
1104 1212 1192 1250 sorte
1215 1213 1379 1254 vereberis,
1404 1217 1434 1245 et
1459 1213 1598 1244 eruditus
1616 1213 1746 1245 evitatio
1753 1216 1770 1244 ΐ-

338 1248 437 1279 Immo
451 1259 521 1281 vero
534 1251 671 1291 inquires
682 1261 804 1283 rursum
819 1252 948 1283 timendi
962 1253 1166 1294 pereundique
1176 1255 1353 1286 occasiones.
1383 1256 1413 1286 0
1426 1255 1532 1286 multis
1541 1256 1638 1287 modis
1651 1255 1767 1286 maruci-

334 1294 429 1328 patus
439 1291 454 1322 !
497 1293 604 1332 Ecqua
619 1293 692 1330 fera
706 1294 834 1324 vinculis
848 1294 965 1331 fractis
978 1295 1111 1335 improbe
1125 1305 1156 1326 se
1170 1297 1296 1335 religat,
1312 1297 1339 1327 ei
1353 1298 1471 1336 quando
1485 1297 1599 1328 emit?
1638 1296 1765 1328 Atenim

337 1340 399 1362 non
412 1341 478 1364 sum
493 1335 624 1370 adulter,
639 1335 751 1375 inquis.
799 1336 866 1366 Nec
879 1345 935 1375 ego
949 1340 1030 1368 certe
1042 1337 1113 1375 fur,
1135 1339 1253 1377 quando
1267 1342 1414 1378 argentea
1427 1348 1500 1370 vasa
1513 1342 1620 1370 cautus
1632 1341 1765 1370 tramea.

938 1438 1172 1452 ‘‘‘‘‘‘‘‘‘‘

337 1504 422 1532 vett.
438 1505 516 1532 ante
532 1502 721 1533 Zurk.-63
743 1503 838 1533 Unus
865 1503 942 1534 Vat.
964 1508 1169 1544 corruptorem
1192 1508 1238 1536 est
1257 1507 1314 1537 vel.
1353 1504 1496 1544 Bodoni,
1518 1505 1568 1536 vel
1582 1504 1762 1543 ,iratior-t—

336 1546 377 1574 64
401 1543 484 1574 Exc.
499 1543 577 1573 Sax.
593 1543 688 1574 Harl.
703 1547 735 1574 2.
751 1549 894 1583 quatuor
909 1546 1004 1576 Vatt.
1019 1546 1196 1576 Barberin.
1212 1551 1246 1577 et
1262 1547 1317 1577 alii
1339 1556 1393 1587 ap.
1411 1547 1566 1577 Pulman.
1587 1550 1760 1586 peccatque.

335 1587 418 1615 —65
444 1584 537 1614 Unus
553 1585 630 1614 Vat.
645 1594 704 1614 non
718 1585 910 1616 credit.-67
932 1587 1012 1616 Vat.
1030 1591 1113 1626 tres,
1127 1591 1164 1618 et
1180 1597 1263 1618 unus
1275 1588 1452 1620 Barberin.
1471 1589 1658 1618 Committie.
1679 1587 1762 1617 Bar-

334 1625 442 1657 berin.
458 1630 492 1656 et
507 1626 584 1657 Vet.
600 1625 717 1656 Comb.
739 1627 847 1665 vitam,
861 1637 928 1657 cum
951 1637 1083 1667 corpore.
1121 1628 1218 1659 Harl.
1232 1631 1262 1660 3.
1286 1639 1399 1668 quoque
1419 1630 1636 1668 corpora—68
1658 1628 1764 1659 Multi

333 1676 388 1707 ap.
411 1668 527 1704 Feam,
550 1672 586 1697 et
607 1667 730 1698 Venet.
747 1670 839 1699 1514.
863 1670 952 1700 credo
972 1673 1118 1704 metuens,
1133 1670 1223 1710 quod
1249 1675 1450 1710 receperunt
1473 1670 1553 1709 Fea,
1579 1669 1699 1705 Bothe,
1726 1673 1762 1700 et

333 1709 455 1741 Jaeck.
494 1709 727 1747 Melues,credo
742 1709 853 1741 Bentl.
869 1719 910 1740 ex
931 1710 1088 1750 ingeni03
1112 1712 1189 1742 inde
1214 1711 1353 1751 Cuning.
1381 1711 1470 1742 Phil.
1496 1712 1628 1742 Vatart.
1651 1710 1761 1746 obet-¹

333 1750 392 1780 lin.
410 1749 541 1781 Wakef.
558 1749 739 1788 Heindorf,
749 1752 891 1783 wetzel.
905 1756 939 1782 et
955 1751 1147 1784 Kidd.-69
1171 1753 1296 1787 Quoeris
1310 1753 1460 1784 nonnulli
1476 1763 1530 1792 ap.
1548 1753 1660 1790 Feam,
1674 1760 1759 1782 unus

333 1792 524 1830 Pulmanni,
553 1797 586 1822 et
617 1792 671 1823 ed.
703 1792 846 1832 Cuning.
892 1793 957 1824 Dic
980 1794 1055 1824 milri
1077 1795 1196 1833 quando
1223 1804 1307 1825 unus
1331 1796 1410 1826 Vat.
1437 1803 1479 1825 ex
1506 1794 1759 1833 glossemate.—

332 1835 374 1863 70
397 1833 508 1863 Bentl.
525 1833 727 1864 totiena—71
746 1833 843 1865 Harl.
858 1836 889 1864 6.
904 1836 994 1864 semel
1007 1836 1118 1875 erupit.
1155 1835 1248 1865 Unus
1262 1836 1341 1866 Vat.
1355 1844 1387 1865 se
1400 1835 1500 1865 reddit
1511 1845 1524 1871 ,·
1538 1833 1686 1865 nonnulli
1702 1843 1756 1873 ap.

334 1873 435 1904 Feam
458 1877 493 1904 et
518 1873 633 1905 Lamb.
649 1875 756 1905 reddet
770 1885 814 1906 se.
851 1875 932 1906 Vat.
955 1885 1051 1915 unm,
1078 1885 1163 1906 unus
1185 1876 1267 1906 item
1293 1885 1347 1916 ap.
1372 1875 1529 1907 oberlin.
1554 1874 1757 1916 effugerit.—

980 1968 1120 2000 NOTAE

373 2033 415 2062 64
439 2031 512 2062 Non
532 2030 639 2062 habitu
659 2034 795 2062 mutatve
816 2029 893 2070 loco]
915 2029 1018 2061 Adul-

331 2083 406 2112 tera
422 2089 485 2111 non
501 2080 674 2121 egreditur
689 2079 786 2111 domo
802 2090 872 2119 sua,
888 2089 952 2110 non
969 2080 1017 2110 in-

331 2129 438 2169 signia
466 2129 619 2169 deponit,
649 2133 686 2160 ut
712 2133 770 2159 tu:
810 2129 1015 2169 proindeque

329 2177 430 2218 longe
444 2178 541 2218 pejus
557 2179 615 2208 illa
630 2177 723 2218 facis,
737 2178 925 2219 justiorque
946 2188 1015 2220 poe-

329 2234 373 2256 na
389 2229 424 2256 te
438 2225 599 2266 sequitur.

370 2277 414 2306 66
436 2274 504 2306 Ibis
517 2274 701 2312 subfurcam
719 2274 866 2315 prudens]
887 2275 1015 2315 Sponte

328 2323 420 2355 subis
448 2325 602 2356 servilem
637 2324 850 2365 ignominiam
883 2329 919 2355 et
947 2334 1014 2364 poe·

328 2382 418 2405 nam.

370 2423 560 2463 Dominoque
577 2423 711 2461 furenti.
736 2422 806 2463 ξω]
838 2421 901 2452 Vel
924 2421 1013 2452 irato

330 2475 366 2503 et
390 2473 552 2503 ultionem
592 2473 761 2503 anhelanti
791 2471 924 2507 marito,
960 2471 1013 2502 vel

329 2520 465 2552 affectui
494 2521 682 2552 vehementi
710 2521 850 2553 cuilibet
875 2520 936 2552 tibi
961 2524 1012 2560 ty-

328 2571 463 2602 rannice
487 2570 671 2601 dominanti
698 2576 834 2610 paratus
859 2579 895 2601 es
919 2569 1013 2601 addi-

327 2627 406 2649 cere
419 2619 517 2657 bona,
531 2618 668 2660 famam,
682 2620 796 2651 vitam.

362 2670 412 2698 168
437 2669 571 2699 Evaetv'?
592 2669 680 2699 credo
703 2672 827 2703 metues.
849 2665 917 2708 isc-J
941 2666 1011 2698 Iro-

327 2715 413 2747 nice.
455 2716 553 2749 Quod
570 2718 596 2747 si
613 2726 631 2748 e
648 2718 724 2748 vitae
742 2717 890 2757 periculo
905 2725 1010 2747 emer-

327 2774 397 2805 gas,
411 2763 500 2796 forte
515 2770 634 2796 cautus
648 2765 808 2805 deinceps
822 2764 927 2796 simile
944 2763 1009 2794 dis·

1069 2030 1194 2062 crimen
1209 2031 1304 2070 longe
1315 2029 1433 2070 fugies.
1455 2029 1562 2060 Immo
1575 2036 1654 2059 vero
1666 2037 1754 2068 quae-

1069 2089 1123 2110 res
1149 2089 1281 2120 semper
1307 2089 1408 2110 novas
1430 2077 1619 2109 moechandi
1639 2078 1755 2109 toties-

1069 2138 1133 2169 que
1170 2128 1383 2169 periclitandi
1418 2128 1630 2159 occasiones:
1672 2127 1755 2159 adeo

1067 2178 1279 2218 mancipatus
1295 2188 1330 2208 es
1344 2177 1514 2218 tyrannidi
1529 2177 1696 2208 vitiorum.

1109 2229 1151 2257 70
1175 2226 1252 2261 Quae
1279 2226 1376 2257 bellua
1403 2227 1516 2265 ruptis,
1544 2224 1614 2264 tha]
1648 2224 1751 2254 Hunc

1067 2276 1203 2308 Horatii
1226 2277 1334 2307 locum
1363 2276 1513 2306 imitatus
1539 2278 1592 2306 est
1613 2273 1751 2304 Persius

1067 2325 1136 2356 Sat.
1154 2333 1187 2356 v.
1204 2326 1277 2355 158.
1288 2327 1323 2354 et
1340 2332 1412 2363 seq.

1108 2376 1150 2405 72
1173 2373 1245 2404 Non
1258 2381 1324 2403 eum
1335 2371 1475 2410 moechus,
1486 2371 1545 2410 ais,
1559 2370 1627 2411 tm]
1661 2370 1748 2402 Situ

1066 2431 1131 2454 non
1145 2432 1180 2454 es
1196 2421 1352 2459 moechus,
1374 2429 1414 2451 eo
1435 2420 1524 2461 quod
1549 2424 1667 2460 aperte
1683 2429 1748 2452 non

1065 2471 1202 2503 sectaris
1215 2474 1405 2508 matronas3
1433 2478 1495 2500 nec
1515 2478 1578 2509 ege
1593 2468 1648 2500 fur
1664 2479 1748 2510 sum,

1066 2521 1122 2561 qui
1135 2523 1294 2559 argentea
1304 2526 1383 2548 vasa
1397 2517 1558 2558 quaelibet
1570 2517 1668 2550 obvia
1678 2527 1748 2550 me-

1066 2573 1102 2600 tu
1114 2577 1221 2609 poenoe
1235 2576 1299 2598 non
1315 2566 1456 2606 surripio
1471 2567 1590 2606 palam.
1621 2567 1746 2599 Verum

1065 2618 1093 2648 si
1119 2616 1260 2657 periculi
1281 2615 1424 2646 formido
1442 2616 1744 2656 removeatur‚jam

1063 2675 1126 2706 ego
1155 2665 1301 2703 furabor,
1323 2669 1359 2696 et
1386 2669 1422 2695 tu
1446 2665 1685 2695 moechaberis:
1709 2669 1745 2696 et

1062 2715 1192 2745 vitiosae
1206 2714 1308 2745 indoli
1324 2713 1420 2744 ambo
1436 2713 1628 2745 serviemus.
1651 2714 1743 2752 Ergo

1062 2767 1098 2794 tu
1115 2763 1253 2804 perinde
1270 2771 1383 2794 servus
1395 2771 1435 2794 ac
1454 2771 1528 2802 ego.
1572 2761 1651 2793 Huc
1667 2770 1741 2801 per-
