1956 3236
370 259 454 298 844

833 269 875 305 Q.
909 268 971 295 ΗΟ
981 265 1111 294 RA'rll
1147 262 1318 292 FLAcct

372 363 571 403 Muraena
590 363 805 414 praebeute
825 360 1011 405 domum,
1031 355 1246 408 Capitone
1266 357 1468 397 culinam.

370 424 552 468 Postera
570 428 646 467 lux
668 427 798 465 oritur
816 423 954 462 multo
974 423 1242 474 gratissima:
1271 435 1453 475 namque

372 493 540 533 Plotius
562 498 606 532 et
627 491 784 531 Varius
799 489 1018 528 Sinuessae
1037 488 1335 540 virgiliusque

1730 490 1786 530 40

372 558 638 605 Occurrunt3
668 556 839 604 animae,
857 555 1007 606 quales
1027 566 1165 606 neque
1184 554 1454 594 candidiores

370 624 503 664 Terra
520 622 632 668 tulit,
648 633 788 672 neque
809 620 906 672 quis
925 632 991 659 me
1013 619 1071 659 sit
1090 619 1327 659 devinctior
1347 619 1466 659 alter.

374 689 413 728 O
435 688 508 740 qui
528 686 783 738 complexus
801 686 811 725 !
841 690 884 725 et
903 685 1062 737 gaudia
1082 687 1243 737 quanta
1263 685 1454 724 fuerunt!

374 754 450 794 Nil
469 763 547 803 ego
568 752 819 791 contulerim
833 751 1029 804 jucundo
1049 763 1180 790 sanus
1202 751 1355 790 amico.

372 899 589 921 commoramur
603 891 635 920 in
649 892 775 922 civitate
788 892 1030 929 Illumurrarum,
1045 892 1188 922 Muroena
1203 891 1377 930 hospitium,
1394 890 1543 930 Capitone
1563 899 1676 920 coermm
1689 889 1792 919 dante.

377 931 505 961 Postera
526 932 591 962 dies
605 933 709 964 illuxit
735 934 823 972 longe
842 933 1066 969 umoenissz‘ma;
1088 933 1198 963 etenim
1220 934 1352 972 Plotius,
1378 933 1499 966 Varius,
1523 935 1612 971 atque
1641 930 1793 968 Virgilius

372 972 490 1003 obviam
502 974 587 1004 nobis
593 974 722 1011 fuerunt
741 975 894 1005 Sinuessoe
902 985 915 1011 ,·
936 975 1070 1006 homines
1085 977 1162 1005 tales
1175 977 1209 1005 ut
1223 984 1276 1004 nec
1290 975 1427 1004 meliores
1448 977 1531 1003 terra
1553 972 1725 1012 protulerit,
1739 980 1794 1001 nec

374 1013 530 1053 quisquam
543 1015 584 1046 sit
598 1025 644 1045 me
658 1016 844 1054 conjunctior
858 1026 926 1046 cum
940 1016 1013 1046 illis.
1058 1017 1086 1046 Ο
1100 1017 1202 1054 quales
1215 1016 1383 1056 amplexus,
1397 1019 1426 1045 et
1440 1024 1529 1054 quum
1550 1023 1662 1051 magna
1683 1011 1799 1046 laetitia.

373 1055 482 1087 extitit
492 1056 507 1087 l
550 1057 633 1097 Ego,
655 1058 726 1088 dum
741 1061 840 1088 mente
860 1057 936 1088 'sana
957 1067 1019 1096 era,
1038 1057 1116 1087 nihil
1131 1057 1252 1096 aquubo
1267 1056 1431 1097 cumfideli
1444 1056 1552 1086 amico.
1600 1055 1714 1086 Viclula
1726 1062 1794 1093 quoe

973 1147 1048 1159 eece
1053 1147 1166 1159 “150ae
1170 1147 1207 1159 eo

375 1210 517 1243 Ascens.
535 1211 611 1243 Ald.
627 1213 668 1243 R.
680 1213 798 1252 Steph.
818 1221 981 1252 prunoeque
995 1212 1227 1243 catillum—43
1243 1210 1386 1250 Cuuing.
1401 1213 1428 1241 el
1444 1211 1561 1248 gaudia
1576 1212 1688 1249 quanta
1697 1208 1798 1247 suere.

1018 1307 1156 1339 NOTAE

379 1380 549 1410 Mamurra
578 1380 689 1419 Eques
719 1381 886 1410 Romanus
920 1379 1062 1409 Caesaris

378 1429 516 1467 amicus,
527 1428 645 1467 opibus
658 1433 848 1468 praepotens
863 1438 871 1458 :
885 1437 982 1466 quem
997 1428 1063 1456 vel-

380 1479 461 1509 licat
477 1487 557 1508 sane
571 1478 625 1508 hic
641 1483 775 1514 noster3
796 1483 832 1508 ut
848 1483 882 1508 et
898 1477 1062 1508 Catullus.

379 1528 388 1544 ‘
406 1526 555 1556 Primum
570 1514 684 1557 Ro⁸mae
696 1527 842 1566 parietes
853 1530 964 1557 crusta
979 1535 1064 1555 mar-

381 1575 482 1605 moris
503 1575 675 1614 operuisse
698 1575 800 1605 totius
816 1574 932 1604 domna
947 1583 1015 1603 suae
1031 1573 1064 1603 in

382 1623 488 1654 Coelio
513 1626 624 1653 monte
647 1623 818 1653 Cornelius
836 1623 950 1660 Nepos
965 1621 1066 1651 tradi—

383 1671 432 1702 dit
446 1671 648 1701 Mamurram
665 1671 806 1701 Formiis
823 1675 953 1708 natum,
967 1669 1066 1710 Equi-

383 1725 450 1750 tem
464 1720 660 1758 Romanum,
683 1719 880 1759 praefectum
897 1718 1067 1750 fabrorum

384 1769 422 1799 C.
438 1768 578 1799 Caesaris
600 1768 632 1798 in
654 1769 764 1799 Gallia
779 1789 787 1797 .
803 1790 811 1799 .
829 1791 837 1800 .
853 1791 862 1799 .
878 1769 1068 1808 nullamque

384 1817 445 1848 nisi
471 1827 489 1847 e
511 1826 673 1847 marmore
694 1818 880 1848 columnam
903 1817 1070 1854 habuisse,

384 1874 498 1897 omnes
513 1865 634 1894 solidas
650 1875 668 1895 e
685 1865 842 1905 Carystio
865 1869 922 1895 aut
940 1866 1070 1895 Lunen-

385 1914 412 1944 si
431 1936 440 1944 .
458 1934 467 1943 .
483 1935 491 1943 .
508 1934 514 1941 .
533 1913 586 1943 hic
601 1917 653 1943 est
670 1914 839 1943 Mamurra
864 1913 987 1944 Catulli
1003 1913 1069 1942 Ve-

387 1961 537 1993 ronensis
553 1962 754 1992 carminibus
768 1962 963 2001 proscissus,
976 1962 1069 1999 cujus

386 2013 518 2043 domum
549 2011 700 2042 Catullus
723 2011 809 2041 dixit
831 2010 953 2041 habere
979 2010 1070 2049 quic-

386 2060 466 2101 quid
477 2060 643 2090 habuisset
657 2060 798 2090 Comata
810 2057 943 2090 Gallia.'
986 2059 1070 2089 Hoec

388 2110 478 2140 Pliu.
508 2117 637 2140 xxxvi.
667 2111 697 2140 6.
742 2108 826 2139 Vide
850 2117 903 2140 ιιι.
927 2108 993 2139 Od.
1020 2110 1070 2138 17.

389 2159 446 2189 ubi
479 2159 665 2190 Lamiarum
694 2157 855 2196 originem
885 2166 904 2187 e
930 2156 1071 2187 Formiis

389 2208 471 2238 urbe
482 2207 634 2238 celebrat
651 2206 821 2236 Horatius.

431 2255 524 2286 Lassi
536 2254 704 2293 manemus]
738 2254 825 2284 Nam
847 2263 866 2284 a
891 2253 1074 2284 Tarracina

390 2314 448 2335 seu
465 2304 604 2335 Anxure
626 2302 765 2333 Formiae
782 2302 908 2332 distant
924 2301 1076 2332 ducentis

391 2362 497 2393 prope
521 2351 650 2382 stadiis.
694 2350 947 2389 Quadringenta
962 2359 1074 2380 nume-

393 2406 445 2432 rat
460 2400 582 2431 Strabo
597 2404 691 2430 certe
705 2399 935 2429 hallucinatus.

435 2452 475 2481 38
511 2449 656 2479 Muroena
680 2447 835 2487 proebente
856 2447 985 2484 domum,
1007 2445 1076 2485 mu]

392 2500 549 2530 Muraena
572 2504 608 2528 et
631 2497 750 2537 Capito
765 2496 902 2527 Formiis
915 2496 1077 2526 habentes

394 2549 528 2579 domum
543 2551 698 2587 uterque,
711 2544 854 2576 officium
871 2545 987 2584 partiti
997 2554 1078 2584 erga

395 2598 573 2638 praeclaros
599 2596 760 2635 hospites,
781 2594 868 2624 alter
885 2593 1078 2633 hospitium,

397 2646 483 2676 alter
507 2645 623 2685 epulas
645 2643 809 2684 praebent.
854 2642 1078 2673 Muraenaille

396 2696 504 2727 frater
520 2700 594 2727 erat
607 2695 756 2732 Liciniae,
778 2703 853 2734 quae
865 2698 980 2733 postea
994 2702 1077 2734 nup-

397 2744 440 2776 sit
456 2744 649 2774 Maecenati.
693 2741 777 2773 vide
794 2750 851 2772 ιιι.
868 2741 1001 2772 Oti-19.

1157 1382 1198 1409 40
1221 1379 1342 1409 Plotius
1366 1382 1396 1409 et
1423 1378 1550 1416 Varius]
1574 1378 1616 1408 Hi
1637 1382 1714 1408 suut
1731 1377 1799 1408 exi-

1115 1428 1172 1458 mii
1190 1427 1298 1467 poetae
1315 1427 1454 1467 Virgilio
1478 1427 1618 1466 perinde
1633 1436 1672 1457 ac
1692 1426 1802 1457 Hora·

1117 1478 1164 1507 tio
1195 1477 1396 1511 amicissimi,
1423 1476 1543 1516 quibus
1575 1475 1617 1506 ab
1646 1474 1802 1515 Angusto

1116 1527 1291 1556 commissa
1306 1530 1358 1556 est
1366 1535 1444 1556 cura
1456 1524 1674 1555 emendandae
1691 1524 1802 1556 AEnei-

1119 1575 1178 1605 dos
1195 1579 1271 1614 post
1285 1579 1423 1604 mortem
1439 1574 1585 1613 Virgilii,
1599 1574 1660 1604 hac
1677 1573 1750 1612 lege
1765 1577 1804 1603 nt

1120 1623 1199 1653 nihil
1215 1622 1391 1653 adderent.
1424 1623 1506 1653 Cum
1523 1622 1636 1652 Plotio
1651 1626 1686 1652 et
1702 1621 1804 1652 Vario

1121 1672 1241 1703 tertius
1256 1677 1331 1702 erat
1341 1672 1470 1710 Tucca,
1481 1675 1516 1702 et
1532 1671 1603 1711 ipse
1617 1669 1805 1701 eruditione

1121 1722 1242 1759 clarus,
1271 1721 1312 1752 ad
1341 1720 1582 1752 recensendum
1613 1729 1696 1761 opus
1721 1719 1804 1751 divi-

1121 1780 1210 1801 num.
1231 1771 1377 1801 Servius.

1163 1819 1331 1858 Sinuessae]
1355 1818 1440 1848 Haec
1457 1818 1534 1849 urbs
1547 1817 1748 1858 Campaniae,
1763 1817 1806 1848 ad

1123 1866 1210 1896 ostia
1236 1866 1323 1896 Liris
1346 1865 1451 1903 fluvii,
1476 1866 1529 1896 ubi
1551 1875 1638 1897 nunc
1658 1867 1761 1898 Rocca
1773 1867 1808 1900 di

1123 1914 1344 1952 Mandragorae.
1388 1914 1442 1944 Ibi
1482 1914 1606 1946 desinit
1642 1915 1807 1946 Massicus

1124 1972 1227 1993 mons.
1244 1963 1390 1994 Martial.
1404 1972 1486 1994 xm.
1501 1966 1573 1994 111.
1587 1965 1596 1981 ‘
1607 1964 1657 1994 De
1671 1964 1806 1995 Sinues-

1123 2011 1212 2041 sanis
1240 2016 1404 2042 venerunt
1425 2012 1570 2043 Massica
1594 2012 1718 2053 prelis!
1756 2012 1809 2044 Si-

1123 2068 1304 2090 nuessanas
1330 2069 1429 2100 porro
1465 2071 1565 2102 aquas
1594 2062 1808 2095 sterilitatem

1123 2107 1281 2147 foeminis,
1294 2109 1441 2140 maribus
1454 2115 1566 2141 autem
1578 2110 1735 2141 insaniam
1752 2119 1809 2141 au-

1124 2156 1213 2187 ferre
1231 2157 1370 2188 tradunt
1386 2158 1471 2188 Plin.
1487 2160 1550 2189 &c-

1167 2208 1207 2237 44
1231 2205 1290 2236 Nil
1303 2215 1358 2244 ego
1372 2208 1551 2238 contulerim
1562 2208 1700 2246 jucundo
1718 2215 1809 2238 nanus

1126 2255 1235 2295 amico]
1253 2255 1407 2294 Excepta
1422 2257 1596 2295 sapientia,
1610 2255 1691 2286 nihil
1707 2255 1809 2287 homi-

1128 2305 1161 2335 ui
1192 2303 1408 2344 praestantius
1433 2305 1577 2335 amicitia
1601 2304 1762 2335 meliusve
1789 2314 1810 2335 a

1127 2353 1203 2384 Diis
1230 2352 1468 2383 immortalibus
1505 2352 1630 2393 datum,
1667 2350 1811 2384 affirmat

1128 2401 1269 2432 Tullius.
1290 2399 1451 2431 Proverb.
1466 2408 1573 2432 xvni.
1590 2410 1637 2430 vs.
1652 2401 1711 2432 ult.
1727 2402 1736 2418 ‘
1750 2401 1812 2431 Vir

1130 2449 1279 2482 amabilis
1302 2449 1343 2479 ad
1358 2449 1551 2480 societatem
1567 2449 1671 2489 magis
1686 2449 1811 2480 amicus

1130 2500 1204 2538 erit,
1219 2507 1313 2539 quam
1325 2497 1451 2528 frater!
1493 2499 1719 2530 Ecclesiastici
1735 2508 1811 2539 cap.

1130 2557 1180 2579 vi.
1204 2547 1358 2578 ‘Amicus
1381 2546 1489 2577 fidelis
1511 2548 1676 2587 protectio
1690 2546 1810 2579 fortis:

1131 2597 1186 2638 qui
1202 2597 1328 2626 invenit
1343 2596 1446 2636 illum,
1461 2596 1587 2627 invenit
1608 2596 1812 2628 thesaurum.

1131 2645 1249 2676 Amico
1263 2644 1355 2675 fideli
1370 2645 1459 2674 nulia
1472 2649 1522 2675 est
1533 2637 1737 2685 comparatio
1747 2667 1755 2676 .
1767 2667 1776 2677 .
1787 2667 1813 2676 ..

1131 2692 1407 2724 medicamentum
1434 2698 1484 2723 est
1508 2693 1583 2724 vitae
1599 2699 1632 2725 et
1647 2693 1815 2725 immorta-

1130 2741 1261 2772 litatis.’
