1930 3242
362 283 447 325 918

363 386 470 428 Vita
489 387 616 428 senis.
674 388 844 440 Sequor
861 389 984 435 hunc,
1005 387 1203 427 Lucanus
1222 401 1276 428 an
1294 387 1483 441 Apulus,
1505 402 1691 443 anceps:

362 451 479 492 Nam
499 452 747 493 Venusinus
763 455 852 491 arat
871 451 999 491 finem
1021 452 1103 492 sub
1123 456 1344 505 utrumque
1365 454 1559 502 colonus,

327 520 330 522 ’
360 515 527 556 Missus
548 517 603 556 ad
621 517 716 564 hoc,
741 516 882 567 pulsis
900 518 1043 565 (vetus
1063 521 1129 556 est
1149 520 1195 557 ut
1213 517 1348 570 fama)
1367 519 1572 568 Sabellis,

360 579 460 629 Quo
478 594 530 620 ne
550 593 626 632 per
644 592 827 620 vacuum
849 579 1046 620 Romano
1067 581 1296 622 incurreret
1313 583 1449 623 hostis
1467 597 1477 623 ε

359 645 460 685 Sive
475 644 591 696 quod
609 643 754 696 Apula
771 657 888 696 gens,
909 658 988 685 seu
1009 646 1122 698 quod
1144 647 1337 687 Lucania
1355 648 1516 688 bellum

358 709 576 749 Incuteret
594 708 793 750 violenta.
852 709 939 750 Sed
959 711 1027 751 hic
1046 711 1187 764 stylus
1204 711 1320 752 haud
1339 716 1456 765 petet
1475 714 1586 753 ultro

358 773 615 824 Quenquam
635 775 917 825 animantem3
948 779 990 816 et
1010 789 1077 816 me
1098 777 1231 818 veluti
1253 778 1466 818 custodiet
1484 779 1597 818 ensis

356 837 526 889 Vagina
545 841 706 890 tectus;
737 853 861 892 quem
879 853 953 881 cur
971 841 1229 893 destringere
1247 855 1387 891 coner,

353 901 488 942 Tutus
509 903 564 943 ab
584 903 750 944 infestis
768 905 1040 946 latronibus?
1099 906 1138 945 O
1157 910 1278 959 pater
1298 912 1339 948 et
1357 921 1434 948 rex

352 966 539 1019 Jupiter,
558 972 605 1008 ut
623 974 774 1021 pereat
791 971 984 1022 positum
1003 971 1197 1024 rubigine
1215 973 1356 1023 telum,

823 300 865 337 Q.
895 297 1100 329 HORATII
1133 297 1301 327 FLACGI

1711 455 1768 496 35

1709 779 1764 818 40

352 1083 447 1115 Hunc
465 1084 570 1115 imitor
589 1095 645 1124 ego
661 1086 771 1117 dubius
791 1090 895 1118 utrum
914 1088 1053 1118 Lucanus
1073 1089 1143 1128 sim,
1157 1099 1197 1119 un
1212 1089 1349 1128 Apulus.-
1371 1089 1479 1129 quippe
1497 1089 1666 1120 Venusinus
1679 1091 1763 1129 agri-

350 1126 415 1156 cola
429 1129 542 1156 terram
555 1131 673 1158 exercet
687 1129 726 1158 ad
740 1129 897 1167 utriusque
911 1129 1043 1165 limitem
1064 1138 1130 1159 eom
1153 1130 1189 1159 ol>
1209 1140 1273 1160 rem
1294 1132 1437 1160 deductus
1456 1131 1548 1168 istuc,
1567 1134 1636 1170 post
1655 1131 1763 1168 eiectos

350 1165 517 1206 Samnites,
538 1167 799 1208 (quemadmodum
811 1170 936 1209 antiqua
948 1170 1018 1207 sert
1034 1170 1164 1209 opinio,)
1186 1174 1221 1201 ut
1236 1171 1331 1201 hostis
1341 1181 1395 1210 per
1408 1171 1497 1202 inane
1512 1181 1570 1202 non
1584 1171 1714 1202 irrueret
1729 1172 1763 1202 in

351 1207 520 1239 Romanos.-
542 1211 591 1239 vel
609 1210 681 1249 quio
704 1211 787 1240 natio
809 1220 861 1241 seu
879 1211 1047 1250 Apulorum
1067 1220 1118 1242 seu
1134 1211 1326 1243 Lucanorum
1343 1213 1453 1251 gravia
1476 1213 1551 1243 bellu
1572 1213 1761 1243 molirentur.

357 1247 467 1279 Verum
481 1251 601 1281 aculeus
615 1252 671 1281 iste
685 1261 768 1282 meus
783 1251 929 1282 neminem
942 1252 1046 1282 vivum
1059 1256 1163 1291 sponte
1176 1254 1278 1291 loedet,
1292 1263 1338 1284 me
1353 1263 1422 1284 vero
1436 1253 1570 1284 tuebitur
1582 1257 1617 1285 ut
1637 1254 1762 1292 gladius

348 1290 462 1327 vag-ina
477 1291 626 1323 conditus.
670 1293 794 1323 Etenim
807 1303 898 1332 quare
914 1293 991 1323 hunc
1005 1294 1160 1324 eduxerim
1171 1304 1293 1325 securus
1305 1294 1343 1324 ab
1357 1294 1485 1331 infensis
1498 1294 1688 1326 latronibus?
1732 1295 1762 1324 0

344 1340 455 1369 parens
468 1335 498 1362 et
511 1333 681 1364 dominator
694 1334 830 1374 Jupiter,
842 1334 936 1372 saxis
956 1338 991 1364 ut
1015 1334 1096 1365 ensis
1118 1337 1214 1366 tectus
1234 1335 1372 1374 rubigine
1388 1336 1562 1367 absumatur
1571 1346 1584 1372 ,·
1605 1337 1762 1375 nullusque

935 1415 1031 1428 0000&
1035 1416 1087 1428 O‘O
1091 1416 1166 1428 0000

345 1467 474 1494 cesserat
495 1474 624 1505 unquam
644 1466 886 1499 meream—36
909 1469 1035 1500 Sabinis
1048 1479 1108 1510 pro
1124 1470 1253 1501 Sabellis
1268 1470 1350 1500 Exc.
1366 1469 1529 1500 Sam—3⁷
1554 1469 1622 1504 Qua
1636 1478 1672 1499 ne
1687 1468 1758 1508 qui-

346 1504 422 1535 dam
436 1505 533 1536 codd.
550 1507 716 1546 Lambini,
731 1508 939 1548 improbante
955 1511 1122 1542 Bentleio.
1145 1511 1268 1542 venet.
1286 1513 1376 1541 1477.
1394 1513 1486 1541 1478.
1503 1513 1595 1541 1479.
1613 1512 1705 1541 1486.
1720 1514 1756 1540 et

299 1562 303 1565 ‚
347 1546 486 1578 Mediol.
500 1549 593 1578 1482.
617 1549 784 1588 inquireret
806 1551 993 1582 hostis.-41
1015 1553 1139 1582 Venet.
1156 1555 1249 1582 1559.
1273 1557 1306 1581 et
1327 1552 1483 1582 Glarean.
1500 1561 1554 1581 cur
1574 1551 1759 1588 distringere

344 1590 525 1618 conen—43
548 1588 636 1619 Han.
652 1592 683 1620 1.
701 1591 833 1629 positum
847 1592 1127 1630 rubigineferrum.
1149 1593 1264 1624 Bentl.
1279 1603 1311 1632 p.
1325 1593 1464 1631 robigine
1475 1593 1662 1623 telum—4⁷
1685 1591 1758 1622 Ser-

981 1683 1120 1715 No'rAE

342 1741 501 1773 tabellam
524 1743 557 1774 in
574 1743 707 1784 templis
723 1744 870 1776 Deorum
886 1754 1023 1785 suspen-

341 1790 422 1821 dere
438 1792 613 1831 consuetis,
629 1802 654 1823 1.
670 1792 737 1824 0d.
754 1797 786 1824 5.

383 1841 423 1868 34
453 1839 525 1869 Vita
543 1840 639 1880 senis]
661 1841 781 1871 Senem
807 1845 904 1872 vocat
924 1843 1022 1872 Luci-

341 1886 419 1917 lium
433 1886 541 1917 Poie'ta
556 1896 619 1918 non
642 1892 709 1918 tam
725 1889 835 1919 aetatis
852 1898 949 1929 quam
966 1890 1022 1920 lio-

339 1935 428 1965 noris
449 1939 485 1966 et
496 1936 718 1966 venerationis
733 1945 845 1968 causa.
891 1937 963 1967 Nec
978 1937 1020 1967 ad

340 1993 409 2014 rem
425 1983 560 2014 videtur
584 1984 673 2024 quod
697 1982 843 2015 afferunt
865 1993 906 2015 ex
930 1984 1019 2016 Geli.

340 2040 376 2062 x.
391 2034 442 2063 28.
457 2032 579 2063 milites
598 2041 717 2063 annum
736 2033 1018 2073 quadragesimum

339 2085 471 2112 sextum
495 2089 727 2121 supergressus
751 2082 897 2114 seniores
920 2081 1019 2113 fuisse

337 2130 533 2170 appellatos.
578 2131 652 2162 Nec
687 2131 784 2162 valde
812 2137 939 2163 certum
969 2136 1020 2162 est

337 2182 478 2210 mortem
491 2179 619 2210 Lucilio
641 2180 823 2219 contigisse
837 2189 923 2211 anno
940 2183 1018 2211 aeta-

336 2226 381 2256 tis
406 2229 459 2258 46.
483 2226 571 2266 quod
601 2226 706 2258 refert
727 2228 901 2260 Eusebius.
936 2229 1019 2260 Sunt

335 2275 390 2315 qui
406 2284 518 2306 senem
531 2277 641 2307 vocari
659 2281 777 2316 putent
793 2278 880 2318 quod
895 2279 1018 2309 veteri-

335 2323 397 2354 bus
430 2323 538 2364 poetis
568 2330 785 2357 accenseatur
813 2327 960 2358 Lucilius
994 2336 1018 2359 1.

335 2373 403 2403 sat.
418 2374 450 2403 4.
466 2376 501 2403 et
517 2375 567 2404 10.

376 2421 519 2452 Lucanus
545 2431 585 2453 an
610 2421 740 2462 Apulus,
766 2424 890 2464 anceps]
926 2424 1015 2457 Quid

333 2471 406 2502 hoec
420 2470 538 2502 Poetae
550 2470 717 2502 dubitatio
731 2472 773 2502 ad
785 2482 854 2504 rem
870 2482 1016 2513 praesen-

333 2519 424 2550 tem?
446 2518 595 2550 fortassis
617 2520 666 2550 ita
681 2528 716 2550 se
723 2520 839 2559 jocose
855 2526 889 2551 et
905 2520 1015 2552 facete

332 2567 482 2598 ostendit
504 2567 687 2607 ancipitem
708 2568 859 2600 dubitare
873 2569 916 2600 de
930 2569 1014 2601 Tre-

332 2615 415 2645 batii
430 2615 587 2646 consiliis.

372 2665 411 2692 ³5
441 2663 625 2704 Venusinus]
648 2665 808 2704 Venusia,
832 2665 930 2697 hodie
955 2666 1013 2698 Ve-

330 2719 413 2748 ηοω,
429 2711 506 2740 urbs
522 2711 553 2741 in
567 2710 696 2751 Apuliae
714 2714 935 2754 Lucaniaeque
949 2715 1012 2745 sita

331 2757 487 2797 confinio,
498 2759 629 2790 Horatii
640 2761 759 2800 patria.
782 2762 869 2793 Vide
881 2771 935 2793 ιιι.
944 2761 1011 2793 Od.

1076 1748 1108 1777 4.
1125 1749 1156 1777 9.

1118 1796 1159 1825 36
1180 1794 1299 1825 Missus
1318 1794 1358 1824 ud
1375 1793 1441 1831 hoc,
1458 1792 1524 1832 4⁴⁶²]
1539 1793 1676 1824 Colonia
1691 1792 1757 1823 Ro-

1074 1852 1170 1874 mana
1194 1844 1373 1873 Venusiam
1395 1843 1494 1872 missa
1520 1846 1583 1879 est,
1609 1841 1755 1881 expulsis

1074 1891 1150 1921 inde
1165 1890 1317 1928 Sabellis,
1334 1890 1366 1919 id
1384 1893 1435 1920 est
1451 1889 1676 1921 Samnitibus:
1698 1890 1754 1931 qni

1072 1948 1168 1979 quam
1184 1948 1303 1979 graves
1318 1938 1442 1979 fuerint
1457 1938 1614 1968 Romanis
1629 1937 1755 1973 hostes.

1072 1988 1192 2028 passim
1209 1987 1331 2026 legitur
1341 1987 1428 2026 apud
1441 1987 1512 2017 Liv.
1526 1995 1591 2018 vn.
1607 1995 1688 2018 vm.
1704 1994 1754 2017 ix.

1073 2044 1110 2066 x.
1158 2036 1262 2067 Porro
1280 2045 1321 2066 ne
1340 2045 1360 2065 a
1380 2034 1584 2066 Samnitibus
1601 2034 1754 2066 credere-

1072 2088 1126 2115 tur
1138 2085 1297 2116 oriundus
1318 2088 1431 2114 noster
1447 2083 1563 2120 Poeta,
1578 2088 1753 2124 postquam

1071 2133 1276 2163 Venusinum
1301 2142 1334 2164 se
1361 2132 1534 2171 indicavit,
1560 2136 1654 2164 notat
1675 2132 1753 2164 inde

1072 2182 1181 2222 pulsos
1209 2182 1286 2212 olim
1318 2181 1495 2220 Samnites,
1523 2181 1751 2221 coloniamque

1070 2230 1150 2260 illuc
1167 2230 1263 2260 Rom.
1281 2229 1383 2260 fuisse
1407 2228 1644 2269 transmissam,
1664 2227 1750 2259 unde

1070 2279 1228 2319 originem
1244 2277 1408 2308 habuerit.

1112 2326 1254 2365 Sabellis]
1275 2326 1320 2357 Hi
1336 2335 1356 2356 a
1368 2325 1498 2356 Sabinis
1513 2324 1577 2355 orti
1593 2333 1632 2355 ac
1647 2323 1749 2355 deno-

1069 2375 1186 2407 minati
1200 2374 1364 2406 Samnium
1380 2373 1599 2403 incoluerunt.

1110 2428 1150 2456 37
1173 2425 1237 2455 Per
1249 2422 1390 2462 vacuum]
1412 2421 1446 2451 Si
1463 2420 1611 2451 Venusia
1631 2421 1747 2460 praesi-

1069 2473 1124 2504 dio
1137 2474 1231 2504 Rom.
1245 2471 1408 2502 destituta
1423 2468 1609 2504 mansisset,
1631 2469 1683 2498 vel
1698 2478 1749 2500 re-

1069 2521 1228 2552 currisset
1249 2519 1352 2550 hostis
1377 2517 1454 2548 inde
1477 2518 1604 2557 pulsus,
1626 2526 1747 2560 nempe

1066 2570 1251 2607 Samnitem
1273 2568 1326 2599 vel
1351 2566 1454 2606 Apuli
1483 2575 1522 2596 ac
1546 2566 1670 2597 Lucani
1692 2575 1746 2598 res

1066 2619 1222 2650 continuo
1237 2626 1338 2648 novas
1354 2615 1460 2646 moliri
1477 2615 1676 2655 potuissent.

1107 2669 1148 2697 38
1171 2666 1360 2705 Apula‘gens
1373 2686 1399 2695 ..
1410 2686 1418 2694 .
1429 2663 1580 2703 Lucania]
1607 2663 1661 2694 De
1682 2664 1745 2695 Lu-

1065 2713 1172 2752 cania,
1196 2713 1304 2752 Epod.
1319 2722 1344 2743 ι.
1360 2711 1421 2742 sub
1437 2711 1548 2742 finem.
1586 2711 1640 2742 De
1653 2710 1744 2751 Apu-

1065 2755 1121 2798 lia,
1137 2770 1193 2793 m.
1205 2761 1273 2792 Od.
1288 2763 1341 2791 30.
1356 2764 1390 2791 et
1406 2759 1513 2800 Epod.
1528 2767 1567 2790 ιι.
