1890 3256
633 306 911 339 SERMONUM
945 282 1039 337 Lis.
1071 305 1124 336 11.
1155 297 1196 336 5.

199 405 275 445 Me
295 405 424 458 gessi,
444 408 617 445 certans
638 415 810 457 semper
826 402 1094 444 melioribus.

198 471 378 525 Pauper
396 473 498 514 eris.

198 538 258 579 Et
278 539 499 592 quondam
519 536 689 590 majora
706 535 799 577 tuli.

1538 294 1649 339 1011

1152 398 1188 448 ῚῙ
1212 397 1328 450 Ergo

197 605 392 647 Divitias
412 605 600 657 aerisque
620 615 759 652 ruam,
779 602 867 652 dic,
883 601 1055 655 Augur,
1076 612 1277 653 acervos.

197 672 234 721 ἹῘ
256 672 367 714 Dixi
385 670 602 725 equidem,
623 672 667 710 et
686 669 806 712 dico·

195 738 484 780 Testamenta
501 749 685 778 senum:
715 749 815 784 neu,
837 735 876 776 si
898 735 1020 776 vafer
1040 746 1152 775 unus
1174 737 1217 776 et
1235 734 1346 775 alter

197 805 510 853 Insidiatorem
531 815 726 858 praeroso
745 802 904 854 fugerit
921 801 1069 851 hamo,

195 873 288 914 Aut
306 884 427 926 spem
447 871 656 925 deponas,
678 872 754 911 aut
774 875 915 910 artem
934 867 1094 908 illusus
1116 867 1312 909 omittas.

199 939 364 992 Magna
382 938 580 979 minorve
599 937 695 978 foro
715 936 753 977 si
773 947 844 977 res
868 935 1103 976 certabitur
1123 934 1245 984 olim,

195 1005 332 1047 Vivet
350 1008 446 1046 uter
465 1003 669 1058 locuples
689 1003 783 1044 sine
805 1003 969 1055 gnatis,
995 1002 1224 1054 improbus
1243 1001 1360 1042 ultro

196 1072 288 1123 Qui
307 1071 536 1113 meliorem
556 1071 707 1113 audax
727 1074 863 1111 vocet
883 1070 927 1110 in
941 1071 1033 1124 jus,
1054 1069 1175 1110 illius
1195 1073 1289 1110 esto

196 1138 443 1181 Desensor:
472 1138 593 1180 fama
610 1138 753 1179 civem
769 1150 992 1192 causaque
1013 1138 1200 1191 priorem

556 469 592 519 ῚῘ
614 469 794 511 Fortem
814 469 898 510 hoc
919 468 1112 510 animum
1133 466 1318 507 tolerare
1331 463 1502 518 jubebo
1519 476 1530 505 t
1587 463 1648 505 20

858 535 930 577 Tu
950 534 1166 589 protinus,
1186 531 1300 574 unde

866 668 1037 723 Captes
1058 671 1229 709 astutus
1250 667 1414 721 ubique

1594 800 1652 842 25

1593 1137 1652 1178 30

195 1275 288 1305 immo
307 1277 576 1315 proestantioribus
590 1287 743 1317 nunquam
759 1277 846 1308 cessi.
889 1278 1016 1309 Trans.
1039 1276 1134 1316 Inops
1151 1275 1252 1314 igitur
1266 1276 1360 1308 vives.
1406 1276 1532 1306 Umrss.
1548 1276 1653 1316 Impe-

194 1316 269 1348 rabo
283 1318 386 1349 animo
401 1319 434 1350 id
450 1318 538 1357 ferre
552 1319 706 1350 viriliter:
730 1324 759 1350 et
782 1319 890 1359 pejora
912 1320 1029 1350 dudum
1052 1318 1195 1349 sustinui.
1241 1318 1285 1349 At
1307 1322 1341 1349 tu
1356 1322 1441 1349 vates
1454 1319 1528 1349 doce
1542 1328 1647 1358 quam·

192 1360 338 1398 primum,
361 1362 441 1392 unde
462 1371 627 1399 congeram
647 1371 739 1401 opum
759 1362 904 1392 cumulos.
947 1362 1068 1392 Trans.
1096 1361 1189 1391 Certe
1210 1360 1311 1400 docui,
1333 1370 1369 1391 ac
1384 1363 1500 1400 repeto,
1521 1361 1652 1391 callidus

167 1434 172 1438 .
193 1402 308 1441 passim
323 1411 475 1443 aucupare
488 1403 593 1442 legata
606 1413 728 1434 senum.-
751 1413 788 1434 ac
802 1404 831 1434 si
846 1413 925 1434 unus
945 1407 1000 1434 aut
1015 1404 1095 1433 alter·
1116 1402 1264 1442 effugerit
1281 1405 1471 1441 captatorem
1487 1402 1576 1433 hamo
1590 1402 1653 1432 cir-

195 1450 344 1482 cumrow,
365 1453 405 1475 ne
429 1445 478 1475 vet
499 1455 583 1484 spem
605 1445 748 1483 abjicias,
763 1446 810 1475 vel
833 1446 977 1484 deeeptus
993 1445 1132 1475 studium
1146 1446 1280 1475 deseras.
1325 1444 1499 1483 Siquando
1521 1445 1556 1475 in
1569 1443 1652 1481 *foro

193 1485 381 1525 disceptetur
394 1487 432 1517 de
445 1496 479 1516 re
493 1496 546 1518 seu
557 1487 652 1525 gravi
665 1496 720 1517 seu
733 1496 844 1526 parva,
865 1486 1004 1527 quisquis
1019 1486 1078 1516 erit
1093 1487 1176 1516 dives
1189 1489 1219 1516 et
1235 1486 1345 1525 absque
1361 1486 1477 1525 liberis,
1494 1485 1560 1525 ejus
1578 1495 1653 1526 pro·

191 1531 350 1567 pugnator
368 1528 424 1568 sis,
445 1529 498 1570 qui
518 1529 685 1560 sceleratus
705 1539 742 1560 ac
767 1529 909 1569 petulans
930 1529 1085 1560 meliorem
1105 1531 1213 1568 sponte
1235 1528 1436 1571 lacessiverit.
1484 1529 1653 1560 Contemne

752 1613 1034 1625 eeeeeeeeeee

195 1674 314 1707 Lamb.
367 1676 464 1709 Visne
489 1680 595 1716 tegam
619 1677 746 1708 liabent
766 1677 870 1708 ctiam
892 1677 1017 1707 Venet.
1034 1679 1130 1708 1559.
1153 1680 1189 1707 et
1214 1675 1462 1707 (Μοῖραι-20
1490 1676 1582 1707 Forte
1596 1677 1652 1708 hoc

194 1716 334 1748 oninium
362 1718 592 1759 Cuning.--2l
633 1720 680 1750 Tu
710 1722 858 1759 protenus
886 1719 1089 1750 Reum—25
1125 1718 1352 1750 [insidiatorum
1379 1719 1458 1750 Vet.
1488 1718 1652 1749 (lomb.—

194 1760 238 1792 26
258 1759 267 1776 ‘
284 1759 368 1791 Trea
391 1761 512 1802 optimi
537 1761 637 1793 codd.
665 1761 790 1792 babent
813 1770 932 1792 arcem:
957 1770 1021 1793 nec
1043 1761 1154 1800 ruale3
1178 1760 1273 1802 quasi
1288 1761 1321 1791 in
1339 1769 1378 1791 eo
1394 1769 1522 1791 summa
1538 1770 1652 1793 rerum

851 1834 993 1868 NOTAE

196 1908 296 1942 Pers.
313 1909 384 1941 Sat.
402 1919 438 1941 v.
454 1912 508 1942 76.
525 1914 561 1942 et
576 1913 632 1942 79.
950 1910 984 1942 ἰη
1008 1910 1166 1942 instituto
1187 1910 1314 1951 pergit,
1332 1914 1434 1951 atque
1451 1919 1513 1950 per
1529 1910 1652 1941 veridi-

238 1961 280 1990 19
303 1959 436 1991 eertum
465 1959 657 2001 melioribus]
686 1960 829 1992 Virtute
859 1964 896 1992 et
950 1969 1025 1991 cum
1041 1965 1154 1992 vatem
1170 1959 1271 1991 effert
1286 1960 1446 2002 quicquid
1465 1961 1577 2000 reipsa
1592 1960 1651 1992 fie-

197 2007 304 2048 gloria
315 2009 524 2040 contendens
539 2018 616 2041 cum
630 2010 897 2050 Agamemnone,

198 2056 321 2097 Ajace,
334 2059 399 2089 ἀρ.

240 2109 282 2137 20
306 2107 434 2139 Fortem
455 2107 511 2138 hoc
538 2108 686 2147 animum,
713 2108 783 2148 δμκ]
807 2108 894 2139 Pau·

198 2157 346 2197 pertatis
373 2166 540 2188 aerumnas
560 2155 653 2188 ferre
676 2157 824 2188 conabor
839 2166 899 2197 po-

198 2206 265 2237 tius
287 2216 388 2246 quam
411 2207 488 2238 vitae
511 2207 688 2238 scelerata:
714 2205 898 2237 infamiam.

198 2254 312 2286 Aliter
327 2256 428 2296 vulgo
444 2256 716 2297 interpretantur
731 2267 738 2286 ε
763 2255 821 2287 sed
839 2256 898 2287 ab—

198 2305 291 2337 surdi
321 2307 434 2347 plane,
462 2307 519 2348 qui
547 2307 706 2339 decorum
737 2311 772 2338 et
798 2313 897 2339 notos

198 2354 332 2396 Ulyssis
347 2366 459 2388 mores
476 2366 581 2397 prave
602 2357 774 2388 immutari
792 2357 897 2388 velint

199 2403 244 2436 nb
259 2405 418 2446 Horatio,
443 2410 562 2438 contra
578 2406 612 2438 id
629 2407 718 2448 quod
736 2407 809 2448 ipse
828 2412 896 2438 tam

197 2455 390 2487 luculenter
405 2457 565 2498 praecipit
581 2457 693 2498 Epist.
708 2456 750 2487 ad
764 2457 831 2488 Pis.
847 2467 898 2488 vs.

201 2505 276 2535 119.

244 2554 285 2582 21
305 2551 351 2583 Tu
362 2553 519 2594 protinus,
531 2556 600 2596 ξω]
618 2556 671 2588 Ne
683 2556 762 2587 mihi
778 2555 896 2596 illude,

203 2606 298 2633 vates
314 2603 455 2643 optime,
465 2608 598 2646 turpem
611 2616 665 2637 res
683 2594 834 2647 perditas
848 2615 897 2637 re-

202 2651 344 2692 parandi
357 2652 488 2684 modum
503 2663 545 2684 ne
560 2664 732 2696 propone:
756 2655 897 2686 meliora

202 2710 319 2742 quaeso
336 2701 437 2733 verba
460 2703 583 2742 profer,
603 2714 745 2747 meoque
760 2707 897 2738 nomine

203 2751 321 2790 dignas
337 2750 485 2783 rationes
501 2752 599 2784 doce.

242 2803 284 2833 23
309 2801 392 2834 Dixi
407 2802 559 2845 equidem,
581 2804 711 2846 ecdico]
731 2806 895 2839 Satiricus

951 2009 1011 2040 bat
1025 2010 1174 2050 turpiter
1190 2010 1309 2041 Rornae
1326 2011 1451 2051 passim
1469 2010 1511 2042 ab
1528 2011 1655 2051 impro-

950 2058 1000 2089 bis
1017 2063 1298 2090 testamentorum
1314 2061 1557 2099 captatoribus.

997 2111 1038 2139 25
1066 2109 1343 2149 Proerososugerit
1357 2110 1462 2149 hamo]
1485 2111 1580 2142 Sicut
1591 2111 1655 2151 pis-

955 2157 1003 2188 cis
1031 2166 1144 2190 escam
1175 2159 1387 2199 praerodens,
1415 2160 1550 2191 hamum
1572 2170 1652 2192 vero

954 2216 1020 2238 non
1047 2208 1225 2248 arripiens,
1246 2208 1294 2239 ita
1309 2207 1398 2240 forte
1413 2209 1580 2250 quispiam
1595 2220 1651 2242 ve-

956 2262 1085 2290 terator
1100 2263 1248 2290 mentem
1263 2263 1357 2291 tuam
1374 2260 1568 2302 intelligens
1585 2263 1654 2293 cal-

952 2309 1022 2341 lide
1039 2319 1145 2350 opera
1161 2314 1232 2348 tua,
1250 2308 1370 2342 officiis
1387 2311 1467 2350 tuis,
1491 2321 1530 2342 ac
1555 2311 1652 2342 donis

950 2359 1123 2397 abutetur,
1148 2370 1210 2392 nec
1242 2365 1276 2392 te
1301 2361 1430 2393 scribet
1457 2362 1649 2394 haeredem:

950 2409 1010 2440 sed
1027 2419 1070 2441 ne
1087 2410 1201 2442 statim
1218 2410 1376 2452 despera,
1386 2421 1429 2442 ne
1447 2411 1489 2442 ab
1501 2411 1651 2449 incoepto

950 2458 1099 2492 desiste:
1123 2461 1172 2492 sie
1196 2461 1285 2492 enirn
1309 2469 1379 2490 rem
1402 2459 1584 2500 aliqnando
1599 2458 1650 2490 fa-

950 2509 1040 2549 cies;
1064 2519 1104 2541 ac
1121 2510 1150 2541 si
1169 2519 1255 2542 unus
1274 2509 1449 2550 effugerit,
1472 2509 1555 2540 alios
1571 2518 1651 2549 cap-

950 2558 1049 2590 tabis.

991 2610 1034 2639 28
1061 2608 1152 2639 Vivet
1169 2611 1250 2645 uter,
1274 2607 1345 2649 ὅςεί]
1367 2607 1554 2639 Considera
1574 2611 1650 2640 uter

951 2658 1158 2699 litigantium
1189 2659 1282 2689 vivet
1318 2658 1473 2697 locuples
1511 2662 1547 2689 et
1576 2658 1649 2690 sine

951 2708 1085 2749 gnatis3
1111 2712 1216 2749 atque
1242 2707 1318 2739 huic
1340 2716 1475 2739 causam
1493 2708 1575 2739 licet
1591 2707 1649 2740 de-

952 2758 1111 2788 teriorem
1121 2757 1260 2790 habenti
1273 2757 1510 2790 auxiliatorem
1523 2762 1557 2790 te
1567 2759 1651 2790 acri-

952 2811 1005 2840 ter
1020 2811 1158 2849 praesta.
