1930 3242
383 280 468 322 968

387 383 595 434 Quisnam
617 384 750 435 igitur
768 393 897 424 sanus
910 383 928 420 ‘t
986 379 1078 429 Qui
1098 391 1178 419 non
1198 379 1364 420 stultus.
1423 378 1539 429 Quid
1562 380 1750 422 avarusi

388 448 558 489 Stultus
577 453 619 489 et
638 449 827 488 insanus.
887 444 1033 494 Quid?
1065 443 1104 484 si
1124 444 1222 496 quis
1242 456 1325 484 non
1346 443 1405 484 sit
1424 456 1604 495 avarus3

388 512 605 554 Continuo
623 511 788 552 sanus?
849 509 1040 550 Minime.
1098 508 1200 556 Cur,
1217 509 1390 549 Stoice?
1450 509 1621 550 Dicam.

388 579 487 619 Non
509 583 573 618 est
592 576 833 624 cardiacus,
854 574 1071 616 Craterum
1091 574 1257 614 dixisse
1278 577 1444 626 putato,

388 644 478 684 Hic
499 655 634 692 aeger:
665 646 781 682 recte
801 644 867 681 est
887 641 1028 692 igitur,
1047 639 1301 691 surgetque‘e
1331 639 1530 691 negabit3

388 708 519 757 Quod
539 707 652 747 latus
674 710 748 747 aut
767 718 893 746 renes
912 705 1063 745 morbo
1082 709 1296 745 tententur
1312 708 1457 746 acuto.

387 773 489 814 Non
509 774 575 812 est
594 771 801 824 perjurus,
823 783 958 823 neque
976 769 1172 810 sordidus
1189 782 1200 820 3
1229 770 1419 809 immolet
1437 769 1575 821 aequis

388 837 479 878 Hic
499 848 679 890 porcum
702 835 910 876 Laribus:
941 847 1087 875 verum
1108 835 1363 875 ambitiosus
1384 837 1427 876 et
1445 835 1603 875 audax.

388 902 574 954 Naviget
593 900 868 954 Anticyram:
900 901 1003 954 quid
1023 900 1134 940 enim
1153 899 1305 949 differt,
1322 899 1578 941 barathrone

389 967 541 1007 Dones
561 965 763 1018 quicquid
780 965 930 1015 habes,
951 978 1004 1005 an
1026 977 1245 1017 nunquam
1266 970 1386 1005 utare
1405 965 1570 1017 paratis
1584 965 1604 1004 ‘t

850 293 893 330 Q.
923 288 1127 321 Hons'l'ii
1163 286 1332 317 FLAGOI

1715 508 1797 549 16⁰

1716 834 1800 874 165

386 1084 426 1105 an
441 1074 540 1112 furtis
555 1078 583 1105 et
598 1074 742 1114 rapinis?
785 1075 961 1106 Dauum.
981 1075 1058 1110 Quis
1072 1084 1144 1114 ergo
1159 1076 1280 1107 tandem
1295 1075 1402 1115 sapit?
1443 1075 1610 1106 S'mnrm.
1626 1074 1660 1104 Is
1674 1073 1800 1113 quinon

386 1125 498 1147 vecors.
542 1116 722 1148 DAnAsn’.
748 1117 832 1152 Quid
843 1115 979 1148 avarus?
1021 1116 1192 1147 S'ranrm.
1214 1117 1332 1148 Fatuus
1345 1119 1393 1147 est
1406 1119 1437 1147 et
1450 1117 1581 1147 demens.
1618 1115 1798 1146 Dsmsuv.

388 1157 507 1197 Ecquid
517 1155 533 1188 ?
575 1157 613 1188 Si
627 1157 740 1198 aliquis
751 1167 809 1188 non
825 1167 935 1188 avarus
948 1159 1004 1192 sit,
1019 1166 1059 1190 an
1076 1158 1201 1197 proinde
1215 1158 1334 1198 sapiens
1344 1157 1360 1189 ί)
1401 1157 1568 1189 swan-rm.
1591 1156 1800 1196 Nequaquam.
1866 1186 1870 1192 ,

389 1199 499 1230 mm
505 1207 568 1230 ειν.
592 1199 708 1238 Quare,
721 1209 738 1230 ο
753 1199 876 1230 Stoice?
904 1200 1070 1230 Srenrm.
1094 1199 1271 1239 Explicaba.
1318 1200 1468 1238 AEgrotus
1481 1198 1540 1229 iste
1552 1207 1612 1229 non
1625 1201 1671 1228 est
1682 1196 1801 1227 cardia·

386 1249 438 1270 cus
450 1250 460 1270 .·
483 1241 586 1281 (crede
601 1241 659 1271 tibi
676 1242 837 1271 Craterum
851 1239 968 1280 loqui:)
983 1250 1023 1271 an
1046 1249 1118 1278 ergo
1133 1240 1204 1271 bene
1223 1241 1315 1279 valet,
1334 1243 1424 1280 atque
1444 1237 1615 1279 exsurget?
1657 1238 1803 1275 Minime,

386 1282 523 1320 inquiet:
546 1291 616 1312 nam
630 1284 710 1314 latus
724 1284 771 1314 vel
784 1292 871 1313 renes
890 1282 1064 1322 afficiuntur
1078 1281 1143 1312 acri
1155 1281 1268 1312 morbo.
1313 1282 1385 1312 Non
1400 1284 1446 1312 est
1464 1281 1602 1321 perjurus
1613 1289 1667 1310 nee
1680 1278 1803 1309 sordide

385 1331 506 1361 pareus.
549 1324 607 1354 Ille
627 1333 710 1354 suem
731 1327 842 1355 mactet
865 1323 1003 1362 benignis
1017 1323 1158 1354 Laribus.
1200 1323 1299 1362 Atqui
1313 1326 1358 1354 est
1372 1323 1548 1353 ambitiosus
1560 1331 1596 1352 ac
1610 1320 1799 1351 temerarius.

388 1363 473 1394 Navi
490 1367 601 1403 pergat
615 1365 808 1405 Anticyram.
854 1364 937 1400 Quid
961 1364 1042 1395 enim
1055 1363 1194 1403 interest,
1218 1367 1322 1395 utrum
1345 1364 1422 1395 bona
1435 1367 1488 1394 tua
1507 1362 1653 1404 projicias
1666 1362 1699 1392 in
1713 1361 1798 1391 bara·

987 1453 1208 1466 ”mmm

388 1520 448 1549 163
463 1518 572 1558 Major
587 1527 664 1558 pars
679 1517 776 1548 codd.
793 1518 904 1548 Bentl.
921 1521 1096 1553 tentantur;
1112 1520 1214 1557 atque
1231 1516 1278 1547 ita
1292 1516 1391 1547 Harl.
1406 1519 1438 1548 2.
1453 1519 1485 1547 8.
1501 1519 1533 1547 6.
1554 1516 1690 1546 Venett.
1706 1516 1798 1546 1477.

387 1561 483 1590 1478.
501 1561 592 1589 1479.
609 1561 702 1590 1490.
727 1559 842 1589 Lamb.
859 1559 973 1589 Bentl.
990 1558 1110 1589 Sansd.
1127 1558 1274 1596 Francis,
1287 1558 1428 1589 Wetzel.
1445 1556 1578 1589 Wakef.
1599 1561 1633 1588 et
1654 1556 1801 1587 Kidd.—

389 1602 450 1630 166
472 1600 568 1630 Gott.
586 1600 682 1630 Harl.
698 1602 729 1630 2.
743 1600 860 1637 Regin.
876 1604 910 1630 et
926 1599 1005 1630 Gal.
1021 1608 1075 1638 ap.
1091 1599 1203 1629 Bentl.
1226 1599 1400 1630 Sclioliast.
1424 1599 1504 1630 item
1529 1598 1605 1628 edd.
1631 1597 1743 1628 Bentl.
1765 1601 1802 1627 et

389 1640 493 1671 Kidd.
516 1641 679 1671 balatrone.
724 1641 865 1680 Cuniug.
882 1640 1030 1676 Francis,
1046 1645 1081 1670 et
1104 1639 1223 1670 Sanad.
1247 1641 1403 1670 lalatroni.
1448 1640 1543 1670 Harl.
1559 1642 1589 1670 3.
1603 1642 1635 1670 4.
1649 1641 1682 1669 6.
1705 1638 1748 1668 al.
1765 1641 1802 1668 et

388 1681 465 1713 edd.
482 1687 566 1713 vett.
580 1687 614 1713 et
630 1686 772 1713 receutt.
794 1682 984 1712 barathrone.
1028 1684 1038 1698 ‘
1055 1681 1173 1712 Placet
1194 1686 1332 1721 recepta
1357 1681 1468 1720 lectio,
1492 1682 1562 1711 sive
1577 1679 1744 1719 intelligas
1759 1678 1801 1709 ad

387 1723 492 1762 ipsius
507 1723 617 1754 Flacci
632 1728 778 1755 mentem
793 1723 826 1754 in
851 1732 877 1753 ι.
898 1723 963 1763 Ep.
977 1725 1027 1753 15.
1043 1725 1095 1753 31.
1117 1723 1170 1752 vel
1185 1723 1336 1762 accipere
1354 1723 1447 1753 malis
1464 1722 1506 1753 de
1522 1726 1620 1753 terrae
1635 1730 1750 1759 cavea,
1764 1723 1803 1750 ut

389 1765 516 1796 Noster
538 1774 577 1796 ιι.
599 1765 665 1797 Od.
691 1768 719 1797 1.
747 1767 779 1796 2.
813 1773 838 1796 1.
860 1765 930 1795 Sat.
952 1767 983 1795 l.
1003 1766 1056 1795 42.
1094 1764 1186 1804 Virg.
1209 1764 1335 1804 Georg.
1358 1773 1397 1795 11.
1418 1766 1492 1796 50⁷.
1513 1768 1549 1795 et
1577 1763 1632 1794 alii
1657 1759 1802 1802 passim?

1026 1857 1163 1889 NOTAE

431 1934 493 1962 158
517 1931 666 1966 Quisnam
689 1930 790 1969 igitur
812 1930 916 1970 sanus]
948 1931 1071 1961 Dama·

388 1981 503 2021 sippus
519 1980 664 2020 loquitur
682 1988 756 2010 cum
771 1979 945 2010 Stertinio.

432 2032 490 2060 161
517 2027 697 2066 cardiacus]
719 2027 788 2058 Ore
817 2026 994 2057 ventriculi
1022 2025 1071 2056 af-

388 2078 517 2110 fectus:
550 2076 704 2107 laborans
732 2085 772 2106 eo
807 2075 934 2114 morbo,
971 2084 1070 2115 quem

390 2126 504 2158 Graeci
524 2123 720 2165 καρδιαλγίαν
743 2127 958 2164 nuncupant3
982 2123 1070 2155 Gall.

388 2177 450 2206 mat
464 2174 632 2206 d’estomac.

433 2222 610 2262 Craterum]
625 2222 793 2254 Illustrem
808 2221 973 2253 medicum
989 2226 1070 2253 tem-

388 2281 470 2313 pore
500 2271 652 2311 Augusti.
694 2271 777 2302 Eum
800 2271 914 2301 laudat
936 2270 1070 2301 Persius

388 2321 459 2352 Sat.
483 2328 539 2352 111.
559 2322 613 2350 65.
638 2328 766 2351 necnon
781 2319 904 2350 Tullius
921 2320 963 2350 ad
979 2319 1069 2351 Atti·

389 2378 478 2401 cum.

430 2419 491 2448 164
509 2417 647 2448 Immolet
657 2418 756 2456 aeqaie
771 2417 835 2449 Hic
846 2425 968 2457 porcum
979 2415 1071 2447 Lari-

389 2466 458 2506 bus]
469 2466 610 2498 Laribus
622 2466 696 2496 Diis
709 2465 896 2496 domesticis
908 2465 1070 2496 creditam

388 2516 554 2547 hominum
566 2524 676 2546 curam
686 2519 817 2546 veteres
823 2514 1069 2545 existimabant.

388 2563 478 2595 Hinc
493 2563 532 2594 iis
550 2561 785 2594 sacrificabant
800 2562 869 2593 sive
885 2567 922 2593 ut
944 2571 964 2592 a
979 2561 1069 2592 vitiis

389 2621 430 2642 ae
455 2613 549 2643 malis
569 2616 681 2642 essent
705 2611 803 2642 liberi
826 2619 940 2642 eorum
955 2610 1069 2651 praesi-

388 2661 458 2700 dio,
473 2661 542 2691 sive
557 2671 619 2700 pro
633 2661 756 2692 collata
769 2669 832 2700 ope
845 2660 943 2700 grati.
979 2661 1070 2692 Quo-

388 2710 477 2741 niam
494 2718 572 2740 vero
586 2714 693 2739 mater
706 2709 840 2740 Larium
853 2709 968 2740 Mania
979 2709 1070 2739 dice-

389 2758 499 2798 batur,
521 2757 739 2798 patrocinium
769 2758 898 2789 illorum
923 2757 1068 2798 require-

1124 1929 1205 1960 bant
1229 1929 1270 1960 ad
1298 1929 1526 1970 depulsionem
1549 1927 1697 1963 insanioe,
1726 1936 1801 1967 quoe

1123 1979 1252 2009 Graecis
1272 1978 1373 2017 μανία.
1415 1979 1548 2009 Porcum
1571 1977 1636 2008 ritu
1663 1977 1801 2017 proprio

1123 2026 1264 2057 Laribus
1291 2027 1466 2066 immolari,
1490 2030 1586 2067 patet
1607 2034 1650 2056 ex
1676 2033 1714 2056 ιι.
1732 2024 1800 2056 Od.

1121 2077 1174 2107 23.

1166 2126 1226 2155 166
1259 2124 1394 2163 Naviget
1416 2122 1613 2164 Anticyram]
1643 2122 1801 2154 Hellebo-

1120 2181 1193 2202 rum
1219 2172 1347 2203 scilicet
1368 2172 1415 2203 ibi
1443 2172 1652 2212 quaesiturus,
1676 2171 1718 2202 ad
1743 2179 1800 2202 ex-

1120 2220 1324 2261 purgandam
1361 2221 1520 2251 insaniam
1557 2229 1620 2261 qua
1656 2219 1799 2250 laborat.

1121 2269 1207 2300 Vide
1223 2278 1333 2308 supra.

1162 2316 1335 2357 Barathro]
1358 2316 1477 2347 Ventri
1503 2315 1678 2346 admodum
1706 2323 1799 2346 vora-

1122 2368 1164 2399 ci.
1187 2367 1330 2400 Quidam
1340 2375 1379 2396 ex
1385 2365 1521 2406 plicant,
1531 2363 1716 2401 ambitioni,
1725 2371 1800 2404 quae

1123 2419 1174 2446 est
1201 2414 1304 2446 veluti
1329 2421 1460 2454 gurges.
1501 2412 1644 2451 Proprie
1682 2411 1802 2442 ‘bara-

1122 2463 1231 2495 thrum
1245 2462 1253 2477 ’
1270 2463 1359 2493 locus
1374 2465 1447 2492 erat
1457 2459 1598 2491 Athenis
1613 2458 1800 2500 profundis-

1121 2513 1234 2548 simus,
1259 2511 1292 2542 in
1312 2519 1409 2551 quem
1425 2508 1688 2540 demittebantur
1710 2509 1803 2540 noxii

1122 2566 1158 2592 et
1181 2561 1290 2600 capite
1317 2558 1476 2590 damnati.
1517 2558 1642 2589 Sensus
1666 2557 1801 2589 Horatii

1121 2614 1198 2640 est:
1224 2607 1313 2641 Quid
1343 2606 1458 2638 differt
1485 2611 1596 2638 utrum
1624 2607 1803 2646 prodigali-

1121 2663 1190 2689 tate
1213 2667 1252 2688 an
1274 2657 1415 2687 avaritia
1438 2665 1571 2697 pecces,
1592 2661 1628 2688 et
1649 2656 1692 2687 ad
1714 2656 1802 2687 insa-

1121 2707 1206 2738 niam
1220 2706 1316 2737 ruas?
