1930 3242
585 283 863 315 sermonum
898 283 991 314 mu.
1023 285 1075 315 ιι.
1103 272 1147 315 3.
1492 277 1579 319 959

127 379 175 421 Si
196 379 311 421 male
329 391 421 420 rem
443 390 587 432 gerere
607 377 751 420 insani
770 381 864 430 est3
894 382 1048 420 contra
1072 379 1200 428 bene,
1221 379 1345 430 sani3

126 446 337 487 Putidius
355 446 493 487 multo
513 446 736 487 cerebrum
759 449 841 496 est,
862 445 966 486 mihi
987 446 1129 497 crede,
1149 446 1303 488 Perilli

127 513 365 563 Dictantis,
386 512 505 567 quod
527 517 574 554 tu
591 526 815 567 nunquam
836 514 1075 555 rescribere
1094 515 1255 567 possis.

126 578 309 630 Audire,
330 585 462 634 atque
481 584 632 632 togam
645 579 789 633 jubeo
809 592 1091 634 componere,
1111 581 1315 636 quisquis

126 645 377 689 Ambitione
394 647 512 689 mala
532 650 607 689 aut
629 647 796 700 argenti
815 647 958 700 pallet
978 661 1144 699 amore,

127 711 345 767 Quisquis
363 713 545 755 luxuria
566 714 737 755 tristive
757 714 1087 767 superstitione,

125 779 218 822 Aut
235 779 324 822 alio
340 781 499 822 mentis
519 782 673 823 morbo
693 781 833 834 calet;
863 781 946 822 huc
966 783 1150 836 propius
1170 796 1255 833 me,

126 847 244 890 Dum
263 847 404 890 doceo
421 848 614 890 insanire
634 860 803 898 omnes,
826 861 908 890 vos
931 849 1086 891 ordine
1109 851 1241 893 adite.

132 913 289 956 Danda
308 919 376 957 est
395 915 607 957 hellebori
627 915 766 956 multo
786 927 892 969 pars
912 917 1111 958 maxima
1131 917 1303 960 avaris:

1522 447 1578 490 75

1521 784 1578 827 80

1110 999 1123 1013 Ι

121 1022 310 1064 disperdere,
323 1025 514 1057 contrarium
528 1035 598 1057 cero
611 1025 732 1065 facere,
745 1025 917 1066 sapienti„
929 1026 1031 1068 fidem
1050 1027 1126 1059 habe
1149 1027 1238 1068 mihi,
1261 1029 1350 1066 longe
1372 1028 1511 1059 insanior
1532 1032 1579 1060 ese

124 1065 241 1097 Perilli
254 1076 340 1098 mens
352 1066 449 1098 scribi
462 1068 605 1107 jubentis
623 1069 703 1108 quod
718 1071 753 1101 tu
767 1077 923 1108 nunquam
936 1070 1092 1101 exsolvere
1112 1080 1215 1110 queas.
1263 1070 1452 1110 Quicumque
1465 1071 1579 1110 impro-

124 1107 163 1139 ba
177 1107 326 1140 honorum
339 1110 388 1140 uel
408 1110 549 1150 pecuniae
561 1110 732 1150 cupiditate
746 1111 893 1152 afficitur,
907 1111 1088 1152 quicumque
1102 1113 1229 1144 luxuria
1246 1114 1295 1144 vel
1310 1117 1416 1144 moesta
1429 1112 1579 1154 supersti-

124 1151 220 1186 tione,
234 1149 334 1183 aliove
347 1151 446 1183 animi
461 1152 539 1183 vitio
554 1156 720 1193 exaestuat,
743 1156 850 1192 togam
865 1156 952 1194 aptet
965 1164 1070 1195 meque
1083 1156 1239 1187 auscultet
1252 1156 1355 1187 velim.
1399 1155 1578 1196 Appropin-

123 1195 215 1231 quate
236 1192 330 1229 istuc,
354 1196 446 1234 atque
471 1194 581 1226 ordine
605 1196 649 1237 ad·
671 1205 720 1226 me
744 1195 880 1226 accedite
905 1196 1037 1236 singuli,
1062 1198 1135 1229 dum
1155 1199 1281 1229 ostendo
1303 1207 1406 1230 omues
1429 1199 1577 1238 desipere.

124 1233 235 1274 Longe
248 1235 386 1268 maxima
405 1246 481 1276 pars
502 1236 626 1269 ellebori
639 1238 743 1269 danda
758 1240 805 1268 eat
821 1237 945 1270 auaris.-
967 1242 1002 1270 at
1023 1239 1134 1280 ignoro
1155 1250 1230 1272 num
1252 1241 1335 1272 ratio
1357 1241 1423 1272 illis
1443 1241 1579 1272 destinet

730 1320 871 1333 moe&
874 1320 911 1332 θ’
914 1320 971 1333 ΙΝ

122 1385 331 1416 saxium—74
353 1384 534 1416 Bentleius
557 1394 601 1416 ex
625 1385 756 1416 duobus
772 1386 873 1418 codd.
889 1386 1035 1418 Galean.
1053 1392 1088 1418 et
1105 1386 1227 1427 Regin.
1249 1386 1366 1422 insani,
1381 1390 1489 1418 contra
1505 1386 1579 1419 bene

122 1427 192 1458 nuni
203 1429 251 1457 est
261 1436 274 1464 ,-
296 1434 441 1467 eumque
457 1427 569 1458 secuti
585 1427 768 1467 Heindorf,
788 1428 927 1460 Wakef.
954 1433 991 1460 ct
1018 1427 1124 1459 Kidd.
1146 1430 1156 1446 ⁸
1173 1428 1308 1460 Nollem
1324 1438 1400 1459 curn
1417 1429 1578 1461 Bentleio

121 1477 250 1508 ponere
266 1467 406 1499 verbum
421 1471 469 1500 est
482 1468 524 1499 ad
539 1467 642 1500 finem
658 1469 758 1509 hujus
773 1479 905 1508 versus,
920 1470 1110 1511 praesertim
1126 1479 1201 1501 cum
1227 1471 1407 1511 pauciores
1431 1470 1525 1502 Libri
1541 1471 1577 1502 id

118 1509 262 1550 faciant,
271 1514 376 1552 atque
390 1510 465 1552 ipsa
478 1514 652 1543 structura
666 1512 776 1544 minus
788 1512 833 1544 sit
849 1512 1036 1545 naturalis!
1061 1513 1249 1545 Baxt.—76
1273 1513 1353 1546 Nic.
1370 1513 1530 1545 Heinsius
1543 1514 1578 1545 in

779 1597 811 1628 N
816 1596 921 1629 0⁷1*AE

119 1658 259 1700 tiorum,
273 1658 317 1692 de
339 1669 405 1701 quo
427 1659 612 1692 Diodorus.
658 1660 707 1691 Hi
730 1660 820 1692 enim

119 1708 220 1741 modo
233 1709 355 1747 leonis,
369 1710 473 1749 tauri,
488 1709 645 1743 draconis
661 1708 822 1751 effigiem,

120 1758 221 1791 modo
250 1759 418 1798 arborem,
447 1759 549 1792 modo
575 1760 699 1801 ignem,
735 1759 820 1792 alias

120 1814 295 1851 unguenta
331 1819 436 1850 supra
472 1814 578 1851 capnt
623 1809 819 1852 gestabant,

119 1858 335 1901 principatus
361 1859 528 1900 insignia3
557 1863 629 1891 tum
654 1859 695 1891 ad
721 1868 819 1891 orua-

121 1914 193 1941 tum
221 1918 330 1950 suum,
358 1918 436 1941 cum
467 1909 510 1940 ad
537 1909 818 1950 superstitionem

121 1959 256 2001 populis
279 1959 512 2002 injiciendam.
557 1961 602 1992 Et
631 1961 708 1992 hinc
735 1970 818 1993 sane

121 2009 272 2045 manavit
300 2009 416 2043 fabula
442 2009 485 2042 de
523 2011 753 2043 mutabilitate
782 2015 818 2043 et

122 2058 303 2099 multiplici
333 2059 491 2100 variaque
520 2059 819 2092 transformatione

123 2106 257 2140 Protei.

164 2160 207 2189 ⁷⁵
230 2156 360 2197 Perilli]
387 2157 588 2198 Creditoris,
615 2167 681 2189 nou
711 2158 820 2190 tabel-

122 2207 233 2245 lionis,
249 2213 286 2240 ut
301 2208 375 2243 vult
388 2208 605 2244 Torrentius:
629 2206 821 2249 refragatur

122 2257 212 2289 enim
239 2266 367 2292 sensus.
413 2257 528 2290 Minus
556 2258 684 2300 quippe
711 2258 818 2290 tabel-

121 2307 233 2346 lionis,
247 2314 284 2339 at
298 2310 394 2340 certe
409 2308 555 2340 maxime
571 2307 750 2340 creditoris
765 2318 818 2341 re-

121 2355 205 2398 fert,
215 2357 245 2389 si
258 2357 396 2397 debitor
410 2358 572 2391 solvendo
588 2367 654 2390 non
671 2358 786 2391 fuerit.

164 2409 208 2440 ‘1ss
229 2407 406 2447 Biennio,
424 2408 503 2448 quod
529 2411 565 2439 tu
587 2417 745 2449 nunquam
769 2418 818 2440 re·

121 2456 253 2489 writer-e
264 2457 380 2499 possis]
402 2457 479 2490 Tibi
487 2459 647 2490 'mutuum
665 2458 819 2499 praebeu-

122 2505 180 2546 tiu,
208 2505 360 2548 adeoque
391 2506 554 2540 dictantis
591 2508 818 2549 syngrapham

125 2560 279 2597 acceptae
293 2560 415 2589 testem
435 2558 604 2599 pecuniae,
618 2568 718 2600 quam
734 2568 818 2590 nun-

126 2613 227 2645 quam
242 2604 436 2640 redditurus
447 2607 504 2640 sis.
534 2608 646 2641 Porro
665 2609 744 2650 quia
759 2609 818 2641 ob·

126 2653 244 2695 ligatio
270 2653 372 2687 tiebat
391 2656 576 2698 scriptura,
602 2658 681 2690 hinc
711 2660 721 2676 ⁶
737 2659 818 2690 scri-

125 2702 224 2736 bere'
246 2703 419 2744 significat
432 2711 549 2740 mutuo
562 2718 715 2740 sumere:
742 2718 818 2749 pro-

126 2753 277 2796 indeque
304 2756 526 2788 ‘rescribere'
547 2763 601 2792 est
614 2760 818 2801 scripturam

126 2803 256 2844 delere,
283 2803 408 2838 factam
435 2806 671 2848 obligationem
699 2810 818 2842 dissol-

875 1669 968 1701 vere,
981 1665 1136 1693 mutuum
1152 1661 1224 1692 sive
1240 1661 1395 1692 debitum
1419 1660 1578 1693 reddere.

873 1711 1011 1743 Terent.
1028 1712 1168 1743 Phorm.
1181 1713 1191 1729 ‘
1203 1711 1293 1742 Illud
1306 1716 1484 1752 argentum
1495 1711 1577 1743 mibi

868 1759 954 1800 jube
971 1759 1138 1792 rescribi!
1568 1792 1570 1794 ,

917 1813 958 1843 77
977 1810 1196 1850 Togamjubeo
1211 1810 1406 1852 componere]
1440 1811 1496 1843 Ne
1518 1812 1577 1844 de-

873 1859 980 1892 fluens
995 1861 1052 1892 illa
1068 1870 1127 1892 vos
1143 1861 1352 1893 interturbet
1364 1861 1442 1893 dum
1456 1871 1510 1893 me
1525 1867 1574 1894 at-

875 1910 1026 1943 tendetis
1043 1911 1087 1943 de
1105 1921 1140 1942 re
1156 1912 1252 1952 gravi
1267 1913 1475 1953 loquentem.

915 1964 958 1993 80
975 1961 1094 1993 Mentis
1108 1961 1212 1993 morbo
1222 1961 1318 2002 calet]
1341 1962 1390 1993 Ut
1401 1960 1488 1993 febri
1502 1971 1577 1993 cor·

873 2021 947 2053 pus,
964 2012 1014 2044 its
1035 2021 1130 2044 mens
1155 2011 1244 2044 vitiis
1264 2017 1398 2044 aestuat.
1441 2012 1476 2044 S.
1493 2011 1575 2044 Am-

872 2062 963 2094 bros.
979 2063 1012 2094 in
1030 2063 1131 2094 anae
1148 2072 1223 2104 cap.
1239 2072 1286 2095 ιν.
1310 2063 1319 2080 ‘
1333 2063 1444 2094 Variis
1461 2062 1575 2094 crimi-

873 2121 951 2143 num
967 2111 1120 2144 febribus
1134 2122 1216 2145 caro
1240 2118 1357 2144 nostra
1375 2112 1575 2154 languebat,

873 2167 909 2193 et
924 2163 1131 2195 diversarum
1143 2163 1370 2204 cupiditatum
1385 2162 1575 2194 immodicis

874 2212 1040 2244 aestuabat
1053 2213 1233 2245 illecebris.
1264 2214 1339 2245 Nec
1351 2214 1511 2245 minorem
1523 2211 1574 2244 fe-

874 2261 967 2293 brem
982 2262 1106 2294 amoris
1123 2273 1197 2295 esse
1211 2263 1356 2295 dixerim
1369 2274 1468 2306 qnam
1484 2264 1574 2296 calo·

874 2311 931 2343 ris.
974 2312 1096 2353 ltaque
1113 2313 1170 2344 illa
1183 2313 1344 2353 animum,
1358 2314 1431 2345 haec
1448 2323 1572 2354 corpus

872 2359 1070 2393 inflammat.
1115 2362 1234 2395 Febris
1255 2364 1346 2395 enim
1363 2367 1481 2395 nostra
1496 2372 1574 2394 ava·

874 2411 953 2443 ritia
983 2417 1033 2444 est
1047 2422 1058 2451 ς
1090 2411 1197 2444 febris
1221 2418 1339 2445 nostra
1362 2412 1467 2444 libido
1495 2416 1547 2443 est
1562 2423 1571 2444 ι

872 2459 977 2492 febris
992 2467 1109 2494 nostra
1124 2463 1259 2494 luxuria
1273 2469 1345 2494 est:
1375 2461 1479 2493 febris
1495 2471 1572 2492 nos.-

872 2514 927 2542 tra
936 2511 1076 2544 ambitio
1090 2517 1143 2544 est
1156 2523 1165 2544 :
1189 2511 1293 2544 febris
1305 2518 1423 2543 nostra
1437 2511 1572 2543 iracun-

871 2559 929 2591 dia
944 2560 1023 2592 est.'

915 2611 957 2640 82
982 2609 1096 2640 Danda
1110 2613 1156 2642 est
1174 2609 1319 2641 hellebori
1339 2619 1414 2649 pars
1433 2610 1572 2641 maxime

871 2658 992 2699 avaris]
1016 2658 1071 2690 Ad
1097 2659 1301 2693 medendum
1327 2660 1469 2692 insaniae
1496 2660 1571 2692 illo·

872 2718 945 2740 rum
974 2709 1142 2740 maximae.
1187 2709 1280 2741 Plin.
1310 2718 1401 2742 xxv.
1428 2714 1460 2742 5.
1484 2711 1494 2727 ⁸
1507 2709 1570 2741 Ni·

873 2767 968 2800 grum
993 2758 1201 2790 helleborum
1229 2759 1386 2791 medetur
1408 2760 1570 2801 paralyti-

873 2810 936 2849 cis,
950 2809 1192 2842 insanientibus
1207 2833 1216 2842 .
1228 2833 1237 2842 .
1250 2834 1258 2843 .
1274 2810 1378 2843 trahit
1394 2812 1519 2847 alvum,
1532 2815 1569 2844 et
