1890 3256
348 313 459 355 1126

351 416 483 456 Musa
502 421 670 468 rogata,
690 416 810 463 refer,
831 415 976 455 comiti
996 414 1239 468 scribaeque
1259 415 1463 457 Neronis.

348 482 395 521 Si
414 486 574 534 quaerct
593 482 694 535 quid
715 493 864 532 agam;
895 479 980 529 dic,
1000 480 1136 520 multa
1155 485 1200 520 ct
1219 481 1396 533 pulchra
1416 482 1664 532 minantem,

347 545 507 586 Vivere
528 561 605 587 nec
625 550 750 594 recte,
769 558 849 587 nec
871 546 1092 596 suaviter;
1114 539 1235 586 'haud
1264 547 1364 599 quia
1384 547 1547 598 grando

348 611 599 652 Contuderit
618 612 747 660 vites,
765 612 960 652 oleamve
981 612 1259 652 momorderit
1279 617 1430 661 aestus,
1741 615 1768 653 5
1810 649 1814 654 .

347 676 443 717 Nec
465 677 569 728 quia
588 677 834 730 longinquis
855 681 1091 718 armentum
1113 680 1287 729 aegrotet
1306 678 1350 717 in
1369 677 1510 730 agris3

346 742 435 782 Sed
456 742 560 794 quia
578 745 719 782 mente
738 743 880 783 minus
900 742 1073 783 validus
1092 755 1220 796 quam
1243 755 1424 795 corpore
1444 746 1551 792 toto,

345 807 423 848 Nil
445 806 594 847 audire
615 807 760 857 velim,
781 808 840 848 nil
859 807 1040 856 discere,
1061 807 1178 861 quod
1197 807 1314 848 levet
1332 820 1516 860 aegrum;

345 872 466 914 Fidis
487 872 679 913 offendar
698 873 894 922 medicis,
913 873 1073 914 irascar
1092 874 1267 925 amicis;

817 325 858 362 Q.
890 321 1094 353 noum-11
1129 322 1299 352 FLAcci

340 1001 584 1038 prosperitatem.
628 1001 666 1031 Si
679 1001 860 1040 interroget,
873 1001 946 1041 quid
957 1011 1049 1040 agam
1059 1012 1072 1038 ,·
1086 1002 1242 1042 responde,
1255 1011 1302 1032 me
1321 1002 1453 1040 plurima
1466 1004 1495 1032 et
1515 1002 1666 1041 praeclara
1677 1009 1765 1040 epon-

341 1041 424 1074 dere,
437 1044 469 1070 at
481 1041 577 1071 vitam
587 1043 697 1072 ducere
711 1051 764 1072 uec
776 1042 884 1072 bonam
897 1051 952 1073 nee
964 1043 1132 1080 jucundam
1141 1053 1152 1073 .·
1167 1052 1228 1073 non
1241 1043 1320 1082 quod
1330 1043 1449 1081 grando
1455 1042 1590 1080 fregerit
1605 1042 1695 1076 vites.
1708 1045 1764 1072 aut

342 1081 454 1111 nimius
472 1083 554 1112 calor
574 1083 670 1113 olivas
683 1082 844 1120 arefecerit
852 1093 864 1120 ‚·
885 1093 939 1114 nec
951 1085 1031 1123 quod
1041 1093 1155 1122 greges
1167 1084 1245 1114 male
1261 1093 1294 1114 ae
1309 1083 1438 1114 habeant
1458 1083 1491 1114 in
1510 1084 1598 1122 agris
1619 1081 1765 1113 remeia:

340 1123 395 1151 sed
419 1124 559 1161 quoniam
577 1124 664 1164 peius
685 1125 786 1155 animo
810 1126 914 1155 valens
933 1134 1022 1164 quam
1036 1128 1101 1155 toto
1114 1134 1250 1164 corpore,
1262 1125 1341 1155 nihil
1356 1126 1538 1163 auscultare,
1555 1123 1634 1155 nihil
1650 1123 1766 1154 ἀίει-ενι

340 1163 443 1199 velim,
462 1167 540 1204 quod
553 1169 704 1204 egrotum
719 1175 766 1196 me
779 1169 864 1197 curet
873 1176 886 1203 ,-
904 1175 996 1206 porro
1008 1166 1158 1208 fidelibus
1169 1167 1294 1198 medicis
1307 1165 1458 1207 offendar,
1472 1169 1502 1197 et
1517 1165 1626 1196 amicis
1638 1165 1766 1201 irascar,

937 1259 1170 1272 eeeeeeeeeeee

338 1330 519 1372 Bamberg.
541 1331 595 1364 Aa
612 1333 733 1364 Celsum
746 1332 969 1364 Albinovanum
984 1334 1122 1365 comitem
1139 1333 1347 1365 Neronia-a
1370 1332 1406 1363 Sa·
1420 1331 1530 1372 quoerit
1543 1331 1622 1362 Vat.
1636 1333 1666 1362 3.
1684 1340 1704 1362 a
1720 1340 1762 1362 m.

339 1381 407 1404 sec.
433 1374 509 1405 Vnt.
527 1375 578 1404 14.
601 1375 677 1405 Vat.
695 1375 790 1406 Rom.
807 1378 837 1405 5.
862 1373 1016 1414 Angelic.
1036 1379 1064 1406 l.
1082 1386 1101 1406 a
1117 1386 1159 1406 m.
1176 1385 1243 1405 sec.
1269 1374 1421 1414 Angelic.
1434 1377 1465 1404 4.
1489 1373 1715 1404 Schoenborn.
1730 1374 1762 1403 8.

337 1416 369 1443 4.
395 1415 491 1445 Harl.
508 1418 539 1445 2.
554 1418 585 1446 3.
599 1418 629 1446 4.
645 1419 675 1445 7.
698 1417 755 1446 alii
772 1415 871 1446 codd.
897 1426 950 1456 ap.
975 1417 1077 1457 Cruq.
1094 1426 1168 1447 cum
1185 1417 1238 1446 ed.
1255 1417 1371 1447 Zarot.
1386 1420 1421 1446 et
1437 1415 1512 1445 Vet.
1529 1414 1646 1445 Comb.
1665 1413 1762 1444 multa

336 1464 373 1484 ac
392 1455 520 1495 pulchra
535 1457 740 1495 Cuning.—4
758 1457 834 1487 Vat.
853 1457 964 1488 Palat.
979 1460 1011 1488 6.
1033 1468 1092 1489 non
1108 1461 1263 1488 recta—5
1288 1457 1467 1496 Bamberg.
1483 1463 1519 1487 et
1532 1455 1761 1487 Schoeuborn.

337 1496 432 1537 citae,
446 1499 620 1537 oleamqum
642 1498 736 1528 Harl.
752 1501 782 1529 1.
798 1502 829 1529 2.
845 1501 876 1530 3.
890 1501 922 1529 4.
937 1502 968 1530 ὓ.
985 1502 1016 1530 7.
1033 1501 1088 1530 alii
1106 1499 1205 1530 codd.
1221 1509 1273 1539 ap.
1293 1500 1393 1529 Feam
1409 1503 1446 1529 et
1460 1497 1538 1528 edd.
1554 1501 1640 1528 vett.
1653 1496 1764 1527 oleam-

336 1541 467 1576 que—6
494 1539 594 1569 Multi
619 1539 718 1570 codd.
744 1540 836 1577 Fene,
862 1540 895 1570 in
916 1541 1026 1579 tigrin
1049 1542 1097 1571 ita
1113 1541 1212 1572 etiam
1238 1541 1292 1571 alii
1315 1539 1501 1579 Mss.apud
1519 1537 1634 1570 Lamb.
1650 1537 1762 1569 Pulm.

337 1578 440 1619 Cruq.
463 1579 557 1610 Torr.
577 1580 676 1612 Talb.
693 1581 767 1611 Val.
783 1585 938 1612 notatum
964 1591 1007 1612 ex
1031 1583 1098 1613 Ms.
1119 1583 1150 1612 in
1173 1592 1228 1612 ora
1249 1582 1402 1612 editionis
1421 1581 1496 1611 Aldi
1514 1582 1604 1612 1501.
1621 1581 1655 1610 iu
1671 1578 1760 1627 nun.

335 1620 413 1651 Van.
435 1625 469 1650 et
488 1621 646 1652 editionis
665 1624 758 1653 1519.
781 1623 814 1652 in
843 1622 933 1653 Bibl.
955 1622 1078 1660 Angel-
1094 1625 1220 1656 Nestor
1240 1624 1421 1663 Dionysius
1441 1622 1474 1653 in
1504 1622 1581 1653 Lex.
1597 1625 1699 1660 atque
1715 1626 1762 1651 ita

336 1662 486 1693 restituit
504 1663 618 1694 Lamb.
631 1663 734 1704 Cruq.
749 1663 847 1695 Torr.
860 1664 960 1695 Talb.
971 1665 1087 1696 Bentl.
1099 1666 1201 1696 Baxt.
1214 1665 1367 1704 Sandby‚
1377 1663 1482 1696 Gesn.
1493 1662 1634 1702 Dorigln.
1646 1661 1763 1693 Oberl.

336 1702 475 1743 Combe,
490 1704 622 1736 Wakef.
638 1706 750 1737 Wetz.
767 1706 871 1736 Zenn.
886 1705 1028 1745 Bipont.
1049 1707 1153 1738 Kidd.
1177 1707 1254 1744 Fea,
1271 1706 1393 1744 Bothe,
1414 1705 1534 1738 Jaeck.
1553 1710 1589 1735 et
1609 1704 1759 1742 Doering.

337 1745 414 1777 Vid-
434 1746 540 1786 Epod.
561 1756 586 1778 1.
608 1749 660 1778 25.
687 1757 780 1788 seqq.
796 1757 836 1779 n.
856 1750 905 1778 18.
942 1749 1028 1779 Edd.
1045 1749 1159 1789 primae
1176 1754 1210 1780 et
1227 1749 1368 1788 Cuning.
1389 1748 1421 1779 in
1436 1746 1594 1778 anim—¹1
1616 1745 1760 1776 Schoen-

974 1854 1005 1884 N
1011 1854 1112 1884 01¹AE

331 1923 359 1952 is
384 1922 469 1952 idem
493 1928 556 1960 est,
573 1923 643 1962 jam
665 1924 815 1954 nonnihil
839 1925 1018 1960 vellicavit.

330 1980 357 2001 1.
374 1971 483 2010 Epist.
499 1973 530 2002 3.
548 1974 598 2002 15.
615 1975 650 2002 et
665 1981 733 2012 seq.

376 2019 479 2058 celso]
513 2020 741 2050 Corneliorum
772 2025 807 2051 et
837 2021 1016 2060 Papiorum

330 2077 512 2107 cognomen
539 2067 603 2099 fuit
635 2068 773 2107 Celsus3
803 2069 1016 2101 Posthumio-

333 2124 404 2146 rum
433 2121 543 2147 autem
574 2116 822 2148 Albinovanus:
856 2123 893 2149 ut
922 2123 1016 2149 notat

327 2166 483 2196 Tot-rent.
499 2175 542 2196 ex
559 2165 727 2206 Appiano.

374 2215 517 2246 Gaudere
552 2218 582 2246 et
610 2215 684 2247 bene
712 2226 776 2246 rem
804 2217 927 2258 gerere]
959 2217 1015 2247 Sic

330 2265 456 2295 amicos
472 2265 664 2296 salutabant
679 2265 806 2306 Graeci,
827 2265 946 2306 χαίρειν
966 2265 1016 2297 καὶ

330 2312 519 2352 εὖπράττειν,
549 2314 667 2355 quibus
701 2315 908 2354 exoptabant
939 2325 1015 2356 pro-

326 2374 425 2403 spera
438 2365 556 2395 omnia.
585 2365 685 2396 Plato
698 2366 878 2397 sanitatem
893 2367 1014 2397 mentis

327 2414 440 2453 potius
470 2414 651 2454 optandam
678 2414 806 2452 aiebat3
837 2419 938 2455 atque
965 2415 1014 2446 ita

327 2463 519 2494 salutandos
540 2462 738 2494 familiares:
772 2462 932 2504 σωφρόνει,
957 2465 1009 2495 vel

324 2513 416 2549 ’γνῶθι
431 2510 573 2542 σεαυτόν.

368 2564 388 2591 2
411 2561 526 2592 Comici
546 2561 712 2602 scribaeque
730 2562 877 2603 Neronis]
899 2563 949 2593 Ex
972 2562 1010 2593 iis

325 2610 380 2649 qui
398 2610 616 2650 Magistratus
638 2611 671 2641 in
696 2611 883 2651 provincias
902 2618 1012 2644 secta-

326 2659 459 2693 bantur,
476 2659 532 2689 alii
550 2658 651 2690 officii
679 2660 800 2699 gratia,
821 2666 858 2692 ut
879 2662 1011 2697 scribae.

323 2706 460 2745 medici,
485 2708 630 2747 accensi,
656 2710 719 2739 ἀρ.
744 2709 801 2740 alii
821 2709 954 2741 honoris
976 2715 1012 2742 et

324 2754 482 2786 amicitiae
510 2765 610 2786 causa
635 2756 814 2789 duntaxat.
855 2759 912 2790 Sic
940 2759 1010 2793 Jul.

324 2804 442 2836 Florus
479 2804 649 2837 Neronem
685 2807 929 2839 comitabatur:
966 2808 1009 2839 de

1073 1934 1138 1964 quo
1166 1935 1269 1964 supra
1303 1934 1326 1954 1.
1355 1924 1464 1963 Epist.
1501 1925 1533 1953 3.
1573 1921 1662 1953 Vide
1685 1922 1756 1954 Cic.

1073 1973 1169 2004 verr.
1184 1976 1215 2004 4.

1113 2022 1245 2063 Scribae]
1269 2021 1431 2059 Lini-ario,
1443 2018 1626 2051 scribendis
1648 2019 1756 2050 literis

1071 2073 1264 2112 praeposito.
1308 2071 1398 2102 Gall.
1414 2070 1587 2102 Secretaire
1607 2070 1660 2100 dec
1677 2078 1756 2100 com-

1067 2121 1272 2152 mandemens.

1110 2173 1131 2201 4
1155 2170 1222 2200 Nec
1246 2168 1344 2208 recte]
1371 2168 1445 2200 Non
1466 2168 1547 2200 uatis
1571 2166 1769 2198 secundum<

1070 2219 1241 2250 virtutem.

1114 2268 1178 2298 Nec
1188 2266 1339 2306 suaviter]
1362 2267 1527 2306 Epicurus
1540 2265 1613 2306 ipse
1627 2269 1754 2296 statne-

1069 2317 1139 2356 bat,
1165 2316 1288 2356 absque
1319 2315 1442 2346 virtute
1466 2315 1630 2345 neminem
1658 2322 1752 2354 posse

1067 2366 1213 2396 suaviter
1229 2364 1352 2395 vivere.

1109 2417 1129 2445 8
1153 2414 1213 2445 Nil
1225 2412 1332 2444 audire
1345 2411 1447 2445 velim,
1463 2409 1532 2450 ξι]
1555 2410 1656 2441 Malis
1669 2410 1752 2440 meis

1067 2463 1251 2494 remedium
1280 2466 1395 2501 petere
1423 2460 1524 2490 nolim
1555 2467 1574 2488 e
1603 2458 1752 2490 Philoso-

1065 2514 1156 2554 phia,
1179 2517 1215 2543 ut
1241 2513 1250 2529 ‘
1267 2519 1360 2541 mens
1387 2508 1482 2540 sana'
1511 2508 1590 2538 mibi
1619 2508 1664 2539 sit
1691 2507 1749 2538 ‘in

1065 2571 1206 2603 corpore
1220 2559 1323 2592 sano!
1345 2558 1502 2590 Juvenal.
1514 2558 1584 2589 Sat.
1602 2565 1638 2589 x.
1654 2559 1728 2588 356.

1107 2615 1127 2642 9
1152 2610 1238 2642 fidis
1263 2609 1414 2650 offendar,
1442 2608 1510 2648 lm]
1542 2608 1648 2638 Recta
1679 2615 1748 2637 mo-

1066 2661 1221 2693 nentibus
1250 2658 1384 2688 minime
1409 2657 1644 2696 obtemperans
1669 2657 1749 2686 ami-

1063 2710 1122 2750 cis,
1143 2709 1196 2749 qui
1223 2707 1350 2739 mederi
1375 2710 1538 2738 conantur
1559 2703 1748 2746 aegritudini

1061 2767 1157 2790 mem·
