<?xml version="1.0" encoding="UTF-8"?>
<!DOCTYPE html PUBLIC "-//W3C//DTD XHTML 1.0 Transitional//EN"
    "http://www.w3.org/TR/xhtml1/DTD/xhtml1-transitional.dtd">
<html xmlns="http://www.w3.org/1999/xhtml" xml:lang="en" lang="en">
 <head>
  <title>
</title>
<meta http-equiv="Content-Type" content="text/html;charset=utf-8" />
  <meta name='ocr-system' content='tesseract 3.04.00' />
  <meta name='ocr-capabilities' content='ocr_page ocr_carea ocr_par ocr_line ocrx_word'/>
</head>
<body>
  <div class='ocr_page' id='page_1' title='image "./operazeune02horauoft_0174.png"; bbox 0 0 1904 3256; ppageno 0'>
   <div class='ocr_carea' id='block_1_1' title="bbox 363 254 1316 305">
    <p class='ocr_par' dir='ltr' id='par_1_1' title="bbox 363 254 1316 305">
     <span class='ocr_line' id='line_1_1' title="bbox 363 254 1316 305; baseline 0 -11"><span class='ocrx_word' id='word_1_1' title='bbox 363 254 448 295; x_wconf 86' lang='lat'><strong>714</strong></span> <span class='ocrx_word' id='word_1_2' title='bbox 830 269 874 305; x_wconf 82' lang='lat' dir='ltr'><strong>Q.</strong></span> <span class='ocrx_word' id='word_1_3' title='bbox 905 267 1112 298; x_wconf 72' lang='lat' dir='ltr'><strong>HoRA&#39;ru</strong></span> <span class='ocrx_word' id='word_1_4' title='bbox 1147 266 1316 296; x_wconf 70' lang='lat' dir='ltr'><strong>FLAcm</strong></span> 
     </span>
    </p>
   </div>
   <div class='ocr_carea' id='block_1_2' title="bbox 480 355 1785 407">
    <p class='ocr_par' dir='ltr' id='par_1_2' title="bbox 480 355 1785 407">
     <span class='ocr_line' id='line_1_2' title="bbox 480 355 1785 407; baseline 0.002 -9"><span class='ocrx_word' id='word_1_5' title='bbox 480 355 577 398; x_wconf 88' lang='lat' dir='ltr'><strong>Nec</strong></span> <span class='ocrx_word' id='word_1_6' title='bbox 600 359 735 398; x_wconf 88' lang='lat' dir='ltr'><strong>semel</strong></span> <span class='ocrx_word' id='word_1_7' title='bbox 756 358 931 397; x_wconf 73' lang='lat' dir='ltr'><strong>offensae</strong></span> <span class='ocrx_word' id='word_1_8' title='bbox 952 358 1076 397; x_wconf 87' lang='lat' dir='ltr'><strong>cedet</strong></span> <span class='ocrx_word' id='word_1_9' title='bbox 1095 357 1337 398; x_wconf 84' lang='lat' dir='ltr'><strong>constantia</strong></span> <span class='ocrx_word' id='word_1_10' title='bbox 1353 357 1517 407; x_wconf 86' lang='lat' dir='ltr'><strong>formae,</strong></span> <span class='ocrx_word' id='word_1_11' title='bbox 1731 361 1785 401; x_wconf 88' lang='lat'><strong>15</strong></span> 
     </span>
    </p>
   </div>
   <div class='ocr_carea' id='block_1_3' title="bbox 479 421 1567 669">
    <p class='ocr_par' dir='ltr' id='par_1_3' title="bbox 540 421 1097 462">
     <span class='ocr_line' id='line_1_3' title="bbox 540 421 1097 462; baseline -0.002 0"><span class='ocrx_word' id='word_1_12' title='bbox 540 422 588 462; x_wconf 89' lang='lat' dir='ltr'><strong>Si</strong></span> <span class='ocrx_word' id='word_1_13' title='bbox 607 426 748 462; x_wconf 82' lang='lat' dir='ltr'><strong>certus</strong></span> <span class='ocrx_word' id='word_1_14' title='bbox 768 421 935 460; x_wconf 82' lang='lat' dir='ltr'><strong>intrarit</strong></span> <span class='ocrx_word' id='word_1_15' title='bbox 957 421 1097 461; x_wconf 90' lang='lat' dir='ltr'><strong>dolor.</strong></span> 
     </span>
    </p>

    <p class='ocr_par' dir='ltr' id='par_1_4' title="bbox 479 486 1567 603">
     <span class='ocr_line' id='line_1_4' title="bbox 479 486 1567 539; baseline -0.001 -12"><span class='ocrx_word' id='word_1_16' title='bbox 479 487 539 528; x_wconf 88' lang='lat' dir='ltr'><strong>At</strong></span> <span class='ocrx_word' id='word_1_17' title='bbox 558 491 618 534; x_wconf 88' lang='lat' dir='ltr'><strong>tu,</strong></span> <span class='ocrx_word' id='word_1_18' title='bbox 640 487 903 538; x_wconf 82' lang='lat' dir='ltr'><strong>quicumque</strong></span> <span class='ocrx_word' id='word_1_19' title='bbox 923 497 970 524; x_wconf 84' lang='lat' dir='ltr'><strong>es</strong></span> <span class='ocrx_word' id='word_1_20' title='bbox 990 486 1169 534; x_wconf 86' lang='lat' dir='ltr'><strong>felicior,</strong></span> <span class='ocrx_word' id='word_1_21' title='bbox 1190 489 1319 539; x_wconf 87' lang='lat' dir='ltr'><strong>atque</strong></span> <span class='ocrx_word' id='word_1_22' title='bbox 1341 498 1436 526; x_wconf 88' lang='lat' dir='ltr'><strong>mco</strong></span> <span class='ocrx_word' id='word_1_23' title='bbox 1457 498 1567 527; x_wconf 89' lang='lat' dir='ltr'><strong>nunc</strong></span> 
     </span>
     <span class='ocr_line' id='line_1_5' title="bbox 535 550 1097 603; baseline -0.002 -11"><span class='ocrx_word' id='word_1_24' title='bbox 535 552 759 603; x_wconf 81' lang='lat' dir='ltr'><strong>Superbus</strong></span> <span class='ocrx_word' id='word_1_25' title='bbox 780 550 948 590; x_wconf 89' lang='lat' dir='ltr'><strong>incedis</strong></span> <span class='ocrx_word' id='word_1_26' title='bbox 969 552 1097 599; x_wconf 85' lang='lat' dir='ltr'><strong>malo,</strong></span> 
     </span>
    </p>

    <p class='ocr_par' dir='ltr' id='par_1_5' title="bbox 479 617 1449 669">
     <span class='ocr_line' id='line_1_6' title="bbox 479 617 1449 669; baseline -0.002 -10"><span class='ocrx_word' id='word_1_27' title='bbox 479 619 551 659; x_wconf 91' lang='lat' dir='ltr'><strong>Sis</strong></span> <span class='ocrx_word' id='word_1_28' title='bbox 572 628 727 669; x_wconf 89' lang='lat' dir='ltr'><strong>pecore</strong></span> <span class='ocrx_word' id='word_1_29' title='bbox 748 621 792 655; x_wconf 85' lang='lat' dir='ltr'><strong>et</strong></span> <span class='ocrx_word' id='word_1_30' title='bbox 811 617 944 656; x_wconf 84' lang='lat' dir='ltr'><strong>multa</strong></span> <span class='ocrx_word' id='word_1_31' title='bbox 965 617 1087 656; x_wconf 88' lang='lat' dir='ltr'><strong>dives</strong></span> <span class='ocrx_word' id='word_1_32' title='bbox 1107 617 1259 658; x_wconf 88' lang='lat' dir='ltr'><strong>tellure</strong></span> <span class='ocrx_word' id='word_1_33' title='bbox 1279 617 1449 667; x_wconf 81' lang='lat' dir='ltr'><strong>licebit,</strong></span> 
     </span>
    </p>
   </div>
   <div class='ocr_carea' id='block_1_4' title="bbox 533 681 1786 733">
    <p class='ocr_par' dir='ltr' id='par_1_6' title="bbox 533 681 1786 733">
     <span class='ocr_line' id='line_1_7' title="bbox 533 681 1786 733; baseline 0.003 -11"><span class='ocrx_word' id='word_1_34' title='bbox 533 682 722 733; x_wconf 86' lang='lat' dir='ltr'><strong>Tibique</strong></span> <span class='ocrx_word' id='word_1_35' title='bbox 746 681 956 722; x_wconf 85' lang='lat' dir='ltr'><strong>Pactolus</strong></span> <span class='ocrx_word' id='word_1_36' title='bbox 975 681 1097 731; x_wconf 83' lang='lat' dir='ltr'><strong>fluat,</strong></span> <span class='ocrx_word' id='word_1_37' title='bbox 1729 685 1786 726; x_wconf 76' lang='lat'><strong>20</strong></span> 
     </span>
    </p>
   </div>
   <div class='ocr_carea' id='block_1_5' title="bbox 363 794 1787 920">
    <p class='ocr_par' dir='ltr' id='par_1_7' title="bbox 363 794 1787 920">
     <span class='ocr_line' id='line_1_8' title="bbox 365 794 1787 837; baseline -0.002 -11"><span class='ocrx_word' id='word_1_38' title='bbox 365 796 509 827; x_wconf 82' lang='lat' dir='ltr'><strong>amicum.-</strong></span> <span class='ocrx_word' id='word_1_39' title='bbox 532 798 616 836; x_wconf 77' lang='lat' dir='ltr'><strong>sique</strong></span> <span class='ocrx_word' id='word_1_40' title='bbox 632 801 718 828; x_wconf 71' lang='lat' dir='ltr'><strong>vetus</strong></span> <span class='ocrx_word' id='word_1_41' title='bbox 731 798 816 828; x_wconf 82' lang='lat' dir='ltr'><strong>dolor</strong></span> <span class='ocrx_word' id='word_1_42' title='bbox 829 797 988 837; x_wconf 77' lang='lat' dir='ltr'><strong>corripiat,</strong></span> <span class='ocrx_word' id='word_1_43' title='bbox 1007 806 1073 827; x_wconf 76' lang='lat' dir='ltr'><strong>mea</strong></span> <span class='ocrx_word' id='word_1_44' title='bbox 1085 796 1250 837; x_wconf 79' lang='lat' dir='ltr'><strong>firmitudo</strong></span> <span class='ocrx_word' id='word_1_45' title='bbox 1264 806 1323 828; x_wconf 82' lang='lat' dir='ltr'><strong>non</strong></span> <span class='ocrx_word' id='word_1_46' title='bbox 1337 797 1473 828; x_wconf 72' lang='lat' dir='ltr'><strong>vincetur</strong></span> <span class='ocrx_word' id='word_1_47' title='bbox 1488 799 1540 827; x_wconf 77' lang='lat' dir='ltr'><strong>tua</strong></span> <span class='ocrx_word' id='word_1_48' title='bbox 1561 794 1787 835; x_wconf 76' lang='lat' dir='ltr'><strong>pulchritudine</strong></span> 
     </span>
     <span class='ocr_line' id='line_1_9' title="bbox 363 837 1787 878; baseline -0.001 -11"><span class='ocrx_word' id='word_1_49' title='bbox 363 839 455 868; x_wconf 76' lang='lat' dir='ltr'><strong>semel</strong></span> <span class='ocrx_word' id='word_1_50' title='bbox 470 839 578 869; x_wconf 78' lang='lat' dir='ltr'><strong>inrisa.</strong></span> <span class='ocrx_word' id='word_1_51' title='bbox 625 839 670 869; x_wconf 83' lang='grc' dir='ltr'><strong>Τιι</strong></span> <span class='ocrx_word' id='word_1_52' title='bbox 685 848 753 869; x_wconf 79' lang='lat' dir='ltr'><strong>vero</strong></span> <span class='ocrx_word' id='word_1_53' title='bbox 767 839 904 878; x_wconf 72' lang='lat' dir='ltr'><strong>quisquis</strong></span> <span class='ocrx_word' id='word_1_54' title='bbox 917 847 948 868; x_wconf 78' lang='lat' dir='ltr'><strong>es</strong></span> <span class='ocrx_word' id='word_1_55' title='bbox 963 839 1047 868; x_wconf 82' lang='lat' dir='ltr'><strong>modo</strong></span> <span class='ocrx_word' id='word_1_56' title='bbox 1067 839 1179 877; x_wconf 83' lang='lat' dir='ltr'><strong>potior,</strong></span> <span class='ocrx_word' id='word_1_57' title='bbox 1198 848 1234 868; x_wconf 82' lang='lat' dir='ltr'><strong>uc</strong></span> <span class='ocrx_word' id='word_1_58' title='bbox 1253 848 1316 869; x_wconf 86' lang='lat' dir='ltr'><strong>meo</strong></span> <span class='ocrx_word' id='word_1_59' title='bbox 1329 839 1510 869; x_wconf 73' lang='lat' dir='ltr'><strong>detrimento</strong></span> <span class='ocrx_word' id='word_1_60' title='bbox 1522 837 1591 874; x_wconf 78' lang='lat' dir='ltr'><strong>jam</strong></span> <span class='ocrx_word' id='word_1_61' title='bbox 1603 837 1724 867; x_wconf 63' lang='lat' dir='ltr'><strong>exultas</strong></span> <span class='ocrx_word' id='word_1_62' title='bbox 1735 845 1787 866; x_wconf 78' lang='lat' dir='ltr'><strong>ur-</strong></span> 
     </span>
     <span class='ocr_line' id='line_1_10' title="bbox 364 878 1786 920; baseline -0.001 -12"><span class='ocrx_word' id='word_1_63' title='bbox 364 888 490 919; x_wconf 80' lang='lat' dir='ltr'><em>rogans,</em></span> <span class='ocrx_word' id='word_1_64' title='bbox 505 879 640 920; x_wconf 81' lang='lat' dir='ltr'><strong>quamvis</strong></span> <span class='ocrx_word' id='word_1_65' title='bbox 655 880 760 911; x_wconf 77' lang='lat' dir='ltr'><strong>mullis</strong></span> <span class='ocrx_word' id='word_1_66' title='bbox 771 879 920 919; x_wconf 77' lang='lat' dir='ltr'><strong>gregibus</strong></span> <span class='ocrx_word' id='word_1_67' title='bbox 933 884 963 911; x_wconf 81' lang='lat' dir='ltr'><strong>et</strong></span> <span class='ocrx_word' id='word_1_68' title='bbox 977 880 1065 919; x_wconf 77' lang='lat' dir='ltr'><strong>agris</strong></span> <span class='ocrx_word' id='word_1_69' title='bbox 1078 880 1123 910; x_wconf 74' lang='lat' dir='ltr'><strong>sis</strong></span> <span class='ocrx_word' id='word_1_70' title='bbox 1136 880 1276 920; x_wconf 80' lang='lat' dir='ltr'><strong>locuples,</strong></span> <span class='ocrx_word' id='word_1_71' title='bbox 1292 880 1406 920; x_wconf 77' lang='lat' dir='ltr'><strong>tibique</strong></span> <span class='ocrx_word' id='word_1_72' title='bbox 1419 879 1503 920; x_wconf 80' lang='lat' dir='ltr'><strong>fluat</strong></span> <span class='ocrx_word' id='word_1_73' title='bbox 1521 878 1679 918; x_wconf 67' lang='lat' dir='ltr'><strong>Pactolus,</strong></span> <span class='ocrx_word' id='word_1_74' title='bbox 1694 886 1786 917; x_wconf 78' lang='lat' dir='ltr'><strong>neque</strong></span> 
     </span>
    </p>
   </div>
   <div class='ocr_carea' id='block_1_6' title="bbox 958 973 1189 986">
    <p class='ocr_par' dir='ltr' id='par_1_8' title="bbox 958 973 1189 986">
     <span class='ocr_line' id='line_1_11' title="bbox 958 973 1189 986; baseline 0 0"><span class='ocrx_word' id='word_1_75' title='bbox 958 973 1013 986; x_wconf 61' lang='lat' dir='ltr'><strong>OOC</strong></span> <span class='ocrx_word' id='word_1_76' title='bbox 1018 973 1189 986; x_wconf 62' lang='lat' dir='ltr'><strong>“‘OOmO</strong></span> 
     </span>
    </p>
   </div>
   <div class='ocr_carea' id='block_1_7' title="bbox 356 1034 1790 1698">
    <p class='ocr_par' dir='ltr' id='par_1_9' title="bbox 356 1034 1790 1698">
     <span class='ocr_line' id='line_1_12' title="bbox 366 1034 1786 1077; baseline 0.006 -12"><span class='ocrx_word' id='word_1_77' title='bbox 366 1037 405 1066; x_wconf 87' lang='lat'><strong>15</strong></span> <span class='ocrx_word' id='word_1_78' title='bbox 429 1036 438 1052; x_wconf 93' lang='lat'>‘</span> <span class='ocrx_word' id='word_1_79' title='bbox 451 1036 675 1075; x_wconf 81' lang='lat' dir='ltr'><strong>Corrigendus</strong></span> <span class='ocrx_word' id='word_1_80' title='bbox 691 1041 743 1068; x_wconf 87' lang='lat' dir='ltr'><strong>est</strong></span> <span class='ocrx_word' id='word_1_81' title='bbox 760 1037 863 1075; x_wconf 70' lang='lat' dir='ltr'><strong>locus,</strong></span> <span class='ocrx_word' id='word_1_82' title='bbox 877 1037 1085 1069; x_wconf 80' lang='lat' dir='ltr'><strong>librariorum</strong></span> <span class='ocrx_word' id='word_1_83' title='bbox 1101 1038 1240 1070; x_wconf 84' lang='lat' dir='ltr'><strong>andacia</strong></span> <span class='ocrx_word' id='word_1_84' title='bbox 1256 1042 1291 1070; x_wconf 88' lang='lat' dir='ltr'><strong>et</strong></span> <span class='ocrx_word' id='word_1_85' title='bbox 1305 1038 1493 1077; x_wconf 80' lang='lat' dir='ltr'><strong>ignorantia</strong></span> <span class='ocrx_word' id='word_1_86' title='bbox 1508 1038 1708 1076; x_wconf 57' lang='lat' dir='ltr'><strong>octrumum</strong></span> <span class='ocrx_word' id='word_1_87' title='bbox 1730 1034 1786 1076; x_wconf 72' lang='grc' dir='ltr'><strong>(1οῐ</strong></span> 
     </span>
     <span class='ocr_line' id='line_1_13' title="bbox 356 1077 1786 1119; baseline 0 -13"><span class='ocrx_word' id='word_1_88' title='bbox 356 1077 542 1108; x_wconf 68' lang='lat' dir='ltr'><strong>lectionem</strong></span> <span class='ocrx_word' id='word_1_89' title='bbox 560 1087 668 1108; x_wconf 78' lang='lat' dir='ltr'><strong>veram</strong></span> <span class='ocrx_word' id='word_1_90' title='bbox 691 1078 803 1119; x_wconf 69' lang='lat' dir='ltr'><strong>offensi</strong></span> <span class='ocrx_word' id='word_1_91' title='bbox 825 1079 900 1110; x_wconf 85' lang='lat' dir='ltr'><strong>ideo</strong></span> <span class='ocrx_word' id='word_1_92' title='bbox 916 1080 1149 1118; x_wconf 78' lang='lat' dir='ltr'><strong>immntabant,</strong></span> <span class='ocrx_word' id='word_1_93' title='bbox 1165 1084 1203 1111; x_wconf 90' lang='lat' dir='ltr'><strong>ut</strong></span> <span class='ocrx_word' id='word_1_94' title='bbox 1217 1089 1293 1111; x_wconf 90' lang='lat' dir='ltr'><strong>cum</strong></span> <span class='ocrx_word' id='word_1_95' title='bbox 1308 1080 1432 1117; x_wconf 70' lang='lat' dir='ltr'><strong>former,</strong></span> <span class='ocrx_word' id='word_1_96' title='bbox 1449 1078 1659 1110; x_wconf 83' lang='lat' dir='ltr'><strong>substantivo</strong></span> <span class='ocrx_word' id='word_1_97' title='bbox 1675 1081 1711 1106; x_wconf 87' lang='lat' dir='ltr'><strong>ut</strong></span> <span class='ocrx_word' id='word_1_98' title='bbox 1727 1085 1786 1115; x_wconf 85' lang='lat' dir='ltr'><strong>pu·</strong></span> 
     </span>
     <span class='ocr_line' id='line_1_14' title="bbox 364 1117 1786 1162; baseline -0.001 -14"><span class='ocrx_word' id='word_1_99' title='bbox 364 1117 484 1149; x_wconf 81' lang='lat' dir='ltr'><strong>tabant</strong></span> <span class='ocrx_word' id='word_1_100' title='bbox 501 1129 574 1156; x_wconf 86' lang='lat' dir='ltr'><strong>suo,</strong></span> <span class='ocrx_word' id='word_1_101' title='bbox 591 1129 715 1159; x_wconf 84' lang='lat' dir='ltr'><strong>genere</strong></span> <span class='ocrx_word' id='word_1_102' title='bbox 731 1126 765 1151; x_wconf 86' lang='lat' dir='ltr'><strong>et</strong></span> <span class='ocrx_word' id='word_1_103' title='bbox 779 1130 858 1151; x_wconf 84' lang='lat' dir='ltr'><strong>casu</strong></span> <span class='ocrx_word' id='word_1_104' title='bbox 874 1121 1079 1153; x_wconf 85' lang='lat' dir='ltr'><strong>conveniret.</strong></span> <span class='ocrx_word' id='word_1_105' title='bbox 1121 1121 1161 1152; x_wconf 90' lang='lat' dir='ltr'><strong>Id</strong></span> <span class='ocrx_word' id='word_1_106' title='bbox 1179 1121 1268 1162; x_wconf 88' lang='lat' dir='ltr'><strong>quod</strong></span> <span class='ocrx_word' id='word_1_107' title='bbox 1284 1122 1473 1152; x_wconf 79' lang='lat' dir='ltr'><strong>sexcenties</strong></span> <span class='ocrx_word' id='word_1_108' title='bbox 1488 1121 1527 1151; x_wconf 80' lang='lat' dir='ltr'><strong>iis</strong></span> <span class='ocrx_word' id='word_1_109' title='bbox 1543 1120 1628 1150; x_wconf 86' lang='lat' dir='ltr'><strong>male</strong></span> <span class='ocrx_word' id='word_1_110' title='bbox 1644 1117 1786 1148; x_wconf 75' lang='lat' dir='ltr'><strong>cessisse</strong></span> 
     </span>
     <span class='ocr_line' id='line_1_15' title="bbox 363 1159 1788 1201; baseline 0.001 -13"><span class='ocrx_word' id='word_1_111' title='bbox 363 1159 490 1198; x_wconf 86' lang='lat' dir='ltr'><strong>sciunt,</strong></span> <span class='ocrx_word' id='word_1_112' title='bbox 513 1161 566 1200; x_wconf 87' lang='lat' dir='ltr'><strong>qui</strong></span> <span class='ocrx_word' id='word_1_113' title='bbox 591 1161 800 1192; x_wconf 83' lang='lat' dir='ltr'><strong>membranas</strong></span> <span class='ocrx_word' id='word_1_114' title='bbox 823 1167 956 1193; x_wconf 77' lang='lat' dir='ltr'><strong>veteres</strong></span> <span class='ocrx_word' id='word_1_115' title='bbox 979 1163 1128 1194; x_wconf 82' lang='lat' dir='ltr'><strong>manibus</strong></span> <span class='ocrx_word' id='word_1_116' title='bbox 1150 1167 1347 1193; x_wconf 75' lang='lat' dir='ltr'><strong>versatum:</strong></span> <span class='ocrx_word' id='word_1_117' title='bbox 1375 1163 1440 1193; x_wconf 79' lang='lat' dir='ltr'><strong>Nec</strong></span> <span class='ocrx_word' id='word_1_118' title='bbox 1460 1163 1551 1192; x_wconf 73' lang='lat' dir='ltr'><strong>semel</strong></span> <span class='ocrx_word' id='word_1_119' title='bbox 1571 1159 1682 1201; x_wconf 72' lang='lat' dir='ltr'><strong>offensi</strong></span> <span class='ocrx_word' id='word_1_120' title='bbox 1703 1159 1788 1189; x_wconf 80' lang='lat' dir='ltr'><strong>cedet</strong></span> 
     </span>
     <span class='ocr_line' id='line_1_16' title="bbox 363 1201 1789 1243; baseline 0 -13"><span class='ocrx_word' id='word_1_121' title='bbox 363 1202 536 1232; x_wconf 76' lang='lat' dir='ltr'><strong>constantia</strong></span> <span class='ocrx_word' id='word_1_122' title='bbox 550 1201 677 1241; x_wconf 83' lang='lat' dir='ltr'><strong>formoe,</strong></span> <span class='ocrx_word' id='word_1_123' title='bbox 699 1203 736 1233; x_wconf 85' lang='lat' dir='ltr'><strong>Si</strong></span> <span class='ocrx_word' id='word_1_124' title='bbox 755 1206 856 1234; x_wconf 75' lang='lat' dir='ltr'><strong>certus</strong></span> <span class='ocrx_word' id='word_1_125' title='bbox 870 1203 998 1234; x_wconf 77' lang='lat' dir='ltr'><strong>intrarit</strong></span> <span class='ocrx_word' id='word_1_126' title='bbox 1010 1204 1106 1234; x_wconf 83' lang='lat' dir='ltr'><strong>dolor.</strong></span> <span class='ocrx_word' id='word_1_127' title='bbox 1147 1203 1333 1243; x_wconf 84' lang='lat' dir='ltr'><strong>Perspicua</strong></span> <span class='ocrx_word' id='word_1_128' title='bbox 1348 1203 1534 1240; x_wconf 54' lang='lat' dir='ltr'><strong>sententian</strong></span> <span class='ocrx_word' id='word_1_129' title='bbox 1558 1210 1621 1232; x_wconf 87' lang='lat' dir='ltr'><strong>nec</strong></span> <span class='ocrx_word' id='word_1_130' title='bbox 1635 1203 1789 1238; x_wconf 72' lang='lat' dir='ltr'><strong>constan·</strong></span> 
     </span>
     <span class='ocr_line' id='line_1_17' title="bbox 364 1241 1788 1284; baseline -0.001 -12"><span class='ocrx_word' id='word_1_131' title='bbox 364 1242 412 1272; x_wconf 82' lang='lat' dir='ltr'><strong>tia</strong></span> <span class='ocrx_word' id='word_1_132' title='bbox 433 1243 497 1273; x_wconf 88' lang='lat' dir='ltr'><strong>mei</strong></span> <span class='ocrx_word' id='word_1_133' title='bbox 520 1245 622 1274; x_wconf 81' lang='lat' dir='ltr'><strong>semel</strong></span> <span class='ocrx_word' id='word_1_134' title='bbox 638 1245 705 1274; x_wconf 68' lang='grc' dir='ltr'><strong>[αεὶ</strong></span> <span class='ocrx_word' id='word_1_135' title='bbox 719 1249 750 1276; x_wconf 80' lang='lat' dir='ltr'><strong>et</strong></span> <span class='ocrx_word' id='word_1_136' title='bbox 764 1245 842 1276; x_wconf 80' lang='lat' dir='ltr'><strong>irati</strong></span> <span class='ocrx_word' id='word_1_137' title='bbox 856 1245 957 1276; x_wconf 88' lang='lat' dir='ltr'><strong>cedet</strong></span> <span class='ocrx_word' id='word_1_138' title='bbox 979 1244 1094 1276; x_wconf 83' lang='lat' dir='ltr'><strong>formae</strong></span> <span class='ocrx_word' id='word_1_139' title='bbox 1110 1249 1191 1284; x_wconf 79' lang='lat' dir='ltr'><strong>tuae,</strong></span> <span class='ocrx_word' id='word_1_140' title='bbox 1206 1245 1263 1276; x_wconf 89' lang='lat' dir='ltr'><strong>ubi</strong></span> <span class='ocrx_word' id='word_1_141' title='bbox 1281 1254 1359 1275; x_wconf 90' lang='lat' dir='ltr'><strong>vere</strong></span> <span class='ocrx_word' id='word_1_142' title='bbox 1382 1243 1566 1274; x_wconf 83' lang='lat' dir='ltr'><strong>indoluero.</strong></span> <span class='ocrx_word' id='word_1_143' title='bbox 1610 1241 1788 1282; x_wconf 79' lang='lat' dir='ltr'><strong>Nunquam</strong></span> 
     </span>
     <span class='ocr_line' id='line_1_18' title="bbox 363 1283 1789 1326; baseline -0.001 -13"><span class='ocrx_word' id='word_1_144' title='bbox 363 1283 430 1314; x_wconf 83' lang='lat' dir='ltr'><strong>alio</strong></span> <span class='ocrx_word' id='word_1_145' title='bbox 446 1293 544 1315; x_wconf 89' lang='lat' dir='ltr'><strong>sensu</strong></span> <span class='ocrx_word' id='word_1_146' title='bbox 562 1285 758 1316; x_wconf 84' lang='lat' dir='ltr'><strong>vocabulum</strong></span> <span class='ocrx_word' id='word_1_147' title='bbox 774 1286 836 1317; x_wconf 86' lang='lat' dir='ltr'><strong>hoc</strong></span> <span class='ocrx_word' id='word_1_148' title='bbox 852 1287 978 1318; x_wconf 85' lang='lat' dir='ltr'><strong>Noster</strong></span> <span class='ocrx_word' id='word_1_149' title='bbox 993 1292 1150 1326; x_wconf 85' lang='lat' dir='ltr'><strong>usurpat;</strong></span> <span class='ocrx_word' id='word_1_150' title='bbox 1174 1291 1210 1318; x_wconf 91' lang='lat' dir='ltr'><strong>ut</strong></span> <span class='ocrx_word' id='word_1_151' title='bbox 1226 1295 1301 1317; x_wconf 85' lang='lat' dir='ltr'><strong>mox</strong></span> <span class='ocrx_word' id='word_1_152' title='bbox 1317 1286 1425 1326; x_wconf 89' lang='lat' dir='ltr'><strong>Epod.</strong></span> <span class='ocrx_word' id='word_1_153' title='bbox 1439 1293 1528 1316; x_wconf 82' lang='lat' dir='ltr'><strong>xvn.</strong></span> <span class='ocrx_word' id='word_1_154' title='bbox 1543 1286 1596 1315; x_wconf 76' lang='lat'><strong>42.</strong></span> <span class='ocrx_word' id='word_1_155' title='bbox 1619 1291 1661 1314; x_wconf 82' lang='grc' dir='ltr'><strong>ιι.</strong></span> <span class='ocrx_word' id='word_1_156' title='bbox 1672 1283 1742 1314; x_wconf 84' lang='lat' dir='ltr'><strong>Sat.</strong></span> <span class='ocrx_word' id='word_1_157' title='bbox 1758 1284 1789 1313; x_wconf 88' lang='grc'><strong>1.</strong></span> 
     </span>
     <span class='ocr_line' id='line_1_19' title="bbox 363 1323 1787 1366; baseline -0.001 -11"><span class='ocrx_word' id='word_1_158' title='bbox 363 1327 417 1355; x_wconf 82' lang='grc'><strong>67.</strong></span> <span class='ocrx_word' id='word_1_159' title='bbox 441 1331 475 1356; x_wconf 82' lang='lat' dir='ltr'><strong>et</strong></span> <span class='ocrx_word' id='word_1_160' title='bbox 493 1335 519 1357; x_wconf 89' lang='lat'><strong>1.</strong></span> <span class='ocrx_word' id='word_1_161' title='bbox 537 1327 646 1366; x_wconf 80' lang='lat' dir='ltr'><strong>Epist.</strong></span> <span class='ocrx_word' id='word_1_162' title='bbox 658 1330 690 1358; x_wconf 87' lang='grc'><strong>7.</strong></span> <span class='ocrx_word' id='word_1_163' title='bbox 707 1327 772 1358; x_wconf 83' lang='grc'><strong>88.’</strong></span> <span class='ocrx_word' id='word_1_164' title='bbox 793 1329 986 1359; x_wconf 58' lang='lat' dir='ltr'><strong>Reum-17</strong></span> <span class='ocrx_word' id='word_1_165' title='bbox 1008 1329 1018 1346; x_wconf 89' lang='lat'><em>‘</em></span> <span class='ocrx_word' id='word_1_166' title='bbox 1033 1329 1116 1358; x_wconf 89' lang='lat' dir='ltr'><strong>Cum</strong></span> <span class='ocrx_word' id='word_1_167' title='bbox 1133 1332 1167 1358; x_wconf 85' lang='lat' dir='ltr'><strong>et</strong></span> <span class='ocrx_word' id='word_1_168' title='bbox 1185 1333 1315 1358; x_wconf 84' lang='lat' dir='ltr'><strong>veteres</strong></span> <span class='ocrx_word' id='word_1_169' title='bbox 1330 1327 1509 1361; x_wconf 85' lang='lat' dir='ltr'><strong>editiones.</strong></span> <span class='ocrx_word' id='word_1_170' title='bbox 1528 1329 1564 1356; x_wconf 86' lang='lat' dir='ltr'><strong>et</strong></span> <span class='ocrx_word' id='word_1_171' title='bbox 1585 1323 1787 1355; x_wconf 80' lang='lat' dir='ltr'><strong>membranae</strong></span> 
     </span>
     <span class='ocr_line' id='line_1_20' title="bbox 362 1365 1788 1408; baseline -0.001 -13"><span class='ocrx_word' id='word_1_172' title='bbox 362 1366 505 1396; x_wconf 84' lang='lat' dir='ltr'><strong>aliorum</strong></span> <span class='ocrx_word' id='word_1_173' title='bbox 528 1377 567 1398; x_wconf 79' lang='lat' dir='ltr'><strong>ac</strong></span> <span class='ocrx_word' id='word_1_174' title='bbox 591 1377 674 1398; x_wconf 81' lang='lat' dir='ltr'><strong>meae</strong></span> <span class='ocrx_word' id='word_1_175' title='bbox 696 1378 811 1400; x_wconf 85' lang='lat' dir='ltr'><strong>omnes</strong></span> <span class='ocrx_word' id='word_1_176' title='bbox 835 1373 959 1408; x_wconf 74' lang='lat' dir='ltr'><strong>praeter</strong></span> <span class='ocrx_word' id='word_1_177' title='bbox 982 1378 1079 1399; x_wconf 83' lang='lat' dir='ltr'><strong>unam</strong></span> <span class='ocrx_word' id='word_1_178' title='bbox 1100 1377 1144 1399; x_wconf 84' lang='lat' dir='ltr'><strong>ex</strong></span> <span class='ocrx_word' id='word_1_179' title='bbox 1163 1368 1405 1399; x_wconf 81' lang='lat' dir='ltr'><strong>recentioribus</strong></span> <span class='ocrx_word' id='word_1_180' title='bbox 1422 1369 1464 1398; x_wconf 79' lang='lat' dir='ltr'><strong>El</strong></span> <span class='ocrx_word' id='word_1_181' title='bbox 1481 1371 1516 1397; x_wconf 85' lang='grc' dir='ltr'><strong>ιιι</strong></span> <span class='ocrx_word' id='word_1_182' title='bbox 1530 1367 1582 1397; x_wconf 86' lang='lat' dir='ltr'><strong>hic</strong></span> <span class='ocrx_word' id='word_1_183' title='bbox 1596 1365 1788 1403; x_wconf 78' lang='lat' dir='ltr'><strong>exhibeant,</strong></span> 
     </span>
     <span class='ocr_line' id='line_1_21' title="bbox 364 1407 1790 1449; baseline -0.001 -13"><span class='ocrx_word' id='word_1_184' title='bbox 364 1407 477 1445; x_wconf 88' lang='lat' dir='ltr'><strong>placet</strong></span> <span class='ocrx_word' id='word_1_185' title='bbox 491 1408 544 1437; x_wconf 83' lang='lat' dir='ltr'><strong>hic</strong></span> <span class='ocrx_word' id='word_1_186' title='bbox 560 1410 730 1448; x_wconf 84' lang='lat' dir='ltr'><strong>antiquam</strong></span> <span class='ocrx_word' id='word_1_187' title='bbox 747 1410 924 1440; x_wconf 80' lang='lat' dir='ltr'><strong>lectionem</strong></span> <span class='ocrx_word' id='word_1_188' title='bbox 941 1410 1096 1440; x_wconf 83' lang='lat' dir='ltr'><strong>retinere.</strong></span> <span class='ocrx_word' id='word_1_189' title='bbox 1139 1410 1184 1439; x_wconf 81' lang='lat' dir='ltr'><strong>Et</strong></span> <span class='ocrx_word' id='word_1_190' title='bbox 1200 1413 1245 1445; x_wconf 78' lang='lat' dir='ltr'><strong>tu,</strong></span> <span class='ocrx_word' id='word_1_191' title='bbox 1260 1409 1360 1440; x_wconf 82' lang='lat' dir='ltr'><strong>etiam</strong></span> <span class='ocrx_word' id='word_1_192' title='bbox 1375 1414 1422 1447; x_wconf 80' lang='lat' dir='ltr'><strong>tu,</strong></span> <span class='ocrx_word' id='word_1_193' title='bbox 1434 1409 1632 1449; x_wconf 78' lang='lat' dir='ltr'><strong>quicumque</strong></span> <span class='ocrx_word' id='word_1_194' title='bbox 1647 1415 1695 1442; x_wconf 80' lang='lat' dir='ltr'><strong>es,</strong></span> <span class='ocrx_word' id='word_1_195' title='bbox 1711 1415 1790 1436; x_wconf 85' lang='lat' dir='ltr'><strong>moe-</strong></span> 
     </span>
     <span class='ocr_line' id='line_1_22' title="bbox 363 1446 1786 1490; baseline 0.001 -13"><span class='ocrx_word' id='word_1_196' title='bbox 363 1447 453 1478; x_wconf 83' lang='lat' dir='ltr'><strong>rebis</strong></span> <span class='ocrx_word' id='word_1_197' title='bbox 471 1458 598 1479; x_wconf 84' lang='lat' dir='ltr'><strong>amores</strong></span> <span class='ocrx_word' id='word_1_198' title='bbox 613 1450 677 1480; x_wconf 83' lang='lat' dir='ltr'><strong>alio</strong></span> <span class='ocrx_word' id='word_1_199' title='bbox 695 1451 888 1488; x_wconf 78' lang='lat' dir='ltr'><strong>translatos,</strong></span> <span class='ocrx_word' id='word_1_200' title='bbox 904 1450 1028 1490; x_wconf 79' lang='lat' dir='ltr'><strong>pariter</strong></span> <span class='ocrx_word' id='word_1_201' title='bbox 1045 1455 1145 1490; x_wconf 78' lang='lat' dir='ltr'><strong>atque</strong></span> <span class='ocrx_word' id='word_1_202' title='bbox 1161 1459 1223 1489; x_wconf 85' lang='lat' dir='ltr'><strong>ego</strong></span> <span class='ocrx_word' id='word_1_203' title='bbox 1239 1459 1326 1480; x_wconf 78' lang='lat' dir='ltr'><strong>nunc</strong></span> <span class='ocrx_word' id='word_1_204' title='bbox 1339 1459 1473 1480; x_wconf 85' lang='lat' dir='ltr'><strong>moereo.</strong></span> <span class='ocrx_word' id='word_1_205' title='bbox 1508 1449 1563 1480; x_wconf 90' lang='lat' dir='ltr'><strong>Sic</strong></span> <span class='ocrx_word' id='word_1_206' title='bbox 1577 1446 1666 1478; x_wconf 82' lang='lat' dir='ltr'><strong>infra</strong></span> <span class='ocrx_word' id='word_1_207' title='bbox 1678 1446 1786 1486; x_wconf 87' lang='lat' dir='ltr'><strong>Epod.</strong></span> 
     </span>
     <span class='ocr_line' id='line_1_23' title="bbox 363 1488 1788 1531; baseline -0.001 -12"><span class='ocrx_word' id='word_1_208' title='bbox 363 1497 455 1520; x_wconf 82' lang='lat' dir='ltr'><strong>xvu.</strong></span> <span class='ocrx_word' id='word_1_209' title='bbox 467 1492 520 1520; x_wconf 75' lang='lat'><strong>45.</strong></span> <span class='ocrx_word' id='word_1_210' title='bbox 537 1495 544 1507; x_wconf 80' lang='lat'><em>¹</em></span> <span class='ocrx_word' id='word_1_211' title='bbox 557 1491 600 1521; x_wconf 87' lang='lat' dir='ltr'><strong>Et</strong></span> <span class='ocrx_word' id='word_1_212' title='bbox 614 1495 649 1521; x_wconf 86' lang='lat' dir='ltr'><strong>tu</strong></span> <span class='ocrx_word' id='word_1_213' title='bbox 662 1492 777 1530; x_wconf 87' lang='lat' dir='ltr'><strong>(potes</strong></span> <span class='ocrx_word' id='word_1_214' title='bbox 790 1492 884 1531; x_wconf 88' lang='lat' dir='ltr'><strong>nam)</strong></span> <span class='ocrx_word' id='word_1_215' title='bbox 898 1492 989 1522; x_wconf 81' lang='lat' dir='ltr'><strong>solve</strong></span> <span class='ocrx_word' id='word_1_216' title='bbox 1005 1501 1056 1522; x_wconf 90' lang='lat' dir='ltr'><strong>me</strong></span> <span class='ocrx_word' id='word_1_217' title='bbox 1071 1491 1263 1522; x_wconf 69' lang='lat' dir='ltr'><strong>dementia!</strong></span> <span class='ocrx_word' id='word_1_218' title='bbox 1276 1491 1284 1505; x_wconf 88' lang='lat'><strong><em>’</em></strong></span> <span class='ocrx_word' id='word_1_219' title='bbox 1296 1492 1401 1522; x_wconf 80' lang='lat' dir='ltr'><strong>Bentl.</strong></span> <span class='ocrx_word' id='word_1_220' title='bbox 1432 1490 1477 1521; x_wconf 77' lang='lat' dir='ltr'><strong>At</strong></span> <span class='ocrx_word' id='word_1_221' title='bbox 1492 1494 1528 1521; x_wconf 79' lang='grc' dir='ltr'><strong>ιιι</strong></span> <span class='ocrx_word' id='word_1_222' title='bbox 1542 1494 1679 1520; x_wconf 83' lang='lat' dir='ltr'><strong>servant</strong></span> <span class='ocrx_word' id='word_1_223' title='bbox 1690 1488 1788 1519; x_wconf 83' lang='lat' dir='ltr'><strong>Harl.</strong></span> 
     </span>
     <span class='ocr_line' id='line_1_24' title="bbox 363 1529 1788 1564; baseline -0.001 -4"><span class='ocrx_word' id='word_1_224' title='bbox 363 1533 394 1560; x_wconf 84' lang='lat'><strong>6.</strong></span> <span class='ocrx_word' id='word_1_225' title='bbox 419 1531 521 1562; x_wconf 71' lang='lat' dir='ltr'><strong>Mart.</strong></span> <span class='ocrx_word' id='word_1_226' title='bbox 539 1532 620 1562; x_wconf 86' lang='lat' dir='ltr'><strong>Silv.</strong></span> <span class='ocrx_word' id='word_1_227' title='bbox 643 1533 722 1562; x_wconf 88' lang='lat' dir='ltr'><strong>Div.</strong></span> <span class='ocrx_word' id='word_1_228' title='bbox 749 1533 847 1564; x_wconf 71' lang='lat' dir='ltr'><strong>Gott.</strong></span> <span class='ocrx_word' id='word_1_229' title='bbox 871 1533 986 1564; x_wconf 85' lang='lat' dir='ltr'><strong>Zarot.</strong></span> <span class='ocrx_word' id='word_1_230' title='bbox 1013 1533 1154 1564; x_wconf 84' lang='lat' dir='ltr'><strong>Mediol.</strong></span> <span class='ocrx_word' id='word_1_231' title='bbox 1175 1535 1268 1564; x_wconf 72' lang='grc'>1477.</span> <span class='ocrx_word' id='word_1_232' title='bbox 1286 1535 1379 1563; x_wconf 75' lang='grc'>1486.</span> <span class='ocrx_word' id='word_1_233' title='bbox 1403 1533 1544 1562; x_wconf 70' lang='lat' dir='ltr'><strong>Veneit.</strong></span> <span class='ocrx_word' id='word_1_234' title='bbox 1565 1530 1645 1561; x_wconf 79' lang='lat' dir='ltr'><strong>Vet.</strong></span> <span class='ocrx_word' id='word_1_235' title='bbox 1668 1529 1788 1561; x_wconf 82' lang='lat' dir='ltr'><strong>eomb.</strong></span> 
     </span>
     <span class='ocr_line' id='line_1_25' title="bbox 361 1570 1788 1612; baseline -0.001 -11"><span class='ocrx_word' id='word_1_236' title='bbox 361 1570 588 1612; x_wconf 85' lang='lat' dir='ltr'><strong>Ald.·Gryph.</strong></span> <span class='ocrx_word' id='word_1_237' title='bbox 603 1573 879 1604; x_wconf 56' lang='lat' dir='ltr'><strong>[mammone-m.</strong></span> <span class='ocrx_word' id='word_1_238' title='bbox 896 1574 1013 1605; x_wconf 84' lang='lat' dir='ltr'><strong>Heins.</strong></span> <span class='ocrx_word' id='word_1_239' title='bbox 1029 1575 1145 1605; x_wconf 86' lang='lat' dir='ltr'><strong>Burm.</strong></span> <span class='ocrx_word' id='word_1_240' title='bbox 1158 1574 1267 1604; x_wconf 87' lang='lat' dir='ltr'><strong>Bond.</strong></span> <span class='ocrx_word' id='word_1_241' title='bbox 1286 1573 1454 1603; x_wconf 86' lang='lat' dir='ltr'><strong>Schrevel.</strong></span> <span class='ocrx_word' id='word_1_242' title='bbox 1465 1571 1589 1611; x_wconf 83' lang='lat' dir='ltr'><strong>Delph.</strong></span> <span class='ocrx_word' id='word_1_243' title='bbox 1606 1571 1788 1602; x_wconf 62' lang='lat' dir='ltr'><strong>Baxtxrai-</strong></span> 
     </span>
     <span class='ocr_line' id='line_1_26' title="bbox 366 1612 1788 1655; baseline 0.001 -14"><span class='ocrx_word' id='word_1_244' title='bbox 366 1612 437 1642; x_wconf 86' lang='lat' dir='ltr'><strong>bot.</strong></span> <span class='ocrx_word' id='word_1_245' title='bbox 460 1613 557 1651; x_wconf 77' lang='lat' dir='ltr'><strong>Piae,</strong></span> <span class='ocrx_word' id='word_1_246' title='bbox 582 1614 686 1645; x_wconf 85' lang='lat' dir='ltr'><strong>Gesn.</strong></span> <span class='ocrx_word' id='word_1_247' title='bbox 709 1615 814 1644; x_wconf 84' lang='lat' dir='ltr'><strong>Zeun.</strong></span> <span class='ocrx_word' id='word_1_248' title='bbox 835 1615 974 1655; x_wconf 79' lang='lat' dir='ltr'><strong>Bipont.</strong></span> <span class='ocrx_word' id='word_1_249' title='bbox 999 1616 1148 1651; x_wconf 82' lang='lat' dir='ltr'><strong>Francis,</strong></span> <span class='ocrx_word' id='word_1_250' title='bbox 1164 1615 1301 1646; x_wconf 82' lang='lat' dir='ltr'><strong>Mitsch.</strong></span> <span class='ocrx_word' id='word_1_251' title='bbox 1319 1614 1459 1644; x_wconf 83' lang='lat' dir='ltr'><strong>Wetzel.</strong></span> <span class='ocrx_word' id='word_1_252' title='bbox 1474 1617 1510 1644; x_wconf 87' lang='lat' dir='ltr'><strong>et</strong></span> <span class='ocrx_word' id='word_1_253' title='bbox 1525 1612 1643 1644; x_wconf 85' lang='lat' dir='ltr'><strong>Comb.</strong></span> <span class='ocrx_word' id='word_1_254' title='bbox 1690 1613 1732 1643; x_wconf 73' lang='lat' dir='ltr'><strong>Et</strong></span> <span class='ocrx_word' id='word_1_255' title='bbox 1753 1614 1788 1642; x_wconf 73' lang='lat' dir='ltr'><strong>tu</strong></span> 
     </span>
     <span class='ocr_line' id='line_1_27' title="bbox 364 1651 1789 1698; baseline -0.001 -13"><span class='ocrx_word' id='word_1_256' title='bbox 364 1652 462 1685; x_wconf 85' lang='lat' dir='ltr'><strong>Harl.</strong></span> <span class='ocrx_word' id='word_1_257' title='bbox 479 1657 508 1685; x_wconf 92' lang='lat'><strong>1.</strong></span> <span class='ocrx_word' id='word_1_258' title='bbox 524 1657 554 1686; x_wconf 83' lang='lat'><strong>2.</strong></span> <span class='ocrx_word' id='word_1_259' title='bbox 569 1657 600 1687; x_wconf 80' lang='lat'><strong>3.</strong></span> <span class='ocrx_word' id='word_1_260' title='bbox 615 1658 645 1686; x_wconf 81' lang='grc'><strong>4.</strong></span> <span class='ocrx_word' id='word_1_261' title='bbox 671 1664 785 1686; x_wconf 86' lang='lat' dir='ltr'><strong>omnes</strong></span> <span class='ocrx_word' id='word_1_262' title='bbox 803 1655 875 1687; x_wconf 86' lang='lat' dir='ltr'><strong>fere</strong></span> <span class='ocrx_word' id='word_1_263' title='bbox 891 1656 990 1688; x_wconf 90' lang='lat' dir='ltr'><strong>codd.</strong></span> <span class='ocrx_word' id='word_1_264' title='bbox 1005 1656 1188 1692; x_wconf 84' lang='lat' dir='ltr'><strong>Torrentii,</strong></span> <span class='ocrx_word' id='word_1_265' title='bbox 1204 1661 1343 1698; x_wconf 85' lang='lat' dir='ltr'><strong>quatuor</strong></span> <span class='ocrx_word' id='word_1_266' title='bbox 1365 1654 1510 1686; x_wconf 86' lang='lat' dir='ltr'><strong>Blandd.</strong></span> <span class='ocrx_word' id='word_1_267' title='bbox 1531 1652 1686 1695; x_wconf 82' lang='lat' dir='ltr'><strong>cruquii,</strong></span> <span class='ocrx_word' id='word_1_268' title='bbox 1707 1651 1789 1684; x_wconf 79' lang='lat' dir='ltr'><strong>Acr·</strong></span> 
     </span>
    </p>
   </div>
   <div class='ocr_carea' id='block_1_8' title="bbox 1014 1753 1152 1785">
    <p class='ocr_par' dir='ltr' id='par_1_10' title="bbox 1014 1753 1152 1785">
     <span class='ocr_line' id='line_1_28' title="bbox 1014 1753 1152 1785; baseline -0.007 0"><span class='ocrx_word' id='word_1_269' title='bbox 1014 1753 1152 1785; x_wconf 82' lang='lat' dir='ltr'><strong>No&#39;rAE</strong></span> 
     </span>
    </p>
   </div>
   <div class='ocr_carea' id='block_1_9' title="bbox 359 1808 1051 2778">
    <p class='ocr_par' dir='ltr' id='par_1_11' title="bbox 362 1808 986 1852">
     <span class='ocr_line' id='line_1_29' title="bbox 362 1808 986 1852; baseline 0.01 -11"><span class='ocrx_word' id='word_1_270' title='bbox 362 1808 424 1842; x_wconf 80' lang='lat' dir='ltr'><strong>das</strong></span> <span class='ocrx_word' id='word_1_271' title='bbox 440 1821 538 1852; x_wconf 85' lang='lat' dir='ltr'><strong>qnam</strong></span> <span class='ocrx_word' id='word_1_272' title='bbox 552 1813 630 1844; x_wconf 89' lang='lat' dir='ltr'><strong>mihi</strong></span> <span class='ocrx_word' id='word_1_273' title='bbox 645 1814 767 1845; x_wconf 82' lang='lat' dir='ltr'><strong>amoris</strong></span> <span class='ocrx_word' id='word_1_274' title='bbox 783 1815 986 1847; x_wconf 83' lang='lat' dir='ltr'><strong>testimonia.</strong></span> 
     </span>
    </p>

    <p class='ocr_par' dir='ltr' id='par_1_12' title="bbox 365 1861 1050 1940">
     <span class='ocr_line' id='line_1_30' title="bbox 405 1861 1050 1904; baseline 0.008 -14"><span class='ocrx_word' id='word_1_275' title='bbox 405 1862 444 1891; x_wconf 78' lang='lat'><strong>14</strong></span> <span class='ocrx_word' id='word_1_276' title='bbox 467 1861 596 1900; x_wconf 83' lang='lat' dir='ltr'><strong>Parem]</strong></span> <span class='ocrx_word' id='word_1_277' title='bbox 620 1863 704 1895; x_wconf 84' lang='lat' dir='ltr'><strong>Quae</strong></span> <span class='ocrx_word' id='word_1_278' title='bbox 731 1864 932 1904; x_wconf 74' lang='lat' dir='ltr'><strong>respondeat</strong></span> <span class='ocrx_word' id='word_1_279' title='bbox 947 1865 1050 1895; x_wconf 83' lang='lat' dir='ltr'><strong>amori</strong></span> 
     </span>
     <span class='ocr_line' id='line_1_31' title="bbox 365 1916 451 1940; baseline 0.023 -2"><span class='ocrx_word' id='word_1_280' title='bbox 365 1916 451 1940; x_wconf 87' lang='lat' dir='ltr'><strong>meo.</strong></span> 
     </span>
    </p>

    <p class='ocr_par' dir='ltr' id='par_1_13' title="bbox 359 1956 1048 2086">
     <span class='ocr_line' id='line_1_32' title="bbox 405 1956 1048 1999; baseline 0.008 -13"><span class='ocrx_word' id='word_1_281' title='bbox 405 1958 443 1986; x_wconf 86' lang='lat'><strong>15</strong></span> <span class='ocrx_word' id='word_1_282' title='bbox 467 1956 568 1987; x_wconf 84' lang='lat' dir='ltr'><strong>Semel</strong></span> <span class='ocrx_word' id='word_1_283' title='bbox 578 1957 716 1999; x_wconf 69' lang='lat' dir='ltr'><strong>offen-sce]</strong></span> <span class='ocrx_word' id='word_1_284' title='bbox 730 1960 815 1991; x_wconf 78' lang='lat' dir='ltr'><strong>Quae</strong></span> <span class='ocrx_word' id='word_1_285' title='bbox 829 1960 931 1990; x_wconf 82' lang='lat' dir='ltr'><strong>semel</strong></span> <span class='ocrx_word' id='word_1_286' title='bbox 945 1959 1048 1991; x_wconf 86' lang='lat' dir='ltr'><strong>offen-</strong></span> 
     </span>
     <span class='ocr_line' id='line_1_33' title="bbox 362 2004 1048 2046; baseline 0.01 -12"><span class='ocrx_word' id='word_1_287' title='bbox 362 2004 452 2035; x_wconf 85' lang='lat' dir='ltr'><strong>derit</strong></span> <span class='ocrx_word' id='word_1_288' title='bbox 468 2014 532 2046; x_wconf 83' lang='lat' dir='ltr'><strong>me,</strong></span> <span class='ocrx_word' id='word_1_289' title='bbox 552 2008 604 2038; x_wconf 86' lang='lat' dir='ltr'><strong>vel</strong></span> <span class='ocrx_word' id='word_1_290' title='bbox 620 2009 672 2038; x_wconf 86' lang='lat' dir='ltr'><strong>cui</strong></span> <span class='ocrx_word' id='word_1_291' title='bbox 683 2009 786 2039; x_wconf 84' lang='lat' dir='ltr'><strong>semel</strong></span> <span class='ocrx_word' id='word_1_292' title='bbox 797 2008 942 2040; x_wconf 86' lang='lat' dir='ltr'><strong>offensus</strong></span> <span class='ocrx_word' id='word_1_293' title='bbox 954 2009 1048 2042; x_wconf 85' lang='lat' dir='ltr'><strong>fuero</strong></span> 
     </span>
     <span class='ocr_line' id='line_1_34' title="bbox 359 2053 532 2086; baseline 0 0"><span class='ocrx_word' id='word_1_294' title='bbox 359 2057 399 2086; x_wconf 75' lang='lat' dir='ltr'><strong>et</strong></span> <span class='ocrx_word' id='word_1_295' title='bbox 415 2053 532 2086; x_wconf 83' lang='lat' dir='ltr'><strong>iratus.</strong></span> 
     </span>
    </p>

    <p class='ocr_par' dir='ltr' id='par_1_14' title="bbox 360 2103 1051 2534">
     <span class='ocr_line' id='line_1_35' title="bbox 405 2103 1049 2148; baseline 0.011 -15"><span class='ocrx_word' id='word_1_296' title='bbox 405 2105 445 2134; x_wconf 84' lang='lat'><strong>16</strong></span> <span class='ocrx_word' id='word_1_297' title='bbox 467 2103 504 2134; x_wconf 82' lang='lat' dir='ltr'><strong>Si</strong></span> <span class='ocrx_word' id='word_1_298' title='bbox 515 2107 615 2135; x_wconf 72' lang='lat' dir='ltr'><strong>certus</strong></span> <span class='ocrx_word' id='word_1_299' title='bbox 629 2105 757 2138; x_wconf 74' lang='lat' dir='ltr'><strong>intrarit</strong></span> <span class='ocrx_word' id='word_1_300' title='bbox 769 2107 870 2147; x_wconf 83' lang='lat' dir='ltr'><strong>dolor]</strong></span> <span class='ocrx_word' id='word_1_301' title='bbox 894 2107 933 2138; x_wconf 87' lang='lat' dir='ltr'><strong>Id</strong></span> <span class='ocrx_word' id='word_1_302' title='bbox 951 2109 1049 2148; x_wconf 86' lang='lat' dir='ltr'><strong>vulgo</strong></span> 
     </span>
     <span class='ocr_line' id='line_1_36' title="bbox 361 2149 1050 2188; baseline 0.012 -8"><span class='ocrx_word' id='word_1_303' title='bbox 361 2149 515 2183; x_wconf 83' lang='lat' dir='ltr'><strong>referunt</strong></span> <span class='ocrx_word' id='word_1_304' title='bbox 535 2153 578 2183; x_wconf 90' lang='lat' dir='ltr'><strong>ad</strong></span> <span class='ocrx_word' id='word_1_305' title='bbox 603 2154 799 2186; x_wconf 82' lang='lat' dir='ltr'><strong>Horatium:</strong></span> <span class='ocrx_word' id='word_1_306' title='bbox 821 2165 888 2187; x_wconf 89' lang='lat' dir='ltr'><strong>non</strong></span> <span class='ocrx_word' id='word_1_307' title='bbox 906 2157 1050 2188; x_wconf 80' lang='lat' dir='ltr'><strong>absurde</strong></span> 
     </span>
     <span class='ocr_line' id='line_1_37' title="bbox 360 2200 1048 2243; baseline 0.012 -14"><span class='ocrx_word' id='word_1_308' title='bbox 360 2200 496 2239; x_wconf 82' lang='lat' dir='ltr'><strong>quidam</strong></span> <span class='ocrx_word' id='word_1_309' title='bbox 531 2201 573 2232; x_wconf 80' lang='lat' dir='ltr'><strong>ad</strong></span> <span class='ocrx_word' id='word_1_310' title='bbox 606 2203 783 2243; x_wconf 83' lang='lat' dir='ltr'><strong>Neaera1n;</strong></span> <span class='ocrx_word' id='word_1_311' title='bbox 821 2205 884 2236; x_wconf 83' lang='lat' dir='ltr'><strong>hoc</strong></span> <span class='ocrx_word' id='word_1_312' title='bbox 928 2215 1048 2237; x_wconf 83' lang='lat' dir='ltr'><strong>sensu:</strong></span> 
     </span>
     <span class='ocr_line' id='line_1_38' title="bbox 360 2247 1051 2296; baseline 0.012 -18"><span class='ocrx_word' id='word_1_313' title='bbox 360 2247 472 2280; x_wconf 80' lang='lat' dir='ltr'><strong>Tanta</strong></span> <span class='ocrx_word' id='word_1_314' title='bbox 487 2254 540 2280; x_wconf 77' lang='lat' dir='ltr'><strong>est</strong></span> <span class='ocrx_word' id='word_1_315' title='bbox 555 2250 612 2281; x_wconf 86' lang='lat' dir='ltr'><strong>irae</strong></span> <span class='ocrx_word' id='word_1_316' title='bbox 627 2261 709 2283; x_wconf 83' lang='lat' dir='ltr'><strong>meae</strong></span> <span class='ocrx_word' id='word_1_317' title='bbox 723 2255 928 2294; x_wconf 83' lang='lat' dir='ltr'><strong>constantia,</strong></span> <span class='ocrx_word' id='word_1_318' title='bbox 943 2255 1051 2296; x_wconf 87' lang='lat' dir='ltr'><strong>inquit</strong></span> 
     </span>
     <span class='ocr_line' id='line_1_39' title="bbox 361 2297 1049 2342; baseline 0.01 -14"><span class='ocrx_word' id='word_1_319' title='bbox 361 2297 513 2338; x_wconf 81' lang='lat' dir='ltr'><strong>Flaccus,</strong></span> <span class='ocrx_word' id='word_1_320' title='bbox 529 2303 565 2330; x_wconf 86' lang='lat' dir='ltr'><strong>ut</strong></span> <span class='ocrx_word' id='word_1_321' title='bbox 576 2299 604 2330; x_wconf 82' lang='lat' dir='ltr'><strong>si</strong></span> <span class='ocrx_word' id='word_1_322' title='bbox 621 2300 696 2339; x_wconf 87' lang='lat' dir='ltr'><strong>tibi,</strong></span> <span class='ocrx_word' id='word_1_323' title='bbox 708 2302 842 2342; x_wconf 82' lang='lat' dir='ltr'><strong>Neaera,</strong></span> <span class='ocrx_word' id='word_1_324' title='bbox 854 2304 956 2335; x_wconf 81' lang='lat' dir='ltr'><strong>semel</strong></span> <span class='ocrx_word' id='word_1_325' title='bbox 969 2304 1049 2335; x_wconf 85' lang='lat' dir='ltr'><strong>iras·</strong></span> 
     </span>
     <span class='ocr_line' id='line_1_40' title="bbox 362 2347 1048 2392; baseline 0.01 -15"><span class='ocrx_word' id='word_1_326' title='bbox 362 2355 433 2386; x_wconf 81' lang='lat' dir='ltr'><strong>car,</strong></span> <span class='ocrx_word' id='word_1_327' title='bbox 454 2347 516 2379; x_wconf 81' lang='lat' dir='ltr'><strong>etsi</strong></span> <span class='ocrx_word' id='word_1_328' title='bbox 543 2353 577 2379; x_wconf 86' lang='lat' dir='ltr'><strong>te</strong></span> <span class='ocrx_word' id='word_1_329' title='bbox 605 2350 766 2389; x_wconf 77' lang='lat' dir='ltr'><strong>poeniteat</strong></span> <span class='ocrx_word' id='word_1_330' title='bbox 788 2360 841 2382; x_wconf 85' lang='lat' dir='ltr'><strong>me</strong></span> <span class='ocrx_word' id='word_1_331' title='bbox 857 2351 1048 2392; x_wconf 84' lang='lat' dir='ltr'><strong>offendisse,</strong></span> 
     </span>
     <span class='ocr_line' id='line_1_41' title="bbox 363 2398 1047 2440; baseline 0.009 -13"><span class='ocrx_word' id='word_1_332' title='bbox 363 2401 463 2436; x_wconf 85' lang='lat' dir='ltr'><strong>teque</strong></span> <span class='ocrx_word' id='word_1_333' title='bbox 501 2406 598 2428; x_wconf 83' lang='lat' dir='ltr'><strong>verus</strong></span> <span class='ocrx_word' id='word_1_334' title='bbox 630 2398 727 2430; x_wconf 87' lang='lat' dir='ltr'><strong>dolor</strong></span> <span class='ocrx_word' id='word_1_335' title='bbox 755 2400 880 2440; x_wconf 85' lang='lat' dir='ltr'><strong>capiat,</strong></span> <span class='ocrx_word' id='word_1_336' title='bbox 907 2411 947 2433; x_wconf 86' lang='lat' dir='ltr'><strong>ac</strong></span> <span class='ocrx_word' id='word_1_337' title='bbox 978 2406 1047 2433; x_wconf 86' lang='lat' dir='ltr'><strong>tum</strong></span> 
     </span>
     <span class='ocr_line' id='line_1_42' title="bbox 363 2444 1046 2489; baseline 0.009 -14"><span class='ocrx_word' id='word_1_338' title='bbox 363 2444 445 2476; x_wconf 83' lang='lat' dir='ltr'><strong>velis</strong></span> <span class='ocrx_word' id='word_1_339' title='bbox 462 2444 573 2476; x_wconf 85' lang='lat' dir='ltr'><strong>redire</strong></span> <span class='ocrx_word' id='word_1_340' title='bbox 598 2446 632 2476; x_wconf 87' lang='lat' dir='ltr'><strong>iu</strong></span> <span class='ocrx_word' id='word_1_341' title='bbox 647 2446 786 2486; x_wconf 79' lang='lat' dir='ltr'><strong>gratiam</strong></span> <span class='ocrx_word' id='word_1_342' title='bbox 803 2458 945 2489; x_wconf 81' lang='lat' dir='ltr'><strong>mecum,</strong></span> <span class='ocrx_word' id='word_1_343' title='bbox 959 2449 1046 2481; x_wconf 85' lang='lat' dir='ltr'><strong>haud</strong></span> 
     </span>
     <span class='ocr_line' id='line_1_43' title="bbox 362 2495 996 2534; baseline 0.009 -10"><span class='ocrx_word' id='word_1_344' title='bbox 362 2499 474 2525; x_wconf 72' lang='lat' dir='ltr'><strong>tamen</strong></span> <span class='ocrx_word' id='word_1_345' title='bbox 487 2503 550 2534; x_wconf 87' lang='lat' dir='ltr'><strong>ego</strong></span> <span class='ocrx_word' id='word_1_346' title='bbox 565 2495 681 2525; x_wconf 87' lang='lat' dir='ltr'><strong>cedam</strong></span> <span class='ocrx_word' id='word_1_347' title='bbox 697 2500 755 2527; x_wconf 87' lang='lat' dir='ltr'><strong>aut</strong></span> <span class='ocrx_word' id='word_1_348' title='bbox 768 2498 894 2528; x_wconf 81' lang='lat' dir='ltr'><strong>veniam</strong></span> <span class='ocrx_word' id='word_1_349' title='bbox 911 2499 996 2530; x_wconf 87' lang='lat' dir='ltr'><strong>dem.</strong></span> 
     </span>
    </p>

    <p class='ocr_par' dir='ltr' id='par_1_15' title="bbox 359 2543 1048 2778">
     <span class='ocr_line' id='line_1_44' title="bbox 406 2543 1048 2587; baseline 0.009 -14"><span class='ocrx_word' id='word_1_350' title='bbox 406 2546 445 2574; x_wconf 88' lang='grc'><strong>17</strong></span> <span class='ocrx_word' id='word_1_351' title='bbox 470 2543 657 2584; x_wconf 76' lang='lat' dir='ltr'><strong>Quicumque</strong></span> <span class='ocrx_word' id='word_1_352' title='bbox 681 2554 712 2576; x_wconf 75' lang='lat' dir='ltr'><strong>es</strong></span> <span class='ocrx_word' id='word_1_353' title='bbox 727 2545 866 2587; x_wconf 81' lang='lat' dir='ltr'><strong>felicior]</strong></span> <span class='ocrx_word' id='word_1_354' title='bbox 889 2547 1048 2579; x_wconf 82' lang='lat' dir='ltr'><strong>Quicum-</strong></span> 
     </span>
     <span class='ocr_line' id='line_1_45' title="bbox 364 2593 1048 2636; baseline 0.009 -15"><span class='ocrx_word' id='word_1_355' title='bbox 364 2600 429 2631; x_wconf 88' lang='lat' dir='ltr'><strong>que</strong></span> <span class='ocrx_word' id='word_1_356' title='bbox 453 2600 489 2623; x_wconf 83' lang='lat' dir='ltr'><strong>es</strong></span> <span class='ocrx_word' id='word_1_357' title='bbox 512 2601 604 2623; x_wconf 88' lang='lat' dir='ltr'><strong>meus</strong></span> <span class='ocrx_word' id='word_1_358' title='bbox 628 2593 753 2631; x_wconf 83' lang='lat' dir='ltr'><strong>rivalis,</strong></span> <span class='ocrx_word' id='word_1_359' title='bbox 778 2599 815 2626; x_wconf 88' lang='lat' dir='ltr'><strong>et</strong></span> <span class='ocrx_word' id='word_1_360' title='bbox 837 2596 947 2635; x_wconf 87' lang='lat' dir='ltr'><strong>potior</strong></span> <span class='ocrx_word' id='word_1_361' title='bbox 960 2596 1048 2636; x_wconf 81' lang='lat' dir='ltr'><strong>apud</strong></span> 
     </span>
     <span class='ocr_line' id='line_1_46' title="bbox 363 2639 1048 2685; baseline 0.012 -16"><span class='ocrx_word' id='word_1_362' title='bbox 363 2639 535 2680; x_wconf 83' lang='lat' dir='ltr'><strong>Neaeram,</strong></span> <span class='ocrx_word' id='word_1_363' title='bbox 560 2641 705 2683; x_wconf 81' lang='lat' dir='ltr'><strong>mihique</strong></span> <span class='ocrx_word' id='word_1_364' title='bbox 729 2644 870 2684; x_wconf 82' lang='lat' dir='ltr'><strong>proinde</strong></span> <span class='ocrx_word' id='word_1_365' title='bbox 899 2646 1048 2685; x_wconf 81' lang='lat' dir='ltr'><strong>insultas,</strong></span> 
     </span>
     <span class='ocr_line' id='line_1_47' title="bbox 364 2687 1047 2736; baseline 0.018 -21"><span class='ocrx_word' id='word_1_366' title='bbox 364 2687 450 2726; x_wconf 89' lang='lat' dir='ltr'><strong>quod</strong></span> <span class='ocrx_word' id='word_1_367' title='bbox 466 2687 533 2724; x_wconf 81' lang='lat' dir='ltr'><strong>illa,</strong></span> <span class='ocrx_word' id='word_1_368' title='bbox 549 2697 601 2719; x_wconf 88' lang='lat' dir='ltr'><strong>me</strong></span> <span class='ocrx_word' id='word_1_369' title='bbox 614 2696 741 2731; x_wconf 82' lang='lat' dir='ltr'><strong>spreto,</strong></span> <span class='ocrx_word' id='word_1_370' title='bbox 756 2692 926 2735; x_wconf 78' lang='lat' dir='ltr'><strong>indulgeat</strong></span> <span class='ocrx_word' id='word_1_371' title='bbox 948 2699 1047 2736; x_wconf 75' lang='lat' dir='ltr'><strong>atque</strong></span> 
     </span>
     <span class='ocr_line' id='line_1_48' title="bbox 359 2735 657 2778; baseline -0.003 -8"><span class='ocrx_word' id='word_1_372' title='bbox 359 2735 568 2778; x_wconf 66' lang='lat' dir='ltr'><strong>obsequatur</strong></span> <span class='ocrx_word' id='word_1_373' title='bbox 585 2738 657 2770; x_wconf 85' lang='lat' dir='ltr'><strong>tibi.</strong></span> 
     </span>
    </p>
   </div>
   <div class='ocr_carea' id='block_1_10' title="bbox 1099 1810 1788 2683">
    <p class='ocr_par' dir='ltr' id='par_1_16' title="bbox 1100 1810 1788 2192">
     <span class='ocr_line' id='line_1_49' title="bbox 1146 1810 1787 1857; baseline -0.014 -9"><span class='ocrx_word' id='word_1_374' title='bbox 1146 1820 1187 1848; x_wconf 82' lang='lat'><strong>19</strong></span> <span class='ocrx_word' id='word_1_375' title='bbox 1209 1817 1264 1848; x_wconf 74' lang='lat' dir='ltr'><strong>Sis</strong></span> <span class='ocrx_word' id='word_1_376' title='bbox 1285 1825 1403 1857; x_wconf 82' lang='lat' dir='ltr'><strong>pecore,</strong></span> <span class='ocrx_word' id='word_1_377' title='bbox 1431 1813 1501 1855; x_wconf 55' lang='grc' dir='ltr'><strong>ἐγὼ]</strong></span> <span class='ocrx_word' id='word_1_378' title='bbox 1528 1811 1687 1846; x_wconf 81' lang='lat' dir='ltr'><strong>Quamvis</strong></span> <span class='ocrx_word' id='word_1_379' title='bbox 1715 1810 1787 1850; x_wconf 84' lang='lat' dir='ltr'><strong>opi·</strong></span> 
     </span>
     <span class='ocr_line' id='line_1_50' title="bbox 1103 1862 1788 1904; baseline -0.012 -8"><span class='ocrx_word' id='word_1_380' title='bbox 1103 1865 1164 1896; x_wconf 82' lang='lat' dir='ltr'><strong>bns</strong></span> <span class='ocrx_word' id='word_1_381' title='bbox 1178 1867 1300 1903; x_wconf 78' lang='lat' dir='ltr'><strong>valeas,</strong></span> <span class='ocrx_word' id='word_1_382' title='bbox 1316 1864 1482 1904; x_wconf 72' lang='lat' dir='ltr'><strong>sapientia</strong></span> <span class='ocrx_word' id='word_1_383' title='bbox 1503 1862 1715 1899; x_wconf 68' lang='lat' dir='ltr'><strong>incisi-escas,</strong></span> <span class='ocrx_word' id='word_1_384' title='bbox 1730 1867 1788 1889; x_wconf 85' lang='lat' dir='ltr'><strong>ve-</strong></span> 
     </span>
     <span class='ocr_line' id='line_1_51' title="bbox 1102 1908 1785 1953; baseline -0.009 -9"><span class='ocrx_word' id='word_1_385' title='bbox 1102 1917 1233 1944; x_wconf 83' lang='lat' dir='ltr'><strong>nustate</strong></span> <span class='ocrx_word' id='word_1_386' title='bbox 1258 1913 1456 1953; x_wconf 74' lang='lat' dir='ltr'><strong>conspicuus</strong></span> <span class='ocrx_word' id='word_1_387' title='bbox 1478 1910 1590 1942; x_wconf 79' lang='lat' dir='ltr'><strong>fueris.</strong></span> <span class='ocrx_word' id='word_1_388' title='bbox 1632 1908 1699 1940; x_wconf 86' lang='lat' dir='ltr'><strong>Ubi</strong></span> <span class='ocrx_word' id='word_1_389' title='bbox 1722 1908 1785 1938; x_wconf 74' lang='lat' dir='ltr'><strong>tria</strong></span> 
     </span>
     <span class='ocr_line' id='line_1_52' title="bbox 1102 1958 1786 1993; baseline -0.009 0"><span class='ocrx_word' id='word_1_390' title='bbox 1102 1962 1192 1993; x_wconf 82' lang='lat' dir='ltr'><strong>vides</strong></span> <span class='ocrx_word' id='word_1_391' title='bbox 1219 1960 1330 1992; x_wconf 83' lang='lat' dir='ltr'><strong>afferri</strong></span> <span class='ocrx_word' id='word_1_392' title='bbox 1357 1970 1501 1991; x_wconf 77' lang='lat' dir='ltr'><strong>ainorem</strong></span> <span class='ocrx_word' id='word_1_393' title='bbox 1531 1958 1680 1989; x_wconf 83' lang='lat' dir='ltr'><strong>excitare</strong></span> <span class='ocrx_word' id='word_1_394' title='bbox 1709 1965 1786 1987; x_wconf 87' lang='lat' dir='ltr'><strong>con·</strong></span> 
     </span>
     <span class='ocr_line' id='line_1_53' title="bbox 1101 2005 1786 2050; baseline -0.01 -8"><span class='ocrx_word' id='word_1_395' title='bbox 1101 2015 1203 2042; x_wconf 78' lang='lat' dir='ltr'><strong>sueta.</strong></span> <span class='ocrx_word' id='word_1_396' title='bbox 1249 2011 1304 2041; x_wconf 83' lang='lat' dir='ltr'><strong>Sic</strong></span> <span class='ocrx_word' id='word_1_397' title='bbox 1334 2009 1453 2050; x_wconf 75' lang='lat' dir='ltr'><strong>virgil.</strong></span> <span class='ocrx_word' id='word_1_398' title='bbox 1477 2009 1549 2040; x_wconf 84' lang='lat' dir='ltr'><strong>Ecl.</strong></span> <span class='ocrx_word' id='word_1_399' title='bbox 1575 2015 1618 2038; x_wconf 84' lang='lat'><strong>11.</strong></span> <span class='ocrx_word' id='word_1_400' title='bbox 1665 2007 1674 2023; x_wconf 94' lang='lat'>‘</span> <span class='ocrx_word' id='word_1_401' title='bbox 1690 2005 1786 2036; x_wconf 84' lang='lat' dir='ltr'><strong>Mine</strong></span> 
     </span>
     <span class='ocr_line' id='line_1_54' title="bbox 1100 2054 1787 2094; baseline -0.012 -3"><span class='ocrx_word' id='word_1_402' title='bbox 1100 2069 1185 2091; x_wconf 84' lang='lat' dir='ltr'><strong>meae</strong></span> <span class='ocrx_word' id='word_1_403' title='bbox 1198 2059 1317 2091; x_wconf 81' lang='lat' dir='ltr'><strong>Siculis</strong></span> <span class='ocrx_word' id='word_1_404' title='bbox 1332 2063 1444 2090; x_wconf 83' lang='lat' dir='ltr'><strong>errant</strong></span> <span class='ocrx_word' id='word_1_405' title='bbox 1457 2057 1489 2088; x_wconf 87' lang='lat' dir='ltr'><strong>iu</strong></span> <span class='ocrx_word' id='word_1_406' title='bbox 1501 2054 1668 2087; x_wconf 78' lang='lat' dir='ltr'><strong>montibus</strong></span> <span class='ocrx_word' id='word_1_407' title='bbox 1679 2061 1787 2094; x_wconf 74' lang='lat' dir='ltr'><strong>agnae.</strong></span> 
     </span>
     <span class='ocr_line' id='line_1_55' title="bbox 1101 2102 1786 2149; baseline -0.01 -9"><span class='ocrx_word' id='word_1_408' title='bbox 1101 2131 1109 2140; x_wconf 90' lang='lat'><strong>.</strong></span> <span class='ocrx_word' id='word_1_409' title='bbox 1129 2131 1137 2139; x_wconf 94' lang='lat'><strong>.</strong></span> <span class='ocrx_word' id='word_1_410' title='bbox 1154 2131 1163 2140; x_wconf 83' lang='lat'><strong>.</strong></span> <span class='ocrx_word' id='word_1_411' title='bbox 1182 2131 1190 2139; x_wconf 96' lang='lat'><strong>.</strong></span> <span class='ocrx_word' id='word_1_412' title='bbox 1209 2109 1316 2140; x_wconf 78' lang='lat' dir='ltr'><strong>Canto</strong></span> <span class='ocrx_word' id='word_1_413' title='bbox 1331 2117 1406 2149; x_wconf 87' lang='lat' dir='ltr'><strong>quae</strong></span> <span class='ocrx_word' id='word_1_414' title='bbox 1423 2106 1542 2137; x_wconf 81' lang='lat' dir='ltr'><strong>solitus</strong></span> <span class='ocrx_word' id='word_1_415' title='bbox 1553 2127 1561 2136; x_wconf 89' lang='lat'><strong>.</strong></span> <span class='ocrx_word' id='word_1_416' title='bbox 1576 2127 1585 2137; x_wconf 90' lang='lat'><strong>.</strong></span> <span class='ocrx_word' id='word_1_417' title='bbox 1598 2126 1607 2136; x_wconf 86' lang='lat'><strong>.</strong></span> <span class='ocrx_word' id='word_1_418' title='bbox 1621 2102 1786 2143; x_wconf 84' lang='lat' dir='ltr'><strong>Amphion</strong></span> 
     </span>
     <span class='ocr_line' id='line_1_56' title="bbox 1101 2151 1701 2192; baseline -0.012 -2"><span class='ocrx_word' id='word_1_419' title='bbox 1101 2182 1110 2191; x_wconf 85' lang='lat'><strong>.</strong></span> <span class='ocrx_word' id='word_1_420' title='bbox 1129 2181 1137 2190; x_wconf 92' lang='lat'><strong>.</strong></span> <span class='ocrx_word' id='word_1_421' title='bbox 1151 2181 1159 2190; x_wconf 90' lang='lat'><strong>.</strong></span> <span class='ocrx_word' id='word_1_422' title='bbox 1176 2158 1250 2189; x_wconf 83' lang='lat' dir='ltr'><strong>Nec</strong></span> <span class='ocrx_word' id='word_1_423' title='bbox 1267 2167 1336 2187; x_wconf 84' lang='lat' dir='ltr'><strong>sum</strong></span> <span class='ocrx_word' id='word_1_424' title='bbox 1349 2156 1432 2187; x_wconf 86' lang='lat' dir='ltr'><strong>adeo</strong></span> <span class='ocrx_word' id='word_1_425' title='bbox 1448 2151 1626 2192; x_wconf 81' lang='lat' dir='ltr'><strong>informis‚&#39;</strong></span> <span class='ocrx_word' id='word_1_426' title='bbox 1637 2155 1701 2184; x_wconf 74' lang='grc' dir='ltr'><strong>διο.</strong></span> 
     </span>
    </p>

    <p class='ocr_par' dir='ltr' id='par_1_17' title="bbox 1099 2200 1786 2683">
     <span class='ocr_line' id='line_1_57' title="bbox 1143 2200 1784 2245; baseline -0.012 -7"><span class='ocrx_word' id='word_1_427' title='bbox 1143 2210 1184 2239; x_wconf 83' lang='grc'><strong>20</strong></span> <span class='ocrx_word' id='word_1_428' title='bbox 1209 2206 1335 2245; x_wconf 80' lang='lat' dir='ltr'><strong>Tibique</strong></span> <span class='ocrx_word' id='word_1_429' title='bbox 1352 2205 1495 2235; x_wconf 60' lang='lat' dir='ltr'><strong>Pactolus</strong></span> <span class='ocrx_word' id='word_1_430' title='bbox 1505 2201 1609 2243; x_wconf 75' lang='lat' dir='ltr'><strong>fluat}</strong></span> <span class='ocrx_word' id='word_1_431' title='bbox 1633 2200 1730 2231; x_wconf 86' lang='lat' dir='ltr'><strong>Licet</strong></span> <span class='ocrx_word' id='word_1_432' title='bbox 1748 2203 1784 2231; x_wconf 86' lang='lat' dir='ltr'><strong>te</strong></span> 
     </span>
     <span class='ocr_line' id='line_1_58' title="bbox 1100 2248 1785 2293; baseline -0.016 -5"><span class='ocrx_word' id='word_1_433' title='bbox 1100 2257 1188 2288; x_wconf 80' lang='lat' dir='ltr'><strong>ditet</strong></span> <span class='ocrx_word' id='word_1_434' title='bbox 1216 2255 1376 2286; x_wconf 77' lang='lat' dir='ltr'><strong>Pactolus</strong></span> <span class='ocrx_word' id='word_1_435' title='bbox 1410 2252 1522 2293; x_wconf 75' lang='lat' dir='ltr'><strong>Lydiae</strong></span> <span class='ocrx_word' id='word_1_436' title='bbox 1543 2248 1688 2287; x_wconf 72' lang='lat' dir='ltr'><strong>&#39;fluvIua,</strong></span> <span class='ocrx_word' id='word_1_437' title='bbox 1724 2256 1785 2287; x_wconf 89' lang='lat' dir='ltr'><strong>per</strong></span> 
     </span>
     <span class='ocr_line' id='line_1_59' title="bbox 1101 2298 1784 2347; baseline -0.015 -10"><span class='ocrx_word' id='word_1_438' title='bbox 1101 2314 1198 2347; x_wconf 87' lang='lat' dir='ltr'><strong>quem</strong></span> <span class='ocrx_word' id='word_1_439' title='bbox 1215 2305 1346 2336; x_wconf 78' lang='lat' dir='ltr'><strong>Croesns</strong></span> <span class='ocrx_word' id='word_1_440' title='bbox 1372 2311 1430 2332; x_wconf 81' lang='lat' dir='ltr'><strong>rex</strong></span> <span class='ocrx_word' id='word_1_441' title='bbox 1452 2301 1530 2332; x_wconf 87' lang='lat' dir='ltr'><strong>olim</strong></span> <span class='ocrx_word' id='word_1_442' title='bbox 1553 2298 1678 2330; x_wconf 85' lang='lat' dir='ltr'><strong>dicitur</strong></span> <span class='ocrx_word' id='word_1_443' title='bbox 1703 2306 1784 2328; x_wconf 85' lang='lat' dir='ltr'><strong>auro</strong></span> 
     </span>
     <span class='ocr_line' id='line_1_60' title="bbox 1101 2347 1785 2390; baseline -0.013 -5"><span class='ocrx_word' id='word_1_444' title='bbox 1101 2353 1299 2385; x_wconf 87' lang='lat' dir='ltr'><strong>abundasse.</strong></span> <span class='ocrx_word' id='word_1_445' title='bbox 1336 2351 1370 2382; x_wconf 88' lang='lat' dir='ltr'><strong>1s</strong></span> <span class='ocrx_word' id='word_1_446' title='bbox 1384 2354 1564 2390; x_wconf 79' lang='lat' dir='ltr'><strong>propterea</strong></span> <span class='ocrx_word' id='word_1_447' title='bbox 1579 2347 1785 2386; x_wconf 75' lang='lat' dir='ltr'><strong>Chrysoroas</strong></span> 
     </span>
     <span class='ocr_line' id='line_1_61' title="bbox 1099 2394 1784 2441; baseline -0.013 -8"><span class='ocrx_word' id='word_1_448' title='bbox 1099 2403 1201 2433; x_wconf 82' lang='lat' dir='ltr'><strong>etiam</strong></span> <span class='ocrx_word' id='word_1_449' title='bbox 1211 2400 1398 2441; x_wconf 84' lang='lat' dir='ltr'><strong>appellatus</strong></span> <span class='ocrx_word' id='word_1_450' title='bbox 1408 2409 1417 2436; x_wconf 86' lang='grc'><strong>;</strong></span> <span class='ocrx_word' id='word_1_451' title='bbox 1434 2396 1533 2428; x_wconf 90' lang='lat' dir='ltr'><strong>hodie</strong></span> <span class='ocrx_word' id='word_1_452' title='bbox 1543 2395 1670 2427; x_wconf 71' lang='lat' dir='ltr'><strong>Sar-bat.</strong></span> <span class='ocrx_word' id='word_1_453' title='bbox 1680 2394 1784 2428; x_wconf 80' lang='lat' dir='ltr'><strong>Quin-</strong></span> 
     </span>
     <span class='ocr_line' id='line_1_62' title="bbox 1101 2444 1783 2491; baseline -0.01 -11"><span class='ocrx_word' id='word_1_454' title='bbox 1101 2459 1163 2491; x_wconf 90' lang='lat' dir='ltr'><strong>que</strong></span> <span class='ocrx_word' id='word_1_455' title='bbox 1180 2450 1212 2479; x_wconf 89' lang='lat' dir='ltr'><strong>in</strong></span> <span class='ocrx_word' id='word_1_456' title='bbox 1225 2449 1304 2479; x_wconf 86' lang='lat' dir='ltr'><strong>orbe</strong></span> <span class='ocrx_word' id='word_1_457' title='bbox 1315 2446 1448 2478; x_wconf 87' lang='lat' dir='ltr'><strong>flumina</strong></span> <span class='ocrx_word' id='word_1_458' title='bbox 1460 2449 1611 2476; x_wconf 76' lang='lat' dir='ltr'><strong>ramenta</strong></span> <span class='ocrx_word' id='word_1_459' title='bbox 1627 2444 1697 2474; x_wconf 81' lang='lat' dir='ltr'><strong>auri</strong></span> <span class='ocrx_word' id='word_1_460' title='bbox 1709 2452 1783 2474; x_wconf 89' lang='lat' dir='ltr'><strong>cum</strong></span> 
     </span>
     <span class='ocr_line' id='line_1_63' title="bbox 1101 2493 1785 2539; baseline -0.012 -9"><span class='ocrx_word' id='word_1_461' title='bbox 1101 2498 1193 2539; x_wconf 79' lang='lat' dir='ltr'><strong>aquis</strong></span> <span class='ocrx_word' id='word_1_462' title='bbox 1209 2503 1243 2529; x_wconf 87' lang='lat' dir='ltr'><strong>et</strong></span> <span class='ocrx_word' id='word_1_463' title='bbox 1256 2496 1364 2527; x_wconf 88' lang='lat' dir='ltr'><strong>arenis</strong></span> <span class='ocrx_word' id='word_1_464' title='bbox 1380 2495 1520 2526; x_wconf 73' lang='lat' dir='ltr'><strong>volvisse</strong></span> <span class='ocrx_word' id='word_1_465' title='bbox 1537 2493 1785 2533; x_wconf 66' lang='lat' dir='ltr'><strong>praedicantia-3</strong></span> 
     </span>
     <span class='ocr_line' id='line_1_64' title="bbox 1100 2539 1785 2587; baseline -0.013 -8"><span class='ocrx_word' id='word_1_466' title='bbox 1100 2548 1212 2587; x_wconf 74' lang='lat' dir='ltr'><strong>Tagus</strong></span> <span class='ocrx_word' id='word_1_467' title='bbox 1234 2545 1267 2576; x_wconf 91' lang='lat' dir='ltr'><strong>in</strong></span> <span class='ocrx_word' id='word_1_468' title='bbox 1294 2543 1467 2584; x_wconf 75' lang='lat' dir='ltr'><strong>Hispania,</strong></span> <span class='ocrx_word' id='word_1_469' title='bbox 1489 2541 1601 2572; x_wconf 80' lang='lat' dir='ltr'><strong>Padus</strong></span> <span class='ocrx_word' id='word_1_470' title='bbox 1623 2541 1655 2571; x_wconf 89' lang='lat' dir='ltr'><strong>iu</strong></span> <span class='ocrx_word' id='word_1_471' title='bbox 1671 2539 1785 2575; x_wconf 82' lang='lat' dir='ltr'><strong>Italia,</strong></span> 
     </span>
     <span class='ocr_line' id='line_1_65' title="bbox 1102 2589 1786 2630; baseline -0.013 -2"><span class='ocrx_word' id='word_1_472' title='bbox 1102 2596 1238 2628; x_wconf 80' lang='lat' dir='ltr'><strong>Hebrus</strong></span> <span class='ocrx_word' id='word_1_473' title='bbox 1253 2594 1285 2624; x_wconf 91' lang='lat' dir='ltr'><strong>in</strong></span> <span class='ocrx_word' id='word_1_474' title='bbox 1299 2592 1450 2630; x_wconf 81' lang='lat' dir='ltr'><strong>Thracia,</strong></span> <span class='ocrx_word' id='word_1_475' title='bbox 1466 2590 1625 2621; x_wconf 85' lang='lat' dir='ltr'><strong>Pactolus</strong></span> <span class='ocrx_word' id='word_1_476' title='bbox 1649 2589 1684 2621; x_wconf 88' lang='lat' dir='ltr'><strong>in</strong></span> <span class='ocrx_word' id='word_1_477' title='bbox 1703 2589 1786 2620; x_wconf 76' lang='lat' dir='ltr'><strong>Asia</strong></span> 
     </span>
     <span class='ocr_line' id='line_1_66' title="bbox 1100 2637 1784 2683; baseline -0.012 -7"><span class='ocrx_word' id='word_1_478' title='bbox 1100 2644 1232 2683; x_wconf 84' lang='lat' dir='ltr'><strong>minori,</strong></span> <span class='ocrx_word' id='word_1_479' title='bbox 1242 2642 1377 2682; x_wconf 78' lang='lat' dir='ltr'><strong>Ganges</strong></span> <span class='ocrx_word' id='word_1_480' title='bbox 1388 2641 1421 2672; x_wconf 83' lang='lat' dir='ltr'><strong>iu</strong></span> <span class='ocrx_word' id='word_1_481' title='bbox 1429 2639 1536 2671; x_wconf 84' lang='lat' dir='ltr'><strong>India.</strong></span> <span class='ocrx_word' id='word_1_482' title='bbox 1547 2637 1635 2670; x_wconf 86' lang='lat' dir='ltr'><strong>Pliu.</strong></span> <span class='ocrx_word' id='word_1_483' title='bbox 1649 2645 1784 2670; x_wconf 77' lang='lat' dir='ltr'><strong>xxxin.</strong></span> 
     </span>
    </p>
   </div>
   <div class='ocr_carea' id='block_1_11' title="bbox 1098 2696 1130 2724">
    <p class='ocr_par' dir='ltr' id='par_1_18' title="bbox 1098 2696 1130 2724">
     <span class='ocr_line' id='line_1_67' title="bbox 1098 2696 1130 2724; baseline -0.031 0"><span class='ocrx_word' id='word_1_484' title='bbox 1098 2696 1130 2724; x_wconf 74' lang='lat'><strong>4.</strong></span> 
     </span>
    </p>
   </div>
  </div>
 </body>
</html>
