1890 3256
576 293 930 326 ΕΡιεΤοιΑκυΜ
966 296 1062 326 [ΑΒ.
1093 297 1124 330 1.
1154 287 1225 329 14.
1508 289 1620 332 1149

655 457 966 499 EPISTOLA
998 458 1140 501 XIV.
1185 488 1189 491 -

632 557 697 587 An
730 557 978 588 vimncUM
1011 557 1165 590 suum.

175 631 185 649 ‘
201 631 232 664 O
251 630 442 663 fortunatos
455 632 606 670 nimium,
623 633 712 666 bona
727 634 753 665 si
769 644 830 666 sua
842 634 967 676 norint,
982 634 1162 676 Agricolas
1176 634 1201 666 !'
1226 636 1326 668 Baxt.
1371 638 1510 679 Servus,
1524 649 1621 680 quem

217 693 261 715 ex
283 683 485 715 mediastino
511 684 644 718 fecerat
666 686 828 718 Horatius
844 687 1006 723 villicum,
1022 697 1112 719 nunc
1134 687 1303 728 flagrabat
1330 689 1499 723 desiderio
1521 693 1623 724 Urbis

217 740 252 767 et
265 737 342 768 vitoe
358 738 507 769 urbanae.
552 739 664 771 Poe'ta
678 739 783 780 igitur
797 740 960 779 ostendit,
979 750 1048 772 nou
1072 741 1196 782 locum,
1218 742 1278 772 sed
1300 743 1447 774 animum
1463 753 1538 776 esse
1553 755 1623 776 mo·

217 789 366 820 rosilatis
393 799 540 831 causam,
571 796 680 823 semet
707 793 814 832 ipsum
839 793 1003 824 delectari
1030 794 1098 824 ruri
1119 794 1162 825 ob
1188 795 1365 826 commoda
1392 806 1467 837 quae
1493 796 1626 838 afferat,

216 841 318 873 istum
334 851 414 872 vero
429 842 523 874 Urbe
537 844 581 875 ob
597 843 744 875 studium
768 853 932 885 nugarum
951 849 988 876 et
1003 845 1202 877 deliciarum
1219 846 1434 878 urbanarum.

173 904 388 964 anLlcE
409 906 629 960 sylvarum
648 911 693 947 et
712 907 816 963 mihi
837 921 906 948 me
926 907 1151 949 reddentis
1172 909 1319 962 agelli,

174 971 320 1031 Quem
339 978 389 1014 tu
410 973 602 1023 fastidis,
621 973 868 1015 habitatum
887 975 1080 1029 quinque
1099 975 1226 1025 focis,
1245 981 1290 1016 et

174 1037 383 1093 Quinque
405 1040 547 1081 bonos
568 1041 744 1081 solitum
767 1041 950 1083 Variam
969 1042 1186 1084 dimittere
1208 1046 1381 1096 patres;

219 1167 249 1197 Θ
265 1167 457 1200 Procurator
469 1178 626 1201 nemorum
641 1174 673 1202 et
684 1170 799 1210 proedii
818 1181 866 1203 me
886 1171 965 1203 mihi
978 1172 1186 1209 restituentis,
1201 1174 1280 1214 quod
1296 1177 1331 1205 tu
1346 1175 1478 1216 spernis,
1492 1174 1625 1215 quinque

174 1209 247 1240 licet
261 1209 400 1246 familiis
414 1211 601 1254 habitatum,
625 1215 655 1245 et
676 1213 788 1254 probos
804 1214 937 1256 quinque
951 1224 1037 1247 senes
1057 1215 1187 1247 Variam
1200 1217 1324 1248 mittere
1335 1221 1511 1248 consuetum
1521 1228 1534 1254 ,·
1554 1227 1624 1249 con—

779 1307 894 1320 eoo-000
898 1308 1014 1320 ’,ΜΟ

177 1374 180 1378 ’
218 1368 374 1410 Epistola
390 1375 486 1402 sexta
504 1371 596 1403 Libri
613 1371 756 1404 secundi
771 1372 804 1403 in
823 1372 887 1404 Ed.
906 1372 1094 1405 Sanad.-—l
1119 1374 1279 1406 Barthius
1295 1374 1439 1407 Advers.
1454 1382 1518 1406 xv.
1535 1377 1566 1406 3.
1582 1383 1626 1407 ex

175 1411 252 1443 cod.
274 1418 322 1444 me
337 1413 528 1445 redimentis.
562 1413 694 1446 refutat
719 1415 975 1447 Bentleius.-3
1003 1416 1131 1447 Variam
1156 1417 1251 1449 Vatt.
1278 1420 1307 1448 1.
1332 1421 1365 1448 5.
1388 1421 1420 1449 6.
1444 1420 1474 1449 9.
1496 1417 1577 1448 Vat.
1593 1420 1626 1449 2.

175 1463 196 1484 a
210 1457 254 1485 m.
271 1464 324 1495 pr.
338 1456 434 1487 Vatt.
453 1456 548 1487 Rom.
565 1459 597 1488 3.
614 1459 644 1488 4.
659 1461 690 1488 5.
705 1459 739 1489 7.
756 1460 787 1489 8.
804 1459 858 1490 12.
875 1458 957 1489 Vat.
985 1457 1099 1489 Palat.
1117 1460 1145 1488 3.
1181 1459 1330 1490 Chisian.
1356 1463 1388 1490 5.
1423 1459 1579 1499 Angelic.
1595 1461 1628 1489 3.

173 1495 353 1528 Barberin.
370 1501 401 1530 1.
426 1498 483 1529 alii
498 1498 598 1530 codd.
626 1499 718 1539 apud
746 1499 864 1531 Lamb.
893 1499 1006 1530 Pulm.
1032 1504 1185 1531 notatum
1212 1510 1255 1532 ex
1279 1501 1347 1532 Ms.
1374 1501 1407 1532 in
1436 1501 1520 1533 edit.
1546 1500 1627 1531 Aldi

175 1541 271 1570 1501.
293 1539 327 1570 ἰιι
343 1539 432 1571 Bibl.
449 1540 527 1572 Vat.
541 1546 577 1572 et
593 1544 689 1573 1509.
713 1541 818 1573 Batb.
843 1541 894 1572 ita
914 1540 1178 1574 ‘Commentator
1194 1543 1428 1584 Cruquianns3
1452 1543 1629 1574 revocavit

174 1579 208 1611 in
226 1585 358 1613 textum
379 1582 562 1624 Crnquius,
582 1583 680 1615 Talb.
705 1583 807 1615 Baxt.
828 1583 944 1615 Bentl.
960 1593 1146 1624 anonymus
1163 1587 1257 1616 1713.
1281 1586 1365 1617 Cun.
1381 1586 1461 1618 San.
1476 1585 1628 1616 Mervill.

175 1622 281 1654 Genu.
297 1623 450 1664 Sandby,
465 1625 556 1656 Phil.
575 1625 671 1658 Batt.
686 1625 830 1667 Dorigh.
847 1625 968 1657 Oberl.
986 1626 1106 1658 Comb.
1123 1626 1257 1658 Wakef.
1274 1628 1383 1658 Wetz.
1399 1628 1505 1658 Zeun.
1522 1628 1628 1658 Fran·

176 1664 239 1702 cis,
266 1665 373 1697 Kidd.
399 1667 482 1705 Fea,
507 1667 635 1707 Bothe,
658 1667 784 1709 Jaeck‚
812 1671 848 1699 et
874 1668 1028 1707 Doering.
1051 1668 1184 1699 Barium
1200 1668 1297 1701 Gott.
1315 1669 1413 1700 Harl.
1428 1673 1459 1700 4.
1476 1672 1507 1700 6.
1525 1672 1555 1700 7.
1571 1669 1629 1699 alii

174 1705 276 1738 codd.
302 1717 358 1747 ap.
386 1709 500 1749 Feam,
522 1709 601 1742 edd.
625 1710 756 1750 prima’,
778 1710 879 1741 etiam
902 1710 1038 1742 Fabric.
1062 1710 1166 1742 Baria
1183 1710 1319 1751 quidam
1337 1711 1435 1742 codd.
1451 1720 1505 1752 ap.
1520 1711 1626 1751 Cruq.

174 1747 289 1789 Feam,
301 1755 338 1781 et
354 1750 495 1782 Ascens.
510 1751 592 1783 item
608 1751 688 1784 edd.
710 1753 851 1784 Venett.
868 1754 964 1784 1486.
980 1755 1075 1783 1490.
1111 1753 1245 1784 Barium
1261 1753 1358 1786 Junt.
1374 1755 1470 1784 1503.
1502 1754 1512 1770 ⁴
1530 1753 1627 1784 Bene

178 1789 519 1831 Variametiamnnm
542 1794 713 1831 Vicovaro;
736 1793 900 1835 oppidum
916 1794 1094 1826 imminens
1109 1794 1234 1826 Anieni
1257 1796 1291 1826 in
1318 1795 1373 1826 via
1389 1794 1538 1834 Valeria,
1552 1795 1626 1826 mil-

174 1831 273 1863 liario
288 1842 368 1874 vin.
388 1845 490 1875 supra
503 1835 620 1868 Tibur.
664 1837 756 1868 Hinc
780 1837 880 1878 hujus
906 1836 998 1868 urbis
1024 1841 1125 1878 porta
1148 1837 1321 1868 orientalis
1345 1837 1531 1868 vocabatur
1546 1837 1626 1868 olim

175 1873 186 1890 ⁴
202 1873 352 1906 Variana
362 1876 383 1914 3'
403 1878 492 1909 male
513 1879 522 1896 ‘
541 1878 694 1910 Barana’
716 1878 810 1910 dicta
835 1888 855 1910 a
883 1879 1074 1911 Nicodemo
1101 1880 1360 1911 Sanseverinate
1384 1879 1467 1911 Rer.
1491 1879 1628 1910 Tiburt.

175 1914 325 1949 Pentad.
341 1927 392 1957 pr.
407 1918 466 1950 lib.
482 1928 507 1950 1.
521 1929 553 1951 c.
565 1923 597 1951 7.
614 1921 671 1961 qui
687 1919 832 1953 florebat
848 1929 935 1953 anno
951 1923 1046 1954 1461.
1062 1925 1099 1954 et
1114 1932 1133 1954 a
1149 1921 1269 1954 Cassio
1285 1922 1389 1954 Corso
1404 1921 1492 1953 delle
1505 1920 1627 1963 Aeque

828 2012 974 2047 NOTAE

221 2076 235 2105 1
267 2072 379 2106 Viuice
389 2075 559 2116 sylvarum,
568 2075 638 2116 ξω]
653 2075 766 2116 Hujus
777 2076 876 2117 Epis-

176 2125 256 2156 tolae
273 2129 509 2166 argumentum
524 2125 684 2156 convenit
706 2135 781 2156 cum
798 2135 876 2166 sep·

175 2174 261 2206 tima
289 2178 326 2205 et
355 2173 510 2214 decima3
534 2178 569 2206 at
591 2174 725 2206 diverse
751 2179 876 2207 tracta-

177 2228 245 2256 tur.

225 2263 347 2313 Villice]
372 2273 469 2305 Villae
496 2278 624 2313 custos,
648 2274 789 2315 aliisque
807 2284 876 2306 ser-

177 2322 228 2353 vis
244 2322 308 2354 sibi
324 2322 468 2354 subditis
484 2332 642 2364 agrorum
658 2324 876 2356 colendorum

177 2381 264 2414 opus
276 2372 490 2414 dispensans.
533 2375 644 2406 Varro
657 2374 700 2406 de
711 2375 762 2406 Re
775 2375 876 2408 Rust-

178 2431 205 2454 1.
235 2425 288 2454 11.
318 2423 327 2440 ‘
344 2423 489 2456 Villicus
518 2425 590 2465 agri
612 2426 747 2457 colendi
776 2435 878 2458 causa

178 2471 383 2503 constitutus
401 2483 412 2511 3
450 2475 709 2516 appellatusque
739 2485 759 2506 a
785 2475 876 2516 villa,

179 2521 270 2562 quod
285 2521 328 2552 ab
343 2531 384 2553 eo
399 2522 434 2553 in
449 2533 520 2555 eam
537 2525 773 2557 convehuntur
784 2524 874 2557 fruc-

178 2575 248 2610 tus,
263 2575 299 2603 et
314 2572 504 2604 evehuntur
518 2583 594 2606 cum
612 2574 782 2607 veneunt:

221 2618 309 2652 Mihi
323 2630 370 2653 me
385 2623 558 2664 reddentis]
580 2626 729 2658 Urbanae
744 2626 876 2658 scilicet

179 2670 418 2711 occupationes
448 2681 503 2704 me
539 2674 619 2706 mihi
657 2675 873 2716 praeripiunt,

179 2718 290 2760 inquit
305 2719 436 2752 Poeta:
455 2725 489 2752 at
500 2721 579 2753 mibi
595 2731 648 2754 me
661 2723 773 2755 reddit
789 2724 875 2755 ruris

181 2768 344 2809 solitudo,
380 2770 500 2811 otium,
531 2773 778 2813 tranquillitas3
818 2773 876 2804 ubi

181 2818 381 2860 memetipso
395 2819 462 2852 frui
479 2820 609 2861 videor,
624 2831 664 2855 ac
676 2831 768 2855 meus
783 2832 875 2862 esse3

929 2086 1006 2108 nam
1022 2077 1140 2109 Romae
1157 2087 1229 2109 sum
1242 2077 1444 2109 Maecenatis
1457 2082 1493 2110 et
1506 2078 1629 2111 amico-

929 2136 1015 2158 rum.
1058 2127 1147 2160 Vide
1160 2137 1263 2168 supra
1277 2136 1302 2159 1.
1319 2127 1430 2168 Epist.
1445 2130 1477 2159 7.

973 2175 1095 2217 Agelli]
1119 2176 1154 2207 Is
1169 2176 1253 2208 situs
1269 2180 1344 2208 erat
1355 2177 1444 2208 ultra
1452 2176 1572 2217 Tibur,
1585 2177 1628 2208 ad

929 2229 1090 2258 octavum
1107 2226 1150 2258 ab
1165 2226 1248 2259 urbe
1262 2227 1411 2267 lapidem
1434 2227 1468 2259 in
1491 2227 1546 2259 via
1560 2228 1629 2259 Va-

929 2275 1020 2307 leria.
1066 2275 1195 2308 Postea
1210 2285 1236 2308 1.
1253 2277 1362 2318 Epist.
1379 2280 1429 2309 16.
1641 2298 1643 2300 -

970 2327 991 2356 2
1025 2325 1215 2358 Habitatum
1247 2327 1381 2367 quinque
1409 2327 1510 2367 focis]
1547 2327 1628 2359 Am-

926 2375 1022 2416 pium
1047 2375 1132 2407 satis
1147 2381 1182 2408 et
1198 2375 1424 2408 sufficientem
1440 2377 1482 2408 ad
1497 2376 1629 2408 habita-

930 2425 1056 2457 tionem
1067 2426 1217 2467 quinque
1226 2425 1443 2466 familiarum,
1454 2426 1627 2458 servilium

930 2484 1065 2517 nempe.

971 2527 990 2556 3
1017 2526 1160 2566 Quinque
1172 2525 1263 2555 bonos
1273 2525 1490 2566 wamma-a]
1515 2526 1628 2558 Bonos

929 2574 1081 2606 homines
1119 2574 1231 2605 aetatis
1262 2579 1447 2615 provectae,
1479 2575 1626 2617 quinque

929 2623 1132 2655 familiarum
1156 2623 1283 2664 capita,
1303 2633 1419 2655 servos
1447 2622 1549 2664 frugi,
1571 2625 1628 2665 qui

930 2674 1068 2705 Variam
1100 2673 1327 2705 mittebantur
1358 2673 1401 2705 ad
1438 2674 1603 2705 nundinas
1621 2685 1630 2713 ς

931 2724 1137 2765 venalesque
1164 2722 1294 2755 fructus
1317 2732 1358 2754 eo
1377 2723 1626 2755 convehebant.

930 2774 1039 2805 Varro
1066 2778 1145 2805 ante
1170 2773 1230 2805 cit.
1273 2772 1342 2804 Alii
1358 2773 1627 2813 interpretantur

929 2823 1080 2855 homines
1110 2823 1256 2864 grandes
1282 2827 1363 2855 natu
1391 2822 1482 2855 mitti
1509 2822 1626 2854 solitos
