1890 3256
384 265 492 305 1070
857 280 899 315 Q.
930 278 1133 307 HORA‘rn
1171 277 1339 307 FLAcci

385 366 455 408 Ne
476 380 599 408 cures
618 382 671 409 ca
692 382 791 421 quae
814 370 944 409 stulte
964 369 1130 409 miraris
1145 374 1186 409 et
1207 377 1352 422 optaS,

385 432 565 474 Discere
586 438 628 475 et
648 434 794 474 audire
816 438 860 474 et
879 434 1045 474 meliori
1066 435 1241 476 credere
1263 448 1346 476 non
1364 435 1464 476 vis'?

386 498 499 548 Quis
521 499 682 539 circum
697 511 835 550 pagos
855 503 900 538 et
921 499 1083 539 circum
1104 501 1293 552 compita
1312 512 1484 552 pugnax

385 563 550 616 Magna
569 564 763 604 coronari
781 568 1027 604 contemnat
1048 565 1267 619 Olympia,
1290 567 1355 606 cui
1375 578 1492 618 speS,

385 627 467 668 Cui
489 629 547 668 sit
567 628 755 669 conditio
776 629 917 670 dulcis
937 630 1028 669 sine
1048 631 1223 682 pulvere
1243 631 1430 684 palmae‘l

383 693 531 733 Vilius
553 699 770 745 argentum
791 698 858 735 est
878 707 1000 744 aur0,
1020 696 1253 736 virtutibus
1273 708 1432 736 aurum.

386 759 424 798 Ο
444 759 575 808 cives,
597 759 729 808 cives,
749 760 979 813 quaerenda
999 762 1186 813 pecunia
1205 762 1386 814 primum
1407 764 1496 812 est3

383 823 532 864 Virtus
548 831 645 877 post
663 837 882 866 nummos:
911 826 1005 867 haec
1024 826 1167 867 Janus
1188 839 1380 867 summus
1397 827 1452 866 ab
1471 827 1559 866 imo

385 888 625 940 Prodocet3
655 890 750 930 haec
770 891 965 932 recinunt
977 892 1159 945 juvenes
1178 892 1343 933 dictata
1360 904 1588 945 senesque,

1744 566 1800 605 50

1745 893 1801 932 55

383 981 555 1010 auscultare
579 980 770 1020 sapientiori,
799 990 835 1010 ac
863 982 990 1017 erudiri,
1017 986 1051 1012 ut
1075 983 1156 1013 scius
1181 991 1218 1012 ea
1242 985 1440 1016 contemnere,
1465 993 1532 1021 quoe
1551 982 1644 1020 fatue
1666 983 1801 1013 estimas

383 1021 500 1058 magni,
519 1024 549 1051 et
571 1022 765 1060 concupiscis.
810 1022 922 1061 Ecquis
942 1023 1061 1061 peritus
1081 1023 1219 1054 certandi
1240 1024 1274 1053 in
1297 1023 1387 1061 pagis
1411 1026 1441 1053 et
1465 1023 1617 1063 compitis.
1631 1033 1691 1054 vum
1713 1026 1801 1054 malit

384 1063 482 1092 victor
496 1071 560 1092 esse
574 1062 606 1091 in
620 1063 782 1093 celebribus
796 1063 973 1102 Olympico,
988 1064 1015 1094 si
1029 1074 1097 1103 spec
1109 1064 1218 1102 facilis
1229 1064 1310 1094 adsit
1322 1064 1524 1103 adipiscenda
1543 1064 1680 1094 victoriae
1693 1065 1802 1104 absque

385 1112 493 1141 magno
508 1103 630 1133 labore?
672 1104 836 1134 Enimvero
851 1109 884 1133 ut
899 1109 1060 1143 argentum
1073 1114 1157 1140 auro,
1178 1106 1223 1136 sic
1237 1114 1346 1136 aurum
1367 1104 1532 1135 virtutibus
1551 1105 1690 1144 postponi
1703 1106 1802 1137 debet.
1836 1143 1840 1146 ζ

386 1145 454 1175 Nec
481 1145 649 1175 audiendus
676 1146 729 1184 qui
749 1145 794 1175 sic
819 1149 958 1176 minuent:
988 1147 1017 1176 0
1038 1146 1128 1183 cives,
1150 1146 1243 1184 cives,
1269 1155 1337 1186 opes
1357 1147 1464 1184 primo'}
1479 1149 1552 1176 eunt
1572 1147 1802 1187 compoti-anda:

383 1185 485 1216 virtus
512 1188 613 1216 autem
643 1190 711 1225 post
738 1187 906 1225 pecuniam.
962 1187 1044 1218 Illud
1079 1188 1200 1227 quidem
1232 1191 1383 1218 monstrat
1415 1187 1518 1218 Janus
1550 1197 1684 1218 summus
1715 1191 1804 1227 atque

385 1227 474 1258 imus.
530 1227 610 1258 Haec
638 1231 791 1268 praecepta
819 1229 952 1259 recolunt
991 1233 1054 1260 lum
1080 1229 1168 1270 pueri
1206 1239 1295 1269 quam
1332 1238 1414 1260 senes
1449 1228 1570 1260 brachio
1598 1229 1723 1260 sinistro
1751 1238 1804 1269 ap-

983 1311 1218 1324 &emmo

384 1362 583 1399 ignem—4⁷
601 1363 651 1393 Ne
665 1362 762 1393 currit
772 1362 1000 1394 Schoenborn.
1016 1365 1046 1394 4.
1069 1363 1137 1394 Nec
1152 1373 1236 1394 cures
1251 1367 1318 1394 tres
1334 1373 1387 1403 ap.
1401 1364 1514 1394 Feam.
1542 1363 1610 1394 Non
1625 1372 1710 1393 cures
1724 1373 1804 1394 nnus

385 1403 551 1434 Vah—48
574 1404 685 1434 Dicere
710 1407 739 1434 et
765 1413 849 1434 unus
877 1405 955 1434 Vat.
993 1407 1024 1434 et
1052 1405 1162 1434 audere
1191 1405 1304 1435 Zarot.
1333 1404 1422 1444 quod
1455 1404 1567 1443 placet
1596 1404 1805 1444 Gemma.—

385 1447 426 1474 50
440 1444 670 1475 Schoenborn.
686 1447 717 1475 3.
740 1447 1004 1475 contemnet.—52
1021 1445 1120 1475 Vilius
1130 1448 1175 1475 est
1187 1449 1348 1483 argentum
1361 1455 1434 1476 auro
1449 1445 1557 1476 codex
1573 1444 1674 1475 idem.
1706 1445 1806 1476 Vilius

385 1488 430 1516 est
443 1495 519 1516 auro
532 1489 695 1524 argentum
707 1486 822 1516 Bentl.
838 1495 879 1515 ex
896 1495 960 1517 tino
977 1486 1051 1516 cod.
1069 1486 1361 1517 Bersmanniewss
1384 1487 1497 1517 Zarot.
1519 1491 1554 1516 et
1578 1486 1719 1525 Cuning.
1738 1487 1805 1526 pri-

385 1536 465 1556 mum
491 1527 562 1556 sine
588 1530 645 1557 est.
689 1527 767 1557 Vat.
791 1531 822 1558 7.
843 1528 943 1566 prima
969 1530 1111 1558 εει-54
1133 1528 1307 1558 Barberin.
1322 1530 1352 1557 2.
1374 1527 1428 1558 hoc
1449 1528 1562 1558 danus.
1603 1527 1745 1566 'Physiun
1771 1529 1812 1558 ὴν

387 1567 486 1597 Notis
503 1567 542 1597 ad
558 1567 636 1598 Aul.
652 1567 741 1597 Gell.
758 1568 918 1606 scriptum
935 1569 1137 1607 suspicatur,
1160 1569 1241 1599 Haec
1255 1570 1355 1599 Janus
1375 1578 1508 1599 summus
1524 1569 1564 1598 ad
1582 1568 1674 1598 imum
1689 1569 1805 1599 Perdo-

384 1611 526 1639 cct.——55
544 1609 696 1639 Prodocet
710 1609 843 1648 plurimi
858 1618 912 1648 ap.
928 1609 1040 1643 Feam.
1057 1609 1111 1640 alii
1129 1610 1212 1640 Mss·
1227 1611 1315 1650 apud
1333 1609 1450 1641 Lamb.
1466 1609 1574 1641 Palm.
1591 1609 1693 1650 Cruq.
1706 1609 1804 1640 Talb.

1030 1670 1171 1702 NOTAE

427 1725 468 1753 47
493 1723 544 1752 Ne
571 1732 658 1753 cures
685 1731 731 1758 ea,
758 1722 827 1762 &cd
870 1722 917 1753 Ut
945 1722 1073 1753 minora

386 1772 473 1802 mala
502 1772 661 1807 declines,
699 1782 730 1803 v.
762 1782 794 1812 g.
827 1776 1074 1812 paupertatem,

386 1821 512 1851 nullum
529 1829 594 1850 non
608 1820 753 1851 laborem
766 1820 972 1850 subeundum
984 1820 1071 1850 ultro

386 1868 514 1899 credis:
549 1877 609 1899 cur
638 1869 744 1908 igitur
771 1868 940 1898 detrectas
971 1867 1070 1898 facile

386 1917 514 1956 doceri,
530 1926 595 1956 quo
619 1920 719 1955 pacto
740 1916 848 1954 fugias
874 1916 978 1945 multo
998 1924 1071 1953 gra-

386 1964 459 1994 vius
488 1963 633 1993 malum?
676 1963 817 1993 Scilicet
838 1962 954 1992 audire
979 1962 1072 2002 piget

387 2021 425 2042 ac
441 2011 584 2048 discere,
606 2015 641 2040 et
663 2011 804 2041 credere
827 2019 891 2040 non
914 2011 963 2040 vis
986 2019 1072 2041 asse-

387 2061 475 2092 renti
490 2059 713 2099 Philosopbo:
731 2060 878 2090 Stultum
891 2068 964 2090 esse
977 2059 1072 2090 mira-

388 2110 417 2140 ri
442 2115 477 2140 et
505 2114 637 2150 optare,
667 2117 726 2138 seu
760 2108 858 2139 avide
887 2108 1071 2139 consectari

387 2168 468 2199 opes
498 2163 533 2188 et
560 2159 700 2189 honores
732 2157 832 2189 tantis
857 2157 945 2188 curis
970 2161 1071 2198 atque

387 2207 570 2238 laboribus.

428 2259 470 2287 48
492 2256 621 2287 Discere
644 2263 674 2287 et
693 2255 815 2295 audire]
839 2254 989 2295 Ὕστερον
1001 2253 1073 2295 πρό-

387 2316 488 2345 τερον.
532 2304 631 2335 Prius
656 2304 743 2335 enim
766 2305 885 2344 audire,
900 2314 997 2344 quam
1013 2304 1075 2334 dis-

388 2364 466 2385 cere.

431 2406 473 2434 49
497 2403 576 2439 Quis
598 2403 710 2433 circum
733 2412 840 2443 pagos,
862 2400 930 2442 ‹ij-c]
966 2401 1074 2441 Majo-

389 2461 459 2482 rein
476 2452 612 2491 gloriam
638 2451 755 2481 minori
782 2449 921 2491 praefert
937 2450 988 2480 vel
1005 2459 1073 2480 rus-

389 2501 473 2532 ticus
494 2505 530 2531 et
551 2500 649 2531 hebes
672 2500 823 2540 quisque.
867 2499 978 2531 Quare
994 2507 1074 2538 ergo

389 2554 426 2579 tu
442 2548 574 2579 virtutis
596 2548 698 2579 decus
720 2553 756 2579 et
779 2548 956 2588 gloriosum
972 2556 1074 2587 pecu-

390 2598 455 2628 niae
481 2601 686 2628 contemtum
709 2606 775 2627 non
797 2596 972 2636 anteponis
995 2595 1075 2636 ipsis

390 2645 523 2685 opibus,
544 2645 730 2685 praesertim
753 2654 828 2676 cum
849 2645 900 2675 hae
923 2653 988 2675 non
1011 2644 1073 2675 nisi

391 2703 479 2733 aegre
495 2697 529 2725 et
549 2695 605 2724 vix
625 2694 737 2725 haberi
754 2698 899 2734 queant;
922 2693 977 2723 ille
993 2702 1072 2724 vero

392 2741 489 2774 facile
514 2743 617 2783 possit
643 2742 828 2784 comparari
851 2751 912 2782 per
926 2741 1072 2772 studium

1124 1722 1313 1762 sapientiae.

1166 1774 1207 1802 50
1233 1769 1393 1812 Olympia]
1429 1770 1614 1811 Olympicis
1641 1769 1674 1800 in
1708 1769 1806 1802 ludis.

1123 1821 1211 1851 Vide
1227 1829 1250 1850 ι.
1266 1820 1332 1851 Od.
1347 1823 1378 1849 1.

1165 1871 1205 1898 51
1229 1868 1303 1897 Sine
1322 1866 1461 1906 pulvere]
1491 1865 1633 1906 Ἀκονιτὶ,
1655 1866 1808 1906 Thucyd.

1124 1919 1158 1945 et
1176 1914 1360 1945 Herodian.
1384 1914 1538 1953 Metaph.
1560 1915 1640 1944 citra
1663 1915 1807 1953 laborem,

1123 1964 1204 1994 nullo
1219 1964 1384 1994 certamine
1399 1966 1429 1993 et
1442 1963 1587 2002 periculo.
1629 1962 1684 1994 Ita
1696 1963 1809 2001 etiam,

1124 2011 1249 2052 ἆνιδριτὶ
1270 2017 1304 2043 et
1321 2011 1467 2052 ἀνιδρωτὶ,
1489 2011 1554 2042 sine
1578 2013 1703 2043 sudore:
1724 2011 1806 2042 ἄναι-

1123 2061 1197 2099 ματὶ
1213 2061 1313 2101 mxiv,
1328 2061 1394 2091 sine
1408 2060 1568 2101 sanguine,
1589 2069 1648 2092 seu
1668 2060 1809 2092 incruen-

1125 2114 1188 2141 tam
1203 2111 1366 2141 victorium
1380 2110 1506 2147 referre.

1165 2162 1206 2190 52
1244 2158 1344 2190 Vilius
1372 2162 1534 2197 argentum
1557 2162 1603 2190 est
1630 2168 1716 2198 auro,
1737 2159 1808 2199 cisa]

1125 2207 1275 2238 Cassian.
1291 2207 1412 2238 Collat.
1430 2215 1538 2238 xxur.
1555 2209 1585 2238 3.
1614 2208 1807 2246 praeclaram

1125 2255 1277 2287 similiter
1284 2254 1511 2294 gradationem
1520 2255 1660 2286 instituit
1670 2266 1679 2286 ς
1694 2259 1703 2272 ‘
1713 2255 1808 2286 Stan-

1124 2315 1201 2336 num
1224 2304 1322 2335 vilius
1350 2308 1498 2341 argento,
1515 2308 1688 2343 argentum
1712 2313 1807 2343 anto,

1127 2346 1241 2385 aurum
1266 2351 1415 2392 gemmis,
1441 2359 1580 2391 gemmae
1605 2352 1807 2393 margaritis,

1126 2402 1304 2443 margarita
1319 2399 1524 2432 sanctitate!

1165 2454 1205 2483 63
1223 2450 1351 2490 Ocives,
1363 2450 1455 2489 cives,
1469 2449 1537 2488 δῖα]
1554 2449 1808 2490 Prosopopoeia,

1124 2509 1191 2539 qua.
1221 2498 1323 2534 stulte
1352 2497 1491 2537 loquens
1517 2496 1688 2527 inducitur
1718 2497 1808 2538 quis-

1125 2547 1214 2588 piam
1231 2555 1250 2577 e
1266 2546 1376 2584 vulgo.

1165 2598 1205 2626 54
1229 2594 1307 2625 Hoec
1320 2594 1420 2624 Janus
1433 2602 1578 2631 summae,
1594 2593 1665 2634 Suu]
1693 2593 1735 2624 ld
1751 2603 1807 2624 no-

1125 2647 1202 2673 runt
1215 2647 1251 2673 et
1265 2642 1387 2674 docent
1401 2640 1620 2673 foeneratores
1635 2650 1674 2674 ac
1697 2646 1806 2683 trape-

1124 2692 1198 2722 zitae
1214 2691 1247 2721 in
1262 2690 1333 2722 foro
1356 2691 1590 2732 consistentes,
1611 2690 1694 2722 duas
1720 2692 1807 2723 inter

1123 2740 1201 2772 Jani
1214 2744 1352 2772 statuas.
1398 2740 1449 2771 De
1465 2739 1515 2770 his
1531 2748 1572 2771 n.
1587 2739 1656 2772 Sat.
1671 2742 1702 2770 3.
1720 2742 1771 2771 18.
