1904 3256
584 279 874 322 CARMINUM'
892 290 987 322 ιη.
1020 290 1085 322 ιν.
1116 282 1158 322 5.
1522 282 1608 324 579

378 382 510 425 Votis
529 383 846 438 ominibusque
865 389 910 426 et
928 386 1134 439 precibus
1155 389 1303 435 vocat,

379 449 527 492 Curvo
546 463 631 492 nec
653 451 814 493 faciem
833 452 982 494 littore
1003 453 1225 506 dimovet3

375 517 451 558 Sic
471 517 701 558 desideriis
721 519 812 560 icta
832 519 1036 561 fidelibus

548 582 721 633 Quaerit
739 587 881 638 patria
902 585 1138 628 Caesarem.

375 649 519 691 Tutus
538 651 624 692 bos
645 652 806 693 etenim
827 667 928 695 rura
948 655 1232 707 perambulat
1249 668 1260 706 ;

141 780 162 801 α
175 771 258 802 dulci
271 772 371 813 domo,
383 772 454 811 plus
478 782 578 803 annuo
594 773 760 804 intervallo
776 775 947 803 morantem
966 773 1050 803 ultra
1065 782 1149 803 mare
1168 772 1391 811 Carpathium,
1412 780 1509 810 neque
1534 771 1601 800 vnl-

142 816 209 844 tum
218 814 334 845 avertit
347 814 387 845 ub
401 814 529 845 incurva
547 815 617 854 ripa
632 826 644 851 ;
668 816 714 846 ita
728 815 835 854 putria
849 814 1014 845 desideriis
1029 814 1311 855 accensafidelibus
1331 817 1457 854 exoptat
1474 813 1603 851 Augus-

142 858 219 886 tum.
266 855 353 888 Nam
367 857 419 888 bos
431 866 556 888 securus
568 867 626 898 per
645 867 768 898 campos
782 860 937 907 vagaturf
960 867 1054 896 agros
1056 857 1150 895 fovet
1167 857 1261 888 Ceres
1274 859 1305 888 et
1321 856 1482 888 abundans
1494 855 1603 893 felici-

751 945 788 961 οὐ
790 949 988 961 eeeeeeeee

141 1023 211 1045 sec.
234 1013 307 1047 Ait.
323 1018 354 1047 2.
371 1019 407 1047 et
423 1015 572 1047 Helmst.
590 1016 681 1046 nullo
695 1015 818 1046 seusu-³
831 1015 1008 1046 Jani.—13
1037 1014 1132 1046 Notis
1148 1025 1202 1055 ap.
1221 1013 1340 1045 Heius.
1359 1013 1401 1044 ad
1418 1013 1523 1044 Ovid.
1542 1014 1564 1044 l.
1578 1014 1598 1045 Ι.

141 1065 322 1096 operarum
340 1058 448 1099 lapsu.
500 1058 647 1099 Votisque
663 1058 750 1090 Cun.
773 1057 972 1098 omnibusque
986 1060 1018 1088 et
1031 1067 1080 1097 pr.
1107 1057 1244 1098 plurimi
1265 1057 1378 1087 Bentl.
1395 1062 1430 1086 et
1445 1057 1599 1095 aliorum,

140 1098 284 1131 Mentel.
300 1100 390 1141 Lips.
406 1103 438 1131 2.
453 1103 486 1131 3.
508 1101 651 1133 Locher.
678 1099 819 1131 omnibus
845 1103 876 1131 et
896 1109 948 1140 pr.
975 1099 1125 1131 Helmst.
1153 1101 1255 1130 Dess.
1272 1102 1304 1131 2.
1327 1099 1469 1129 omnibus
1485 1099 1542 1130 heu
1568 1102 1599 1130 et

136 1150 188 1181 pr.
211 1140 283 1173 Ait.
299 1145 330 1173 l.
351 1142 490 1174 omnibus
509 1142 590 1174 hunc
604 1146 635 1174 et
655 1152 703 1182 pr.
729 1142 806 1174 cod.
824 1141 904 1173 Ald.
929 1142 1053 1173 Venet.
1071 1144 1165 1173 1490.
1191 1142 1292 1182 Rutg.
1315 1141 1441 1180 Despr.
1458 1140 1599 1172 omnibus

139 1186 169 1213 et
183 1193 252 1214 cum
271 1194 320 1224 pr.
342 1185 459 1216 Bentl.
472 1187 524 1216 10.
539 1185 680 1216 omnibus
693 1187 786 1224 atque
800 1188 829 1215 et
845 1194 896 1225 pr.
912 1184 1011 1216 Gott.
1026 1185 1180 1215 ominibus
1195 1188 1286 1224 atque
1299 1193 1348 1223 pr.
1367 1183 1445 1213 Zar.
1462 1183 1600 1214 omnibus

139 1228 232 1265 atque
253 1235 304 1266 pr.
329 1226 422 1266 Lips.
437 1230 470 1259 4.
493 1227 648 1257 Medioll.
665 1232 748 1265 tres,
765 1226 908 1257 Venett.
938 1229 1032 1256 1478.
1057 1229 1153 1257 1486.
1185 1229 1280 1257 1492.
1306 1226 1474 1265 probante
1490 1225 1598 1256 Gesn.

139 1268 150 1284 ⁴
162 1267 247 1298 Cum
263 1268 394 1308 optima
408 1273 443 1299 et
452 1269 680 1308 pulcherrima
689 1268 734 1298 sit
747 1268 895 1298 omnium
913 1272 1106 1298 ceterorum
1119 1268 1202 1299 libb.
1220 1267 1324 1298 lectio
1342 1267 1553 1306 ominibusque
1567 1271 1599 1298 et

138 1317 188 1348 pr.
212 1314 283 1340 tum
299 1309 403 1341 facile
418 1310 636 1350 intelligitur,
659 1309 804 1350 primum
821 1318 865 1340 ex
887 1309 1040 1339 ominibus
1055 1309 1246 1340 aberrando
1262 1308 1392 1340 factum
1408 1318 1483 1340 esse
1498 1309 1599 1340 omni-

139 1351 214 1387 ὀιως
231 1351 321 1382 unde
333 1355 422 1390 post,
438 1360 514 1381 cum
532 1356 679 1382 metrum
696 1351 853 1381 laborare
869 1349 1050 1385 vidissent,
1063 1351 1164 1380 variae
1180 1352 1254 1381 istae
1269 1351 1414 1381 medelae
1432 1351 1598 1381 versuial-

137 1392 343 1424 inaestuant.
356 1392 566 1431 ominibusque
577 1395 608 1423 et
614 1401 663 1432 pr.
680 1393 786 1422 etiam
803 1391 901 1422 Harl.
919 1394 950 1421 1.
964 1393 995 1421 2.
1009 1393 1041 1422 3.
1057 1394 1090 1422 4.
1108 1395 1139 1422 5.
1155 1394 1187 1422 6.
1202 1393 1332 1422 advocat
1347 1392 1462 1422 Beutl.
1475 1392 1600 1431 Regin.

138 1443 158 1465 e
171 1434 413 1474 glesum—14
428 1433 545 1465 Lamb.
560 1432 694 1464 emend.
711 1434 864 1470 demovet,
880 1441 979 1473 quem
993 1432 1105 1463 secuti
1123 1433 1219 1464 Fabr.
1242 1433 1346 1474 Cruq.
1358 1433 1477 1474 Steph.
1494 1433 1598 1473 Rutg.

137 1475 220 1508 Fnb.
237 1477 365 1508 Dacer.
379 1476 499 1508 Burm.
516 1475 632 1507 Bentl.
647 1476 734 1506 Cun-
751 1475 876 1506 Sanad.
891 1474 1012 1507 Jones-
1026 1475 1162 1506 dimovet
1181 1484 1296 1506 omues
1314 1475 1432 1506 Lamb.
1447 1476 1544 1507 Torr.
1561 1482 1599 1507 et

137 1517 249 1549 Pulm.
265 1518 358 1559 Lips.
372 1521 402 1550 1.
415 1520 446 1549 2.
462 1520 493 1549 3.
508 1521 540 1550 4.
563 1517 650 1549 Altt.
663 1520 693 1549 1.
707 1520 740 1548 2.
765 1517 868 1549 Dess.
882 1520 912 1548 l.
926 1519 958 1547 2.
984 1517 1134 1548 Helmst.
1150 1521 1186 1548 et
1200 1518 1344 1549 Mentel.
1363 1522 1432 1549 tres
1446 1517 1597 1550 Blandd.

137 1559 240 1602 Crnq.
258 1560 320 1602 (de
335 1561 460 1592 ceteris
476 1560 523 1591 nil
539 1560 596 1591 ille
612 1558 737 1599 refert)
753 1559 821 1590 duo
837 1560 970 1590 Bersm·
983 1559 1124 1590 Venett.
1144 1560 1288 1591 Locher.
1308 1562 1451 1591 Ascens.
1475 1560 1597 1592 Basili.

135 1601 264 1634 Muret-
288 1603 408 1637 Heius.
434 1603 535 1634 Baxt.
573 1603 664 1639 Jaui,
691 1603 832 1642 Bipont.
849 1601 992 1633 Mitscli.
1013 1602 1156 1633 Wetzel.
1173 1602 1308 1633 Wakef.
1328 1603 1371 1633 al.
1414 1603 1424 1619 ⁴
1442 1603 1595 1634 Verbum

134 1644 259 1676 bonum
275 1649 312 1676 et
327 1645 540 1686 exquisitius,
565 1645 598 1675 iu
628 1650 724 1676 tanta
746 1644 968 1684 auctoritate,
985 1643 1146 1684 praetuliss
1168 1645 1346 1676 Jani.—15
1374 1645 1418 1675 Et
1432 1646 1597 1677 desideriis

135 1686 230 1728 Lips.
241 1689 274 1718 4.
298 1687 391 1726 jtoeta
403 1687 556 1730 fidelibus
570 1687 717 1719 Mentel.
733 1696 750 1717 a
768 1697 812 1717 m.
828 1696 896 1718 sec.
913 1689 998 1717 tactu
1012 1686 1164 1727 fidelibus
1180 1696 1247 1717 var.
1265 1688 1347 1718 lect.
1365 1697 1419 1726 ap.
1433 1687 1596 1719 Joues.—-

134 1731 176 1760 17
201 1729 307 1760 Ferre
333 1739 397 1760 non
425 1734 569 1770 potuere
592 1730 665 1760 VV.
681 1729 760 1760 DD.
784 1729 868 1759 illud
896 1737 973 1758 rura
999 1729 1112 1759 statim
1137 1728 1170 1758 iu
1190 1738 1236 1758 vs.
1257 1738 1329 1768 seq.
1347 1730 1543 1769 repetitum,
1558 1734 1596 1762 et

136 1770 337 1802 alterutrum
363 1771 519 1803 vitiosum
543 1781 628 1810 esse,
644 1771 858 1812 judicarunt.
903 1769 1018 1810 Igitur
1039 1779 1101 1809 pro
1125 1770 1228 1810 priori
1252 1780 1341 1808 rura,
1363 1781 1410 1800 vs.
1429 1774 1479 1801 17.
1502 1775 1595 1810 prata

134 1813 314 1852 legendnm
329 1815 465 1847 censuit
483 1814 607 1853 Faber,
630 1813 722 1855 quod
747 1816 955 1853 receperunt
981 1812 1107 1843 Sanad.
1131 1818 1166 1843 et
1192 1812 1281 1843 Sivr.
1330 1814 1460 1843 Contra
1476 1813 1592 1845 Bentl.

135 1855 170 1888 n.
185 1855 205 1887 Ι.
223 1865 300 1887 rura
315 1857 469 1896 retinuit,
485 1859 520 1888 at
536 1857 570 1888 in
589 1866 639 1887 vs.
661 1858 713 1888 18.
734 1865 809 1886 mara
825 1854 971 1886 mutavit
986 1854 1019 1885 in
1033 1853 1140 1892 farra.
1187 1854 1335 1894 Cuning.
1352 1864 1433 1886 vero
1451 1864 1513 1895 pro
1530 1856 1593 1887 hoc

793 1948 937 1982 NOTAE

178 2016 218 2046 13
241 2013 553 2054 Votieominibusque
570 2013 726 2055 [omnibus
737 2013 833 2053 hunc]
887 2012 1024 2047 montis,
1049 2013 1140 2044 unde
1179 2013 1351 2054 respicere
1381 2019 1519 2055 poterat
1550 2016 1592 2047 de

135 2063 269 2104 Legunt
299 2064 467 2106 plerique,
501 2065 583 2096 votis
613 2065 836 2105 ominibusque,
888 2062 1084 2103 longinquo.
1131 2063 1176 2094 Et
1188 2063 1267 2095 dum
1280 2065 1518 2104 specularetur
1532 2065 1591 2096 ad-

133 2112 199 2144 hoc
229 2122 357 2144 sensu:
389 2118 499 2146 mater
529 2114 630 2145 anxia
663 2123 730 2146 non
760 2119 833 2145 tan·
887 2117 1028 2143 ventum
1054 2112 1117 2144 filii
1130 2114 1201 2155 jam
1219 2114 1346 2145 dudum
1365 2115 1528 2155 absentis,
1545 2117 1591 2147 vl-

133 2165 206 2193 turn
235 2166 315 2194 vota
342 2171 529 2204 precesque
554 2164 632 2195 Diis
657 2169 833 2205 nuncupat

133 2221 196 2252 pro
212 2210 272 2247 filii
285 2211 397 2243 reditu
411 2217 447 2243 et
459 2213 700 2249 incolumitate,
721 2214 781 2245 sed
797 2217 834 2245 et

131 2260 244 2292 omina
259 2261 388 2302 quaevis
410 2262 545 2302 arripit,
572 2261 667 2304 quasi
687 2262 832 2294 totidem

130 2311 400 2353 praesagitiones.

175 2364 216 2394 14
240 2362 309 2393 Nec
322 2362 440 2401 faeiem
462 2362 569 2394 littore
586 2362 736 2404 dimovet]
759 2362 830 2394 Ob-

96 2436 99 2438 ,
133 2419 272 2442 servans
287 2410 512 2443 adventantes
533 2412 758 2454 undequaque
774 2422 831 2443 na-

133 2469 202 2498 ves,
219 2471 289 2503 prae
302 2461 469 2501 desiderio
481 2461 538 2493 filii
552 2461 716 2503 absentis,
731 2472 831 2503 quem

134 2510 271 2552 siugulis
285 2511 378 2543 horis
402 2511 600 2543 redeuntem
619 2516 782 2552 expectat
798 2515 833 2543 et

134 2555 286 2603 exoptat.
329 2561 386 2593 Sic
401 2562 516 2593 'robia-
533 2567 643 2593 mater
659 2562 669 2578 ‘
681 2562 831 2603 quotidie

135 2610 292 2645 exsiliens
299 2612 609 2653 circumspiciebat,
619 2616 655 2643 et
664 2611 832 2643 circuibat

134 2657 207 2690 vias
222 2669 348 2699 omnes,
365 2671 428 2702 per
447 2671 529 2703 quas
555 2671 632 2702 spes
659 2661 833 2692 remeandi

136 2707 328 2750 videbatur,
349 2716 389 2743 ut
404 2713 524 2753 procul
545 2711 680 2743 videret
700 2721 789 2751 eum,
804 2711 833 2742 si

135 2757 210 2789 fieri
227 2765 354 2800 posset,
369 2762 559 2794 venientem
576 2784 584 2792 .
597 2784 606 2793 .
620 2783 628 2793 .
643 2785 651 2793 .
669 2761 715 2793 Et
731 2762 829 2793 sede-

135 2807 195 2839 bat
208 2818 305 2840 secus
320 2810 406 2841 viam
421 2812 586 2852 quotidie,
598 2813 631 2844 in
646 2812 829 2853 supercilio

887 2162 939 2193 dit
955 2163 1102 2204 alonge,
1127 2169 1163 2194 et
1185 2164 1279 2195 illum
1296 2165 1436 2205 agnovit
1451 2166 1591 2196 venien-

888 2218 968 2252 tem,
984 2222 1192 2255 currensque
1213 2215 1386 2246 nuntiavit
1410 2215 1483 2246 viro
1502 2215 1590 2254 suo‚’

890 2264 956 2293 διο.
1002 2262 1091 2295 Tob.
1108 2273 1184 2304 cap.
1202 2273 1238 2295 x.
1252 2268 1290 2294 et
1308 2272 1359 2295 xl.

934 2315 975 2344 16
999 2313 1123 2349 Qua-rit
1152 2314 1257 2354 putria
1293 2314 1463 2355 Coesnrem]
1501 2315 1591 2346 Vota

891 2363 1026 2403 publice
1043 2369 1205 2404 suscepta
1221 2373 1282 2404 pro
1299 2364 1410 2395 reditu
1429 2363 1589 2405 Augusti,

886 2413 996 2445 refert
1026 2414 1095 2446 Dio
1125 2414 1183 2445 lib.
1213 2423 1286 2445 mv.
1332 2414 1420 2444 Vide
1446 2414 1588 2446 Suetou.

887 2464 1012 2496 Octav.
1033 2474 1110 2505 cap.
1127 2468 1181 2496 57.
1227 2465 1307 2496 Huc
1330 2469 1366 2496 et
1389 2463 1509 2496 referri
1530 2473 1588 2503 po-

888 2519 958 2546 test
970 2524 1087 2546 cusum
1099 2514 1262 2545 numisma
1275 2524 1317 2545 ex
1329 2524 1391 2544 una
1404 2518 1503 2554 parte
1513 2523 1593 2545 con-

888 2565 999 2596 tinens
1019 2566 1262 2606 Epigraphen:
1293 2573 1319 2595 s.
1346 2573 1379 2595 P.
1399 2573 1434 2598 Q.
1459 2572 1494 2594 ιι.
1516 2572 1587 2596 cAE—

888 2622 968 2645 smu
981 2622 1150 2645 Avevsro
1165 2624 1173 2643 :
1198 2623 1241 2643 ex
1255 2613 1363 2644 altera
1375 2622 1473 2644 vero:
1492 2621 1587 2644 vo'rA

887 2673 992 2696 Pvm..
1009 2672 1185 2696 sxscep‘rA
1209 2672 1283 2694 pao
1307 2672 1439 2696 SALVTE
1462 2672 1506 2695 m·
1527 2672 1588 2695 RE-

888 2723 950 2745 m‘r
977 2735 985 2744 .

932 2724 974 2795 Ιζ
998 2764 1096 2794 Tutus
1111 2762 1164 2793 bos
1177 2762 1303 2801 etenim,
1318 2763 1388 2804 &cd
1423 2763 1586 2795 Rationes

887 2813 986 2845 affert
1000 2813 1043 2844 ob
1060 2821 1143 2853 quas
1159 2812 1301 2844 Romani
1320 2815 1498 2854 tantopere
1516 2812 1584 2844 Au-
