1890 3256
395 289 503 331 1086
865 301 907 337 Q.
939 298 1141 329 HORA'rn
1174 297 1346 328 πωροι

396 392 499 433 Non
522 392 665 432 animo
685 402 825 431 curas.
884 389 1046 429 Valeat
1067 401 1292 441 possessor
1313 392 1501 442 oportet,

395 458 444 497 Si
463 457 746 510 comportatis
766 455 897 495 rebus
919 455 1024 494 bene
1043 455 1208 505 cogitat
1234 456 1311 508 uti..
1753 454 1809 494 50

396 521 486 571 Qui
507 522 624 575 cupit
645 525 720 561 aut
740 520 908 568 metuit,
921 519 1054 572 juvat
1072 519 1192 559 illum
1212 519 1275 558 sic
1293 519 1446 560 domus
1463 522 1504 559 et
1522 530 1603 568 res,

395 586 459 627 Ut
478 587 644 640 lippum
667 587 801 638 pictae
822 585 1001 633 tabulae,
1022 584 1211 625 fomenta
1231 584 1477 636 podagram,

394 651 624 692 Auriculas
643 650 819 691 citharae
841 649 1027 690 collecta
1047 649 1176 689 sorde
1199 649 1409 690 dolentes.

394 717 616 757 Sincerum
636 720 703 756 est
721 716 807 755 nisi
828 727 922 763 vaS,
946 715 1251 768 quodcumque
1270 713 1474 762 infundis,
1493 713 1669 755 acescit.

395 781 554 834 Sperne
574 781 848 833 voluptates:
881 785 1013 821 nocet
1033 784 1146 821 emta
1167 781 1313 820 dolore
1333 780 1549 832 voluptas.
1753 780 1811 819 55

395 847 575 898 Semper
595 858 751 886 avarus
771 849 890 897 eget:
922 850 1087 885 certum
1110 849 1210 885 voto
1231 849 1331 897 pete
1350 845 1492 884 finem.

396 911 576 952 Invidus
596 911 774 952 alterius
795 910 1024 951 macrescit
1042 910 1171 950 rebus
1191 909 1374 962 opimis:

391 1033 506 1063 domini
517 1033 693 1062 laborantis.
739 1033 870 1071 Oportet
881 1031 952 1062 bene
965 1033 1063 1062 tulere
1074 1040 1283 1070 possessorem,
1299 1034 1334 1060 ut
1341 1031 1471 1068 fruatur
1485 1031 1638 1070 congestis
1645 1031 1808 1068 facultati-

394 1075 458 1104 bus.
500 1073 600 1103 Porro
614 1073 748 1112 quisquis
768 1074 815 1103 vel
835 1073 1005 1111 cupiditate
1019 1074 1064 1103 vel
1077 1072 1186 1102 timore
1197 1071 1403 1110 conflictatur,
1417 1081 1477 1102 non
1497 1072 1596 1109 magis
1617 1074 1740 1111 prodest
1760 1073 1809 1103 illi

393 1117 498 1145 domus
520 1117 549 1144 et
570 1114 709 1153 pecunia,
723 1123 810 1153 quam
832 1115 912 1152 lippo
937 1114 1055 1143 tabellae
1077 1113 1180 1152 pictae,
1202 1113 1348 1151 podagrae
1361 1113 1511 1150 fomenta,
1534 1117 1626 1152 utqioe
1639 1114 1764 1144 auribus
1774 1113 1810 1143 ob

392 1157 495 1186 sordes
509 1159 680 1186 contractas
701 1157 778 1186 mole
800 1154 921 1195 affectis
943 1155 1070 1184 citharae
1093 1153 1226 1184 suaviter
1246 1157 1430 1184 resonantes.
1475 1154 1601 1185 Mature
1615 1154 1722 1190 sor-ma
1743 1157 1811 1184 tuos

391 1207 500 1229 mores.
534 1197 618 1227 Nam
629 1197 658 1227 si
671 1206 724 1228 sas
737 1206 796 1227 non
809 1199 855 1226 est
866 1204 987 1235 purum,
1002 1195 1144 1234 quicquid
1157 1195 1304 1224 immittes
1317 1195 1489 1226 vitiabitur.
1527 1197 1692 1226 Contemne
1706 1196 1809 1234 volup-

393 1241 484 1269 tates.
529 1238 672 1269 Dolorem
684 1241 768 1268 creat
780 1238 919 1277 voluptas
933 1245 1016 1275 oegre
1030 1236 1168 1276 quoesita.
1202 1235 1325 1266 Avarus
1338 1245 1456 1276 semper
1476 1240 1522 1267 ese
1545 1236 1640 1276 inops.
1683 1237 1812 1266 Modum

390 1289 466 1319 pone
480 1279 638 1320 definitum
652 1279 826 1320 cupiditati.
867 1278 996 1309 Invidus
1006 1280 1163 1317 torquetur
1173 1277 1260 1308 rebus
1279 1277 1432 1317 prosperis
1445 1277 1581 1309 alterius.
1608 1277 1741 1317 ,Sicilioe
1763 1280 1811 1317 ty-

992 1370 1224 1385 eeeeeeeeeee

393 1448 429 1475 et
448 1444 575 1476 Valart.
590 1445 807 1482 febrem—50
830 1443 983 1483 Angelic.
1001 1445 1031 1474 1.
1059 1452 1078 1473 a
1101 1453 1144 1474 m.
1161 1451 1212 1482 pr.
1225 1443 1501 1482 compar-atis.-—51
1525 1443 1619 1473 vau.
1635 1445 1663 1473 1.
1677 1445 1708 1472 6.
1733 1442 1813 1473 Vnt.

396 1486 490 1516 Rom.
505 1489 535 1517 4.
554 1496 572 1516 a
589 1495 630 1516 m.
648 1495 698 1526 pr.
714 1490 750 1516 et
764 1485 819 1516 ed.
835 1485 954 1523 Jaeck,
974 1485 1057 1524 cupit
1069 1494 1105 1514 ac
1119 1485 1239 1515 metuit.
1272 1485 1351 1515 Vat.
1369 1487 1418 1515 17.
1439 1484 1518 1514 Vnt.
1535 1484 1630 1514 Rom·
1644 1485 1675 1513 1.
1692 1487 1727 1513 et
1739 1482 1815 1514 Chi-

394 1527 477 1558 sian.
494 1530 523 1558 l.
545 1531 575 1558 ee
590 1527 721 1563 metuit;
745 1526 831 1566 quod
847 1529 1050 1565 receperunt
1066 1525 1132 1556 Fea
1147 1530 1182 1555 et
1197 1525 1317 1564 Bothe,
1340 1528 1394 1556 aut
1412 1525 1519 1556 metuit
1534 1524 1568 1555 in
1584 1523 1722 1564 reiiquis
1736 1524 1813 1555 edd.

395 1573 431 1598 et
456 1567 555 1598 codd.
584 1567 685 1598 etiam
714 1567 853 1597 Bodoni.
876 1570 930 1597 aut
946 1575 994 1597 res
1009 1565 1086 1597 edd.
1104 1570 1186 1596 vett.
1206 1575 1242 1596 uc
1262 1576 1310 1597 res
1325 1566 1466 1605 Cuning.
1478 1565 1600 1596 Sanad.
1616 1570 1652 1596 et
1666 1565 1815 1596 Francis.

394 1612 424 1639 et
439 1617 489 1639 res
503 1608 598 1639 Vatt.
611 1611 640 1638 1.
655 1611 686 1638 3.
702 1610 733 1638 4.
747 1611 778 1638 5.
793 1611 824 1639 7.
839 1610 871 1638 9.
889 1610 939 1638 10.
957 1610 1007 1637 13.
1031 1607 1124 1637 Vati.
1142 1607 1235 1637 Rom.
1251 1609 1283 1638 2.
1297 1610 1330 1638 4.
1343 1610 1374 1637 5.
1388 1609 1419 1637 6.
1436 1609 1467 1638 ⁷.
1481 1609 1512 1638 8.
1548 1607 1642 1637 Vatt.
1658 1605 1770 1636 palat.
1787 1609 1816 1636 l.

394 1652 426 1680 4.
448 1649 592 1680 Chisian.
610 1651 639 1680 1.
663 1648 817 1679 Valiicel.
832 1651 865 1680 4.
888 1649 982 1678 Hari.
995 1651 1023 1678 1.
1039 1650 1070 1678 2.
1086 1650 1104 1678 3
1131 1649 1163 1678 4.
1177 1650 1208 1678 ὃ.
1223 1650 1254 1678 7.
1277 1648 1331 1678 aiii
1345 1647 1444 1679 codd.
1460 1657 1514 1688 ap·
1531 1646 1649 1678 Lan-ib.
1665 1647 1765 1687 Cruq.
1780 1652 1817 1677 et

395 1691 526 1721 Valart.
551 1690 598 1721 sie
622 1690 700 1721 edd.
727 1690 826 1720 Baxt.
845 1690 957 1720 Benti.
974 1689 1077 1720 Gesu.
1093 1669 1199 1719 Zeun.
1213 1689 1362 1729 Sandby‚
1378 1688 1529 1720 Oberiin.
1545 1688 1683 1728 Bipont.
1699 1687 1816 1719 Comb.

395 1730 688 1763 Wakef.Wetze1.
705 1731 810 1761 Kidd.
839 1731 915 1770 Fen,
942 1730 1065 1769 Bothe,
1087 1730 1208 1769 Jaeck,
1224 1734 1258 1761 et
1276 1730 1510 1769 Doering.-52
1533 1729 1611 1760 Vat.
1633 1731 1684 1760 14.
1705 1728 1816 1759 tabula

392 1773 504 1812 pictae;
527 1773 574 1803 sic
594 1772 783 1803 Hildebert.
799 1772 886 1803 Mor.
904 1772 989 1803 Phil.
1006 1772 1069 1802 col.
1085 1773 1157 1802 988.
1183 1776 1219 1802 et
1245 1771 1388 1811 Cuning.
1412 1770 1422 1787 ‘
1438 1773 1589 1801 tormenta
1603 1767 1738 1800 Wakef.
1758 1777 1816 1799 au-

395 1814 526 1852 dacter,
543 1823 585 1844 ex
600 1813 737 1844 Buherii
760 1814 849 1853 conj.
872 1813 904 1843 in
923 1813 1056 1844 Antinoi,
1075 1812 1145 1843 Lat.
1160 1812 1275 1842 Burm.
1302 1821 1341 1843 n.
1365 1821 1397 1851 p.
1421 1811 1508 1842 485!
1530 1811 1607 1842 Fen.
1648 1809 1818 1849 podagrum

395 1855 509 1886 Benti.
524 1865 565 1884 ex
580 1855 666 1894 conj.
681 1855 757 1885 inde
773 1854 893 1885 Sanad.
909 1854 1051 1884 Wetzei.
1067 1857 1102 1883 et
1119 1853 1221 1884 Kidd.
1244 1853 1363 1891 probat
1379 1853 1483 1882 Baxt.
1519 1853 1528 1868 ⁸
1543 1851 1610 1882 Sed
1627 1849 1711 1881 bene
1729 1851 1816 1891 posi-

396 1900 465 1925 tum
481 1900 516 1926 et
530 1895 735 1926 abstractum
753 1905 813 1935 pro
829 1899 999 1932 concreto,
1017 1900 1054 1923 ut
1075 1898 1170 1923 notat
1190 1893 1222 1924 J.
1239 1892 1280 1923 A.
1300 1891 1455 1923 Ernesti!
1481 1891 1636 1922 Ἐρῶ-54
1658 1891 1818 1922 Sine-erum

395 1936 456 1966 nisi
479 1936 707 1966 Schoenboru.
723 1938 753 1965 3.
769 1939 801 1966 4.
823 1936 896 1965 sine
911 1938 967 1964 est.
1017 1935 1078 1964 Vae
1097 1933 1160 1964 nisi
1183 1933 1334 1964 sincerum
1353 1937 1398 1964 est
1416 1933 1491 1962 Vat.
1513 1933 1607 1962 Rom.
1623 1935 1654 1963 7.
1676 1932 1817 1969 infundet

395 1976 622 2007 Schoenborn.
636 1979 668 2007 4.
689 1979 803 2007 acescet
825 1976 904 2006 Vat.
921 1976 1016 2005 Rom.
1041 1978 1071 2004 8.
1096 1975 1180 2004 alius
1196 1974 1274 2005 item
1297 1973 1371 2004 cod.
1388 1983 1441 2013 ap.
1459 1973 1656 2004 Palm—5?
1674 1973 1818 2004 Schoen-

398 2017 491 2048 born.
508 2020 537 2048 3.
561 2018 648 2048 rebus
662 2017 840 2052 marcescit,·
864 2021 897 2047 et
925 2016 971 2046 sic
998 2015 1134 2046 Hildeb.
1157 2015 1245 2046 Mor.
1261 2015 1324 2045 coi.
1345 2016 1419 2045 979.
1434 2013 1593 2044 marcescit
1607 2013 1708 2044 etiam
1724 2014 1818 2046 Vatt.

399 2061 449 2089 16.
464 2059 541 2089 Vat.
558 2059 652 2089 Rom.
663 2061 694 2089 2.
712 2068 732 2088 a
746 2068 788 2089 m.
803 2067 853 2098 pr.
865 2058 944 2088 Vat.
963 2057 1056 2087 Rom.
1069 2058 1101 2088 7.
1125 2055 1270 2087 Chisian.
1284 2058 1313 2087 1.
1331 2065 1351 2086 a
1366 2064 1408 2086 m.
1423 2064 1491 2087 sec.
1509 2060 1545 2086 et
1561 2055 1818 2087 Barbetium.-

1041 2148 1071 2180 N
1078 2147 1180 2180 0¹1*AE

439 2226 481 2254 49
521 2222 629 2254 Valeat
662 2233 813 2262 possessor
848 2226 977 2262 oportet,
1013 2221 1081 2261 esa]
1135 2229 1276 2250 moerore
1312 2218 1516 2250 afficimuri’
1557 2220 1591 2251 S.
1621 2220 1816 2260 Hieronym.

399 2272 488 2304 Quid
506 2276 645 2312 prosunt
660 2280 740 2311 opes
757 2272 865 2309 diviti,
889 2271 915 2302 si
938 2280 1028 2312 aeger
1041 2271 1084 2301 sit
1135 2273 1253 2299 contra
1277 2267 1445 2300 Joviniau.
1467 2269 1476 2284 ‘
1503 2268 1629 2299 Irridet
1657 2268 1817 2300 Horatius

399 2320 520 2359 animo,
541 2319 592 2351 vei
609 2320 772 2360 corpore?
816 2319 842 2349 si
857 2318 959 2359 febri,
975 2320 1003 2350 si
1018 2329 1084 2350 me·
1136 2317 1324 2358 appetitum
1345 2316 1506 2355 ciborum,
1526 2317 1582 2357 qui
1604 2319 1703 2348 sumti
1720 2317 1817 2346 relin-

400 2372 436 2398 tu
460 2369 510 2399 vei
533 2368 719 2407 cupiditate
745 2373 950 2408 torqueatur,
974 2378 1015 2399 an
1036 2368 1084 2399 di·
1137 2371 1242 2407 quunt
1257 2364 1484 2405 poenitentium
1499 2374 1506 2394 :
1522 2364 1649 2404 dicens,
1667 2367 1676 2381 ⁴
1689 2364 1818 2404 Sperne

400 2418 490 2448 vitiae
507 2418 729 2448 sublevabunt
742 2418 754 2448 ?
1138 2416 1339 2456 voluptates,
1356 2419 1453 2444 uocet
1465 2413 1579 2452 emta}
1593 2413 1602 2427 '
1617 2416 1680 2444 διο.

442 2469 484 2497 52
512 2466 557 2497 Ut
570 2466 682 2505 lippum
690 2466 792 2506 pictae,
805 2466 874 2506 asa]
894 2464 1084 2496 Similitudo
1179 2468 1220 2496 56
1241 2464 1365 2504 Semper
1375 2471 1487 2493 avarus
1499 2462 1582 2502 eget]
1601 2461 1712 2493 Avaro
1721 2462 1819 2493 deest

401 2515 599 2554 conglobata
615 2515 680 2554 hic,
695 2519 785 2552 ante,
799 2518 835 2545 et
851 2518 975 2554 postea.
1138 2518 1206 2545 tam
1228 2511 1316 2553 quod
1341 2510 1441 2542 habet
1463 2520 1560 2551 quam
1576 2511 1669 2552 vqnod
1684 2520 1749 2542 non
1763 2511 1819 2542 hu·

445 2567 484 2595 63
506 2564 670 2595 Auriculas
690 2563 907 2603 cithoroe,&c.]
929 2563 1000 2594 Ista
1015 2562 1086 2603 qui·
1138 2563 1206 2594 bet·

401 2613 477 2644 dem
500 2612 621 2643 ieviter
649 2612 832 2652 oblectant,
857 2617 893 2642 et
919 2612 1087 2652 paulisper
1180 2611 1305 2640 Certum
1326 2611 1392 2639 voto
1410 2610 1478 2648 pete
1490 2606 1605 2649 fiunem]
1629 2607 1767 2639 Modum
1783 2611 1818 2638 et

403 2661 523 2693 fallunt
533 2661 678 2692 dolorem
693 2672 702 2699 ;
718 2670 925 2701 nequaquam
937 2665 1066 2692 sanant.
1137 2658 1235 2690 finem
1252 2662 1363 2688 statue
1386 2656 1563 2696 cupiditati
1583 2661 1620 2688 et
1635 2656 1816 2688 desideriis.

445 2713 483 2740 55
509 2710 606 2741 Nocet
619 2713 700 2740 emta
714 2710 816 2741 dolore
830 2709 983 2749 voluptas]
1013 2709 1086 2739 Me·
1139 2707 1224 2739 Vide
1242 2716 1294 2738 111.
1312 2706 1378 2738 Od.
1393 2709 1443 2737 16.

403 2757 550 2789 nauder:
574 2759 584 2775 ‘
597 2759 706 2792 Quam
724 2766 813 2798 saepe
831 2758 874 2789 ob
898 2757 1085 2797 voluptates
