1904 3256
330 276 414 318 672
798 291 840 326 Q.
873 287 1078 318 nonA'rn
1114 286 1283 316 FLAcci

556 380 707 431 Longo
729 370 798 421 die
818 380 886 419 bis
901 383 1048 431 terque
1069 382 1248 420 mutatae
1267 378 1395 432 dapis

611 445 794 485 lnemori
809 445 1058 496 spectaculo
1071 457 1082 494 ;
1631 480 1634 485 λ

556 510 663 550 Cum
685 510 947 562 promineret
966 522 1052 559 ore,
1073 515 1279 563 quantum
1300 513 1449 550 extant
1469 508 1658 565 aqueas
1690 507 1748 548 35

608 576 828 627 Suspensa
847 580 992 615 mento
1011 587 1218 628 corpora:

554 639 722 680 Exusta
742 640 804 680 uti
826 640 1030 690 medulla,
1050 645 1096 681 et
1115 641 1280 682 aridum
1293 641 1416 694 Jecur

610 706 788 746 Amoris
809 709 922 746 esset
939 707 1146 759 poculum
1166 719 1177 757 ;

554 771 834 812 Interminato
853 783 951 811 cum
967 772 1098 812 semel
1114 771 1216 813 fixae
1237 771 1334 812 cibo

610 836 907 878 Intabuissent
924 838 1113 890 pupulae.
1693 834 1751 874 40

332 954 380 985 bis
393 957 447 985 aut
462 957 509 985 ter
522 954 751 985 immutator-um
759 964 771 990 ;
782 955 810 985 εἰ
825 955 944 994 quidem
956 954 1055 993 capite
1069 954 1195 985 extabat
1207 955 1351 993 quantum
1362 961 1484 992 corpora
1497 954 1596 982 mento
1607 958 1762 990 suspensa,

331 996 464 1027 eminent
476 1006 564 1036 super
577 1006 702 1036 aquam:
723 1000 757 1027 ut
772 1005 909 1027 arescens
922 996 1052 1026 medulla
1066 998 1096 1026 et
1110 996 1205 1035 hepar
1220 995 1404 1025 exsiccatum
1417 994 1510 1034 fieret
1525 992 1638 1023 arnor-‘⁸
1655 992 1752 1032 pltar-

329 1047 446 1068 macum
457 1041 615 1078 postquam
629 1037 849 1068 contabuissent
862 1037 985 1077 pupillae
999 1038 1089 1068 semel
1102 1037 1209 1078 iufixoe
1220 1037 1285 1067 cibo
1295 1035 1470 1067 interdicto.
1499 1035 1597 1066 Porro
1611 1037 1640 1065 et
1655 1033 1752 1064 otim

925 1128 1100 1141 MOOOO
1105 1128 1162 1140 ”O

330 1191 505 1221 dem—32
527 1191 629 1221 Liber
645 1196 860 1230 pervetustus
876 1202 931 1232 ap.
944 1193 1098 1223 'Pori-ent.
1120 1191 1241 1230 infusus
1259 1192 1433 1231 paen—33
1457 1189 1535 1220 Ald.
1549 1188 1644 1220 sunt.
1661 1188 1701 1219 R.
1717 1191 1753 1218 et

332 1232 378 1263 H.
408 1232 524 1272 Steph.
553 1231 634 1262 Fab.
667 1233 824 1273 Rutgers.
850 1233 1000 1266 Lambin.
1030 1234 1132 1273 Cruq.
1162 1233 1291 1272 Grypli.
1317 1232 1471 1262 'rori-ent.
1497 1229 1604 1261 Bond.
1627 1229 1752 1269 Delph.

330 1273 501 1304 Schrevel.
522 1274 566 1305 al.
592 1274 639 1304 bis
663 1277 767 1311 terem
800 1274 893 1305 Harl.
911 1278 941 1306 l.
954 1278 986 1306 2.
999 1278 1030 1306 3.
1045 1278 1077 1306 4.
1091 1278 1121 1306 6.
1144 1283 1256 1305 omnes
1280 1272 1439 1312 Bentleii,
1459 1271 1572 1303 Schol.
1587 1270 1754 1310 Porphyr.

331 1315 447 1345 Zarot.
462 1315 603 1346 Venett.
617 1315 755 1346 Mediol.
769 1316 881 1347 Bentl.
897 1317 1015 1348 Sanad.
1031 1316 1173 1354 Cuning.
1186 1316 1286 1346 Baxt.
1299 1315 1446 1350 Towers,
1458 1312 1603 1349 Francis,
1617 1311 1754 1352 Bipont.

331 1355 628 1387 Mitsch.Wetzel.
650 1356 784 1387 Wakef.
810 1357 927 1388 Comb.
951 1362 987 1388 et
1017 1357 1120 1388 Kidd.
1145 1356 1191 1387 bis
1216 1357 1414 1395 terqua-3⁷
1438 1354 1527 1385 Mire
1550 1353 1679 1384 varient
1701 1352 1754 1384 hie

331 1396 429 1427 codd.
444 1397 581 1436 scripti:
606 1397 720 1428 Graev.
738 1398 898 1436 Bentleii,
913 1398 1015 1429 Brod.
1032 1397 1155 1428 Bland.
1174 1400 1202 1428 l.
1218 1400 1249 1428 2.
1260 1399 1291 1426 3.
1303 1398 1334 1427 4.
1360 1395 1508 1426 nonnulli
1524 1404 1578 1435 ap.
1592 1395 1752 1425 Torreat.

331 1442 368 1469 et
383 1438 481 1469 Harl.
497 1441 526 1469 l.
541 1440 616 1468 2.6.
642 1439 778 1474 Exeo-tm
801 1443 835 1469 et
854 1439 902 1470 eie
931 1439 1034 1478 Cruq.
1070 1440 1202 1469 Exeecta
1216 1436 1350 1478 quidam
1377 1446 1430 1476 ap.
1455 1437 1610 1467 Torrent.
1637 1435 1752 1466 Zarot-

331 1479 473 1510 Mediol.
496 1481 588 1510 1477.
606 1482 699 1510 1486.
722 1481 860 1510 Venett.
880 1483 973 1512 1477.
990 1483 1082 1511 1478.
1099 1482 1191 1512 1479.
1214 1484 1250 1510 et
1263 1479 1341 1509 Vet.
1363 1477 1478 1509 Comb.
1517 1477 1639 1508 Exerta
1654 1476 1752 1508 Bodl.

332 1530 394 1560 pro
408 1531 439 1551 v.
460 1521 482 1551 l.
506 1521 630 1551 Venet.
659 1523 754 1552 1486.
784 1524 875 1552 1490.
897 1522 1035 1552 Locher.
1063 1523 1210 1552 Florent.
1234 1520 1312 1551 Ald.
1338 1519 1497 1559 Rutgers.
1522 1519 1609 1550 Dan.
1630 1517 1753 1549 Heius.

328 1563 445 1602 steph.
463 1566 498 1593 et
511 1562 678 1592 Sclirevel.
723 1563 862 1593 Exsucta
875 1562 973 1594 Gott.
991 1563 1085 1594 Harl.
1100 1565 1133 1593 2.
1149 1565 1179 1593 3.
1190 1565 1222 1593 4.
1237 1561 1356 1592 Fui-Ira.
1375 1565 1411 1591 et
1423 1560 1557 1601 qnidam
1584 1559 1642 1591 alii
1658 1560 1753 1594 Lum-

332 1604 415 1639 bini,
443 1612 526 1633 unus
551 1604 758 1641 Bersmanni‚
785 1604 867 1635 Div.
894 1604 1012 1635 Lamb.
1038 1605 1198 1634 Torrent.
1223 1603 1340 1633 Faber.
1361 1603 1476 1633 Maitt.
1494 1601 1629 1632 Talbot.
1654 1601 1753 1638 Piae,

330 1644 480 1683 Sandby,
497 1648 532 1674 et
555 1644 690 1675 Mitscli.
735 1645 858 1675 Exacta
886 1645 1024 1675 Divaeus
1049 1654 1106 1684 ap.
1129 1645 1232 1684 Cruq.
1260 1644 1386 1675 Battel.
1411 1642 1558 1675 Bentleii
1586 1651 1647 1682 pro
1677 1651 1706 1673 v.
1729 1642 1753 1672 Ι.

333 1685 479 1717 Blandd.
496 1695 548 1725 ap.
564 1686 666 1725 Crnq.
683 1695 744 1724 pro
760 1695 790 1716 v.
805 1687 828 1718 l.
842 1690 878 1717 et
891 1686 1016 1726 Delph.
1059 1687 1166 1716 Exutu
1182 1694 1264 1716 unus
1285 1685 1496 1716 Bersmanni.
1541 1685 1658 1716 Exulta
1670 1683 1755 1714 Bar-

331 1728 421 1758 thius
438 1726 580 1758 Advers.
597 1735 742 1758 xxxvn.
757 1730 809 1758 15.
848 1727 1112 1768 ExuaeaKZulich.
1127 1726 1272 1758 Bentleii
1289 1735 1354 1757 una
1369 1726 1466 1760 litera
1479 1735 1586 1757 erasa.
1633 1726 1756 1757 Exusta

331 1778 418 1799 unus
432 1768 611 1807 Torrenfii,
626 1769 726 1799 Baxt.
743 1770 845 1800 Gesn.
861 1769 966 1800 Zeun.
990 1769 1106 1800 Comb.
1122 1773 1156 1799 et
1171 1769 1311 1808 Bipont.
1359 1768 1460 1798 Exesa
1475 1767 1592 1798 Beati.
1611 1766 1753 1798 wetzel.

333 1815 369 1840 et
381 1810 486 1840 Kidd.
530 1810 647 1840 Ernesto
664 1809 796 1840 Wakef.
839 1811 982 1840 Exsuccu
996 1811 1120 1841 Sanad.
1137 1810 1277 1848 Cuning.
1291 1810 1438 1847 Towers;
1451 1814 1486 1839 et
1501 1808 1651 1839 Francis.
1686 1807 1752 1838 Ex·

333 1861 385 1887 esa
400 1851 452 1881 vel
469 1851 587 1881 Exesta
600 1854 650 1880 est
664 1851 859 1890 conjectura
872 1851 948 1882 Nic.
964 1851 1095 1882 Heinsii
1108 1851 1148 1881 ad
1166 1850 1267 1882 Ovid.
1281 1851 1365 1881 Met.
1381 1859 1456 1881 xxv.
1469 1852 1542 1880 208.
1564 1854 1600 1880 et
1614 1848 1754 1879 Advers.

333 1901 386 1922 ιν.
410 1894 440 1922 1.
484 1891 609 1922 Similis
633 1890 705 1922 fere
731 1891 874 1922 varietas
896 1901 951 1931 ap.
978 1892 1106 1922 Tibull.
1133 1900 1158 1922 ι.
1186 1894 1236 1922 10.
1260 1894 1312 1922 37.
1358 1892 1517 1921 Exhausto
1542 1890 1630 1928 conj.
1652 1889 1753 1920 etiam

331 1933 444 1964 Bentl.
459 1941 555 1974 quem
573 1932 658 1963 vide.
694 1933 703 1949 ‘
718 1933 800 1963 Cum
818 1933 935 1963 Execta
949 1935 985 1963 et
1002 1933 1122 1963 Exerta
1144 1931 1210 1962 sint
1235 1931 1435 1970 optimorum
1458 1931 1622 1970 codicum,
1638 1938 1681 1960 ex
1703 1930 1753 1960 his

333 1975 457 2006 Exusta
482 1972 625 2012 confeci,
639 1983 712 2014 quae
739 1973 813 2004 voci
837 1973 959 2004 aridum
983 1975 1110 2014 optime
1133 1973 1312 2004 convenire
1329 1973 1518 2004 videbatur.
1561 1971 1755 2004 Credebant

970 2065 1106 2098 NOTAE

375 2129 416 2158 33
438 2128 499 2159 Bis
520 2133 625 2168 terque
639 2131 764 2159 mutatoe
778 2128 867 2168 dapis
884 2128 1019 2159 [nemori

333 2177 515 2217 spectaculo]
558 2178 724 2209 Nimirum
762 2187 844 2217 puer
877 2176 1018 2207 infossus

1070 2128 1124 2167 sit,
1149 2127 1329 2168 ‘quantum
1356 2131 1473 2159 extant
1489 2136 1573 2168 aqua
1596 2135 1755 2166 suspensa

1071 2180 1186 2207 mento
1212 2175 1378 2216 corpora!
1425 2176 1587 2208 Quaenam
1615 2175 1647 2206 in
1669 2175 1754 2214 pati-

335 2225 418 2257 duos
442 2230 552 2257 tresve
575 2226 647 2257 dies
669 2227 781 2256 vivere
806 2230 951 2265 poterat,
965 2235 1019 2257 ca-

334 2275 407 2315 pite
433 2280 562 2313 extans,
585 2279 732 2306 mutatos
760 2275 902 2306 subinde
928 2275 1019 2306 cibos

334 2332 441 2364 prope
464 2333 500 2355 os
522 2324 660 2363 habens,
684 2329 884 2364 augescente
907 2333 1020 2355 eorum

335 2372 490 2413 appetitu
506 2377 542 2403 et
566 2371 656 2403 fame
672 2372 874 2402 diversarum
898 2373 1021 2411 dapum

338 2430 420 2461 quas
449 2421 615 2461 attingere
641 2430 706 2452 non
737 2425 878 2461 poterat,
905 2421 937 2451 in
965 2430 1021 2451 eas

336 2469 440 2501 fixum
461 2474 578 2500 tenens
604 2473 790 2510 aspectum,
812 2475 846 2500 et
871 2469 918 2499 sic
949 2473 1021 2500 tan-

337 2519 414 2550 dem
429 2518 606 2550 emoriens.
648 2519 892 2550 Existimabam
903 2528 1022 2558 nempe

336 2567 477 2599 hominis
493 2569 526 2598 in
541 2577 581 2598 ea
596 2567 759 2598 aviditate
783 2568 905 2598 mortui
924 2568 1023 2608 jecut·

338 2620 374 2646 et
388 2616 548 2648 medullas
564 2618 628 2648 vim
644 2617 768 2648 habere
783 2617 1021 2648 exstimulandi

337 2665 468 2695 amoris.

380 2715 420 2743 35
447 2714 524 2744 Cum
544 2717 729 2753 promineret
751 2725 815 2754 ore,
829 2714 896 2755 ssa]
917 2715 926 2732 ‘
945 2714 1019 2745 Non

338 2762 515 2802 intelligo,’
526 2762 633 2803 inquit
645 2764 911 2805 Hyper-criticus,
923 2764 931 2780 ‘
941 2763 1020 2803 quid

1072 2225 1149 2254 bulo
1163 2233 1325 2264 suspensa
1335 2229 1452 2256 extent
1463 2225 1504 2256 ab
1519 2223 1635 2266 aquai’
1654 2225 1754 2257 Quae-

1070 2282 1119 2312 so,
1133 2273 1254 2310 lector,
1267 2281 1309 2302 an
1327 2272 1397 2302 baee
1413 2282 1478 2303 non
1493 2272 1596 2304 facile
1609 2277 1645 2303 tu
1657 2272 1756 2303 iutel-

1069 2321 1166 2360 ligis?
1190 2321 1266 2351 Non
1281 2320 1328 2350 ita
1340 2327 1430 2350 certe
1446 2321 1573 2360 capies,
1587 2321 1664 2360 quid
1677 2321 1756 2352 Sca·

1071 2372 1156 2411 liger
1170 2371 1253 2402 velit
1263 2379 1324 2411 per
1339 2380 1432 2402 suum
1442 2371 1624 2410 patibulum,
1635 2369 1678 2400 de
1689 2377 1754 2408 quo

1071 2419 1123 2449 hic
1139 2420 1228 2450 nulla
1242 2418 1386 2457 mentio;
1410 2428 1484 2449 cum
1497 2419 1539 2449 nit
1551 2418 1685 2448 collatio
1699 2426 1756 2447 na-

1070 2469 1171 2499 tantis
1188 2473 1288 2508 atque
1311 2467 1394 2498 adeo
1417 2477 1501 2508 aqua
1523 2467 1620 2497 mersi
1635 2470 1670 2496 et
1686 2475 1755 2496 sus-

1071 2517 1178 2557 pensi,
1199 2521 1339 2546 extante
1362 2515 1403 2546 ab
1427 2524 1513 2556 aqua
1536 2516 1606 2545 eolo
1631 2514 1756 2554 capite,

1072 2575 1145 2598 cum
1160 2575 1261 2606 puero
1277 2571 1366 2597 terra
1381 2569 1542 2605 cooperto
1552 2570 1586 2596 et
1598 2573 1654 2595 ore
1671 2564 1753 2594 dun-

1074 2619 1166 2646 taxat
1184 2615 1395 2654 prominenti.

1117 2666 1157 2694 37
1180 2663 1310 2694 Aridum
1327 2662 1430 2702 jecur]
1452 2663 1556 2695 Jecur
1570 2662 1688 2693 amoris
1704 2670 1755 2692 se-

1075 2713 1147 2744 des.

1115 2761 1261 2801 Aridum]
1287 2761 1470 2793 Deficiente
1494 2770 1605 2801 succo,
1625 2764 1660 2792 et
1681 2759 1757 2791 sub-
