1904 3256
382 290 465 331 732
852 305 894 341 Q.
926 301 1127 332 noRATn
1163 300 1330 329 FnAoci

549 394 661 444 Quae
683 394 782 434 finis
796 395 814 431 'l
850 397 926 432 aut
945 391 1062 444 quod
1082 404 1150 431 me
1171 395 1315 432 manet
1334 391 1594 444 stipendium
1609 394 1628 433 ‘l

499 508 501 510 ι
549 460 717 500 Effare:
743 459 893 510 jussas
915 469 1014 497 cum
1034 456 1118 497 fide
1137 469 1291 509 poenas
1307 457 1440 506 luam,

551 526 735 564 Paratus
754 522 950 575 expiare,
977 534 1052 562 seu
1071 523 1328 575 poposceris

550 589 730 629 Centum
745 588 978 640 juvencos,
1000 588 1091 629 sive
1111 588 1305 630 mendaci
1326 588 1421 640 lyra

550 654 684 694 Voles
705 653 846 694 sonari
864 667 874 694 ε
906 658 952 694 tu
973 653 1145 706 pudica,
1162 658 1208 694 tu
1229 654 1381 706 proba,
1746 655 1798 695 40

549 718 877 759 Perambulabis
895 725 1015 760 astra
1035 719 1158 760 sidus
1178 731 1367 760 aureum.

554 783 733 824 Infamis
754 784 939 825 Helenae
962 784 1118 826 Castor
1137 785 1323 825 offensus
1342 786 1455 833 vice,

376 886 585 923 jacientibus?
629 886 707 922 Quis
729 887 897 918 terminus?
917 888 965 918 vel
985 897 1052 927 quae
1081 889 1192 919 mulcta
1220 893 1358 929 expectat
1387 900 1433 921 me
1457 889 1605 929 denique?
1647 883 1801 927 Loquer&

375 929 516 967 fideliter
529 928 682 959 exsolvam
692 938 797 968 poenas
811 938 1009 969 quascumque
1018 930 1214 970 imperaveris
1222 941 1234 967 ;
1249 932 1407 971 expeditus
1418 933 1457 962 ad
1466 930 1727 969 satiql'acicndurn,
1739 930 1804 960 sive

380 969 508 1007 petieris
530 973 649 1000 centum
663 970 807 1008 juvencos
813 980 824 1006 ,·
846 979 898 1001 seu
912 971 1042 1001 volueris
1056 972 1193 1003 mendaci
1208 973 1275 1013 lyra
1300 983 1319 1004 a
1337 983 1383 1004 me
1397 973 1574 1004 decantari:
1602 972 1648 1002 Tu
1659 974 1756 1008 casta,
1769 972 1804 1000 tu

384 1010 471 1050 bona,
493 1011 575 1042 inter
596 1011 695 1042 sidera
708 1011 848 1051 fulgebis
868 1015 986 1044 astrum
1006 1012 1138 1052 insigne.
1185 1014 1295 1045 Castor
1316 1018 1346 1046 et
1367 1015 1473 1054 magni
1491 1013 1631 1045 Castoris
1643 1013 1747 1050 frater
1768 1011 1804 1041 ob

980 1106 1212 1118 eeeeeeeeeeee

383 1166 532 1198 ficiorum
549 1171 731 1207 apparatus
748 1172 900 1208 repostus
916 1168 1010 1198 erat?
1043 1167 1162 1200 Qualia
1178 1173 1273 1198 erant
1288 1167 1422 1198 Medeae
1437 1168 1493 1198 illa
1509 1166 1707 1208 penetralia.
1728 1166 1806 1197 Val.

383 1209 475 1239 Flac.
498 1217 564 1239 vu.
586 1211 660 1240 32⁷.
704 1209 887 1240 Columella
911 1218 936 1240 1.
964 1212 991 1239 1.
1015 1212 1048 1240 5.
1073 1209 1432 1240 ‘conten-tissimorum
1460 1209 1612 1239 vitiorum
1637 1205 1807 1238 officinas'

385 1249 491 1287 dixit3
515 1250 573 1280 sed
590 1250 632 1281 de
647 1251 721 1282 loco
736 1255 770 1281 et
783 1251 892 1290 domo,
908 1260 973 1281 non
989 1249 1031 1280 de
1047 1259 1200 1290 persona.
1244 1251 1334 1290 Ergo
1349 1255 1383 1281 et
1397 1250 1452 1281 hic
1466 1255 1475 1268 ⁴
1488 1249 1652 1281 officinam
1667 1257 1808 1279 veneno-

384 1290 479 1329 rnm‚’
502 1301 565 1322 non
581 1291 623 1323 de
640 1293 711 1333 ipsa
729 1292 890 1330 Canidia3
911 1291 968 1322 sed
992 1292 1033 1322 de
1055 1292 1126 1332 ejus
1148 1292 1246 1323 domo
1272 1292 1377 1323 intelli
1403 1290 1524 1322 endum
1546 1296 1616 1322 est:
1640 1295 1742 1330 atque
1767 1299 1807 1320 eo

383 1334 500 1372 magis,
515 1334 602 1374 quod
626 1343 667 1365 ea
691 1343 769 1365 vero
794 1335 927 1365 nomine
953 1333 1106 1365 Grandia
1132 1334 1302 1374 appellata
1322 1337 1330 1351 ⁸
1345 1343 1364 1364 ο
1403 1331 1532 1364 cinam’
1555 1331 1808 1372 unguentariam

383 1374 530 1414 Neapoli
546 1374 751 1414 exercebat;
773 1376 800 1406 si
816 1374 984 1406 veteribus
997 1374 1201 1413 Scholiasta,
1224 1379 1260 1405 ut
1284 1384 1367 1405 sane
1388 1379 1452 1413 est,
1474 1373 1558 1405 fides
1579 1373 1730 1404 habenda
1746 1377 1809 1403 est.

382 1415 459 1446 Jam
475 1424 565 1449 vero,
581 1417 608 1446 si
623 1417 705 1447 lianc
722 1416 920 1446 sententiam
937 1416 1164 1455 amplecteris,
1180 1415 1227 1446 eie
1242 1416 1334 1446 locus
1354 1415 1420 1446 erit
1443 1413 1698 1446 constituendus
1712 1423 1720 1443 ε
1746 1413 1808 1444 Fu-

383 1465 453 1486 rens
469 1456 502 1485 in
518 1456 770 1496 AEtnaflomma:
795 1460 848 1487 tuo
862 1458 953 1487 donec
968 1456 1045 1487 cinis
1059 1455 1224 1493 Iniuriosis
1238 1457 1341 1487 avidus
1353 1457 1454 1487 ventis
1466 1456 1570 1494 ser-ar,
1588 1455 1676 1486 Celet
1689 1455 1809 1485 venenis

381 1496 503 1538 officina
519 1497 678 1528 Colchicis.
721 1497 787 1528 Ubi
803 1498 835 1528 in
853 1498 960 1538 primo
976 1507 1073 1528 versu
1091 1507 1150 1537 pes
1165 1503 1302 1538 quai-ms
1317 1498 1382 1528 erit
1395 1497 1618 1537 'tribrachyn
1642 1501 1678 1527 nt
1701 1495 1734 1526 iu
1760 1505 1807 1527 vs.

385 1541 437 1569 12.
453 1543 488 1569 et
503 1541 555 1569 7-1.
598 1539 644 1570 Et
668 1540 834 1570 sententia
854 1539 988 1579 quidem
1013 1539 1074 1569 hac
1101 1538 1180 1569 nihil
1206 1539 1326 1570 clarius
1353 1539 1501 1570 videtur:
1525 1547 1603 1569 vera
1628 1542 1739 1568 antem
1766 1537 1808 1568 sit

383 1579 518 1610 Horatii
533 1589 649 1610 manus
665 1589 783 1618 necne,
797 1589 900 1620 penes
916 1581 996 1611 alios
1006 1579 1171 1619 judicium
1187 1580 1280 1611 esto?
1301 1580 1409 1611 Bentl.
1453 1581 1496 1610 Et
1510 1579 1558 1610 ita
1572 1578 1682 1609 edidit
1694 1578 1810 1609 Bentl.

381 1630 525 1660 eumque
541 1621 636 1660 sequi
651 1622 742 1652 solus
757 1631 854 1652 ansus
870 1626 923 1652 est
939 1621 1043 1652 Kidd.
1089 1621 1244 1652 Colchidis
1259 1621 1366 1652 codex
1378 1620 1610 1651 Brodaei.—-36
1631 1621 1640 1637 ‘
1659 1619 1768 1650 Aliter
1780 1622 1811 1650 et

385 1663 476 1700 quod,
500 1661 581 1702 (pro
596 1665 650 1692 out
664 1661 771 1701 quod,)
795 1662 853 1692 sed
871 1663 941 1692 liaec
956 1662 1064 1700 figura
1075 1664 1187 1702 ecquod
1207 1662 1274 1701 legi
1300 1662 1478 1702 praecipit:
1501 1661 1558 1692 ubi
1571 1666 1607 1692 et
1623 1670 1680 1702 pro
1693 1660 1811 1700 stipen-

383 1703 469 1732 dium
486 1701 572 1733 forte
585 1702 731 1742 stipendii
746 1702 946 1742 legendum)
971 1703 1191 1742 Omnivaga—39
1214 1703 1330 1734 Bentl.
1347 1713 1366 1734 e
1383 1713 1453 1735 var.
1478 1703 1558 1734 lect.
1583 1701 1658 1734 cod.
1680 1702 1810 1734 Battei.

385 1743 493 1774 edidit
510 1744 665 1782 Juvencis,
688 1744 796 1775 citans
814 1753 836 1775 1.
853 1744 920 1776 Od.
935 1747 967 1775 4.
986 1747 1036 1775 12.
1081 1743 1158 1775 Hoc
1184 1751 1386 1786 receperunt
1409 1745 1511 1776 etiam
1531 1743 1812 1782 Sanad.'1'oweu‚

384 1785 534 1824 Francis,
559 1786 696 1818 Wetzel.
714 1785 850 1817 Wakef.
877 1790 912 1816 et
937 1785 1128 1817 Kidd.-4o
1156 1786 1245 1817 Voles
1266 1796 1373 1818 sonore
1397 1787 1515 1826 Regin.
1544 1785 1642 1817 Bodl.
1664 1787 1694 1816 1.
1717 1787 1750 1816 2.
1774 1789 1811 1816 et

385 1836 405 1856 a
427 1836 471 1857 m.
489 1836 540 1866 pr.
558 1826 673 1858 Graev.
716 1827 796 1859 ‘Sic
823 1828 899 1866 lege
923 1832 959 1858 et
983 1827 1173 1867 distingue:
1198 1828 1345 1865 Paratus,
1371 1828 1496 1868 expiare
1516 1837 1570 1859 seu
1591 1837 1624 1868 p.
1649 1827 1686 1858 C.
1698 1826 1811 1866 juven·

384 1867 439 1902 cis.
459 1877 485 1897 s.
509 1877 550 1898 m.
573 1869 594 1898 l.
624 1867 712 1899 Voles
737 1878 844 1899 sonore
869 1869 915 1899 Tu,
934 1869 1058 1908 pudica.
1081 1872 1116 1899 tu
1127 1869 1243 1908 proba5
1268 1869 1497 1900 Per-ambulabis
1509 1879 1540 1900 a.
1554 1878 1578 1899 ε.
1593 1877 1730 1907 aureum,
1745 1866 1811 1907 &cst

384 1909 500 1939 Bentl.
530 1909 563 1939 in
591 1909 671 1939 Cur.
704 1910 791 1940 Nov.
835 1909 935 1940 Hanc
963 1909 1093 1940 emend.
1116 1910 1217 1940 etiam
1247 1911 1378 1950 recepit
1406 1910 1508 1941 Kidd.
1551 1909 1710 1940 ‘Initium
1734 1917 1811 1940 sen-

386 1950 505 1981 tentiae
541 1949 666 1990 majore
697 1950 797 1981 litera
825 1949 1001 1989 insignivi:
1037 1951 1107 1981 haec
1136 1951 1224 1981 enim
1253 1951 1416 1991 ipsissima
1444 1955 1520 1982 sunt
1549 1950 1664 1990 verba,
1692 1948 1810 1990 quibus

387 1991 564 2022 Canidiam
592 1995 674 2029 erat·
695 1997 853 2022 sonatura
881 1991 993 2022 Flacci
1023 1991 1115 2031 lyra:
1150 2001 1170 2022 a
1197 1993 1244 2023 Tu
1263 1992 1376 2032 pudica
1403 1992 1544 2031 scilicet,
1584 1991 1627 2022 nd
1661 1990 1810 2022 aureum!

387 2031 606 2063 Wakefi—42
639 2037 648 2050 ‘
666 2032 794 2064 Odiosa
822 2037 876 2064 est
903 2032 1108 2072 cacophonia
1135 2033 1168 2063 iu
1197 2034 1352 2065 clausulis
1376 2034 1494 2065 horum
1525 2041 1702 2064 versuum:
1732 2032 1809 2068 vice,

383 2083 494 2114 prece‚·
516 2074 603 2114 quod
631 2073 926 2113 homoeoteleuton,
950 2075 977 2105 si
1005 2074 1091 2105 bene
1116 2083 1190 2105 eum
1217 2075 1306 2114 novi,
1330 2084 1497 2116 nunquam
1522 2078 1639 2105 auctor
1663 2073 1809 2104 admisit.

387 2117 434 2146 Et
459 2120 648 2155 opportune
679 2115 813 2157 quidem
844 2115 990 2147 absolvit
1022 2125 1098 2146 eum
1127 2116 1169 2146 ab
1199 2116 1260 2147 hac
1289 2117 1389 2156 culpa
1417 2116 1526 2148 codex
1556 2124 1641 2146 unus
1663 2114 1810 2146 Torren-

389 2157 442 2195 tii,
469 2158 525 2196 qui
555 2158 603 2188 sic
633 2157 740 2188 locum
770 2157 922 2196 exhibet,
951 2157 1083 2195 lnfumis
1110 2157 1239 2188 Helenoe
1278 2158 1388 2188 Castor
1414 2157 1547 2198 offensus
1572 2157 1678 2188 vicem.
1729 2155 1810 2187 Noli

389 2197 556 2238 dubitare,
582 2199 662 2238 quin
685 2198 830 2240 genuina
851 2199 895 2230 sit
915 2199 988 2230 haec
1010 2199 1122 2229 lectio.
1166 2199 1221 2229 Ita
1245 2199 1357 2229 Livius
1375 2208 1456 2230 vm.
1471 2198 1534 2230 ³5:
1558 2198 1665 2230 Bentl.
1709 2196 1809 2228 Adde

390 2239 462 2270 Liv.
482 2248 616 2270 xxviii.
634 2242 686 2271 19.
710 2249 845 2272 xxxiv.
860 2243 912 2271 32.
935 2249 1037 2271 xmx.
1053 2243 1084 2271 3.
1107 2244 1141 2270 et
1158 2240 1252 2271 Cui-t.
1271 2249 1337 2270 vn.
1352 2243 1384 2270 2.
1408 2250 1474 2271 νιι.
1491 2243 1542 2272 11.
1563 2239 1658 2271 vicem
1673 2247 1810 2279 recepe-

390 2285 468 2311 runt
482 2281 624 2311 Wetzel.
637 2281 759 2312 Sanad.
774 2282 922 2322 Towers,
936 2281 1088 2320 Francis,
1104 2280 1239 2312 Wakef.
1255 2285 1290 2312 et
1304 2281 1407 2312 Kidd.
1436 2282 1446 2298 ‘
1462 2281 1549 2312 Haec
1565 2286 1618 2312 est
1633 2281 1809 2312 multorum

390 2322 489 2354 codd.
506 2322 629 2353 lectio!
651 2323 791 2355 Francis.
836 2323 921 2355 Haec
938 2333 1002 2355 vox
1018 2323 1202 2364 saepissime
1211 2322 1372 2354 scribitur
1386 2323 1419 2353 in
1433 2323 1532 2354 codd.
1546 2323 1622 2354 vicit.
1663 2322 1751 2353 Vide
1766 2321 1809 2351 ad

1029 2415 1172 2447 NOTAE

390 2478 466 2513 fica.
500 2477 587 2508 Vide
598 2485 640 2509 ιι.
654 2477 722 2510 Od.
734 2479 785 2509 13.
799 2482 834 2509 et
849 2487 951 2518 supra
965 2477 1074 2518 Epod.
1127 2487 1192 2508 non
1186 2486 1304 2556 Osgcus
1319 2486 1358 2508 ac
1373 2475 1585 2516 Proserpinae
1598 2475 1650 2507 vel
1663 2475 1809 2508 Plutoni.

392 2539 448 2561 ιιι.
464 2534 499 2561 et
517 2538 551 2560 v.
1128 2534 1171 2556 ιι.
1246 2548 1253 2556 .
1271 2527 1322 2557 14.

434 2581 474 2610 36
492 2579 583 2614 Quod
595 2587 642 2609 me
655 2581 757 2609 vianet
768 2577 966 2618 stipendium]
986 2575 1076 2609 Qnid
1171 2574 1243 2606 Sive
1261 2573 1398 2606 mendaci
1413 2574 1492 2614 lym,
1504 2573 1572 2614 asa]
1593 2572 1672 2604 sive
1687 2572 1809 2613 jubeat

390 2628 523 2659 tandem
549 2626 802 2667 persolvendum
818 2631 871 2658 est
890 2636 909 2658 a
930 2635 982 2657 me
1005 2626 1077 2661 tibi,
1130 2628 1168 2655 ut
1182 2623 1346 2654 mentiens
1364 2628 1396 2653 te
1410 2622 1542 2653 landem
1554 2622 1648 2662 qnasi
1661 2622 1810 2663 probam,

392 2677 433 2708 ad
457 2676 659 2716 placandum
683 2682 776 2707 tuum
800 2675 968 2708 animum?
1001 2684 1077 2716 pro·
1130 2673 1294 2714 pudicam,
1312 2672 1491 2710 innoxiam,
1503 2670 1691 2711 benignam,
1704 2673 1768 2703 διο.

392 2723 484 2756 fecto
499 2725 636 2755 solvam.
1094 2764 1097 2766 Β
1170 2725 1211 2753 42
1234 2721 1367 2760 Infantis
1390 2720 1528 2759 Helena,
1549 2719 1618 2760 &sc-J
1647 2719 1811 2751 Stesicho-

435 2775 478 2804 ³9
501 2773 630 2804 Centum
644 2773 802 2814 juvencos]
833 2772 1078 2814 Hecatomben,
1130 2780 1185 2803 rus
1208 2770 1315 2802 Poeta
1336 2769 1394 2810 (de
1409 2779 1474 2811 quo
1490 2777 1542 2801 iv,
1558 2769 1624 2801 Od.
1641 2768 1690 2810 9.)
1710 2768 1810 2800 male-
