1904 3256
281 279 366 320 584

746 294 788 330 Q.
821 291 1027 322 HORA'rn
1062 291 1231 322 FLAccl

504 382 662 432 Sensit,
682 388 728 423 et
745 383 890 436 Trojae
909 395 1046 435 prope
1066 382 1205 422 victor
1224 383 1322 424 altae

834 446 1017 488 Phthius
1043 445 1256 496 Achilles,

504 512 670 553 Ceteris
687 511 840 566 major,
860 513 939 552 tibi
960 513 1085 553 miles
1105 513 1270 566 impar;

1671 514 1699 552 01

504 578 645 619 Filius
667 591 920 631 quanquam
940 577 1155 619 Thetidos
1175 579 1352 619 marinae

505 642 733 684 Dardanas
751 648 889 685 turres
910 647 1106 697 quateret
1126 644 1346 684 tremenda

841 708 1035 763 Cuspide
1054 722 1242 763 pugnax,

505 773 599 823 Ille,
620 774 812 815 mordaci
830 775 948 815 velut
967 775 1057 816 icta
1075 775 1189 816 ferro

506 840 660 889 Pinus,
681 845 760 879 aut
779 840 966 893 impulsa
984 852 1212 892 cupressus
1239 839 1371 887 Euro,

1651 839 1705 890 1.0

284 989 400 1025 raptor,
415 990 504 1026 atque
517 987 651 1017 Phthius
666 986 800 1016 Achilles
815 985 947 1022 samosae
965 984 1064 1022 Trojae
1083 985 1295 1024 propemodum
1308 986 1515 1022 expugnator,
1540 980 1611 1011 aliis
1633 979 1703 1019 qui·

284 1027 351 1057 dem
370 1028 498 1065 sortior,
521 1032 551 1058 te
571 1037 641 1059 vero
669 1027 799 1065 inferior
822 1027 928 1062 mileu
949 1035 1117 1066 quanquam
1141 1026 1279 1056 Thetidis
1303 1025 1430 1055 marim
1445 1023 1538 1065 filius
1555 1020 1706 1059 Troianas

284 1077 368 1099 arces
382 1069 574 1109 impugnaret
600 1070 688 1099 heista
709 1070 865 1100 tremenda
885 1071 1014 1098 certans.
1060 1067 1105 1107 Is,
1118 1067 1210 1098 sicuti
1230 1067 1320 1106 pinus
1338 1067 1427 1097 edoce
1441 1065 1539 1096 securi
1552 1070 1708 1103 pereum,

878 1168 1116 1181 OOOMOONO

284 1253 375 1284 Jani.
423 1254 583 1292 Tityosque
600 1251 677 1282 Nic.
694 1252 851 1283 Heinsius
868 1253 909 1282 ad
927 1252 1027 1282 Ovid.
1043 1252 1131 1282 Met.
1148 1260 1194 1282 iv.
1209 1254 1283 1282 457.
1297 1250 1466 1281 nonnullae
1483 1249 1562 1280 edd.
1579 1249 1708 1288 'stayn-

285 1298 416 1334 que.-6
441 1294 475 1325 F.
489 1303 659 1333 quanquam
682 1293 835 1324 meliores
850 1293 1004 1323 Tor-rent.
1022 1293 1129 1331 Lipss.
1148 1295 1176 1323 1.
1193 1295 1224 1323 2.
1241 1297 1278 1323 et
1300 1292 1398 1323 Harl.
1413 1295 1446 1322 5.
1487 1291 1544 1321 Sic
1559 1295 1594 1320 et
1610 1290 1711 1320 Baxt.

285 1337 364 1366 San.
379 1336 465 1366 Cun.
482 1335 559 1366 Jon.
576 1335 666 1370 Jani,
686 1334 824 1374 Bipont.
840 1334 978 1364 Mitsch.
997 1332 1126 1364 wakef.
1141 1334 1282 1364 Wetzel.
1298 1333 1339 1363 al.
1378 1334 1388 1350 ‘
1403 1332 1530 1363 Recte!
1555 1334 1606 1361 est
1621 1331 1711 1361 enim

288 1376 482 1416 exquisitius
498 1384 595 1414 qnam
613 1375 748 1414 vulgare
763 1374 900 1414 quamvis
913 1373 1074 1413 quateret!
1088 1374 1179 1405 Jani.
1227 1373 1366 1404 Thetidis
1382 1377 1434 1404 sat
1449 1372 1544 1403 multi
1559 1370 1659 1402 codd.
1676 1375 1713 1401 et

288 1418 365 1447 edd.
380 1416 481 1447 etiam
498 1416 591 1446 Harl.
608 1418 637 1445 l.
650 1418 682 1446 2.
698 1417 728 1446 3.
743 1417 776 1445 4.
792 1418 823 1445 6.

867 1415 935 1446 Sed
955 1413 1062 1445 forma
1083 1414 1303 1454 exquisitiore
1330 1413 1473 1444 Thetidos
1497 1413 1598 1452 Cruq.
1613 1412 1708 1442 Torr.

289 1459 402 1488 Bentl.
427 1458 510 1487 Cun-
531 1466 550 1487 e
571 1457 635 1487 suis
661 1456 765 1493 libris,
789 1456 868 1486 item
894 1455 976 1487 Fab.
1000 1456 1124 1486 Dacer.
1146 1455 1245 1486 Baxt.
1266 1456 1344 1486 San.
1360 1455 1439 1487 Jon.
1466 1454 1555 1493 sani,
1571 1453 1709 1493 Biponta

290 1499 424 1530 Mitsch.
441 1498 582 1529 Wetzel.
607 1498 755 1536 Francis,
782 1497 933 1536 'rower8,
956 1501 992 1528 et
1019 1496 1186 1528 Kidd.—-8
1210 1497 1300 1536 Lips.
1325 1499 1356 1527 4.
1373 1497 1612 1536 pugnam.—10
1635 1495 1710 1526 Duo

937 1602 1076 1634 NOTIE

293 1687 363 1718 onis
378 1685 564 1715 Thebarum
577 1683 678 1723 regis.

334 1738 354 1766 2
379 1734 542 1774 Tityosque
569 1732 690 1772 ruptor]
727 1732 815 1764 Vide
841 1741 881 1764 u.
911 1732 979 1764 od.

295 1787 345 1816 14.
359 1791 416 1814 ιιι.
431 1781 500 1813 od.
515 1785 547 1813 4.

333 1834 354 1862 4
377 1830 512 1862 Phthius
539 1830 686 1868 Achilles,
708 1829 777 1869 &cd
804 1829 978 1861 Oriundus

294 1892 312 1913 e
329 1880 451 1912 Phthia
463 1878 545 1909 urbe
556 1878 750 1909 Thessaliae.

338 1928 436 1967 Trojae
457 1936 551 1968 prope
573 1926 687 1967 viceor]
710 1927 777 1959 Qui
798 1926 981 1958 interfecto

294 1980 447 2012 Hectore
461 1977 572 2017 Trojae
596 1975 775 2008 defensore
797 1977 983 2017 praecipuo,

296 2030 368 2070 ejus
398 2027 491 2059 urbis
520 2027 804 2067 expugnationem
834 2025 983 2057 reddidit

297 2077 452 2109 facilem:
481 2085 580 2117 quam
616 2079 711 2106 certe
748 2075 985 2115 accelerasset,

298 2127 360 2158 nisi
389 2135 408 2156 a
432 2124 557 2156 Paride
581 2123 700 2155 fuisset
721 2124 932 2163 interemtus,
947 2128 985 2155 ut

298 2185 375 2208 mox
391 2175 534 2206 dicetur.

340 2229 359 2256 6
386 2224 457 2256 Tibi
478 2223 591 2263 impar]
615 2222 765 2254 Achilles
787 2223 984 2254 Graeeorum

299 2273 512 2312 fortissimus,
526 2272 746 2311 'l‘rojanorum
763 2276 882 2307 terror,
898 2272 986 2304 haud

301 2331 380 2354 vero
394 2331 456 2363 par
472 2321 545 2360 tibi,
561 2321 700 2360 Phoebe,
724 2320 781 2361 qui
799 2320 861 2351 snb
877 2320 986 2360 figura

301 2372 433 2404 Paridis
449 2372 558 2402 latens
571 2380 646 2402 eum
661 2370 827 2402 occidisti.
861 2370 985 2410 Hygin-

303 2424 367 2453 &c.
384 2425 455 2459 aut,
477 2419 564 2460 qnod
590 2418 705 2450 scribit
721 2418 841 2458 Virgil.
855 2418 985 2449 AEneid.

306 2480 358 2501 vr.
373 2473 426 2502 5⁶1.
447 2473 456 2488 ‘
471 2468 630 2500 Dardana
641 2468 698 2508 qui
710 2467 847 2499 Paridis
862 2465 987 2497 direxti

304 2520 372 2550 tela
386 2527 569 2559 manusque
585 2517 715 2556 Corpus
729 2516 762 2547 in
779 2515 945 2547 AEacidae.’

347 2570 368 2598 6
407 2567 552 2598 Thetidos
578 2566 722 2605 marim]
751 2565 890 2596 Achillis
917 2568 990 2596 erat

307 2620 414 2647 mater
428 2616 556 2656 Thetis,
571 2615 640 2647 fitia
656 2614 760 2646 Nerei
778 2613 846 2645 Dei
862 2613 991 2645 marini.

307 2675 333 2696 1.
351 2665 419 2696 Od.
435 2668 464 2696 8.

350 2717 369 2745 7
395 2715 564 2745 Dardanas
578 2714 692 2754 turres]
710 2712 884 2745 Dardanus
895 2712 993 2744 Jovis

312 2763 399 2796 filius
433 2772 475 2793 ex
507 2762 644 2794 Electra
671 2761 819 2794 Atlantis
858 2761 928 2794 filia
953 2762 994 2793 ab

1030 1683 1146 1716 Africa
1164 1684 1304 1716 venitin
1320 1682 1670 1723 Asiam‚conseditque
1681 1681 1716 1713 in

1029 1733 1165 1773 regione
1181 1733 1401 1773 Hellesponto
1417 1732 1535 1764 vicina.
1564 1731 1617 1762 lbi
1631 1732 1716 1763 Dar-

1029 1781 1152 1813 danum
1182 1781 1298 1813 urbem
1320 1781 1485 1817 condidit,
1507 1789 1580 1821 quoe
1595 1784 1718 1821 postea

1029 1831 1134 1871 Troja
1155 1842 1174 1862 a
1189 1841 1267 1872 rege
1281 1831 1368 1863 Tro'e.
1381 1831 1484 1862 dicta.
1527 1829 1647 1871 virgil.
1663 1829 1717 1860 ΙΕ-

1031 1879 1122 1910 neid.
1151 1889 1231 1912 vui.
1261 1882 1333 1911 134.
1367 1881 1377 1897 ⁴
1393 1879 1569 1910 Dardanus
1600 1878 1718 1910 Iliacae

1033 1929 1158 1969 primus
1173 1933 1271 1968 pater
1286 1927 1375 1958 urbis
1388 1933 1422 1966 et
1438 1926 1578 1958 auctor!

1077 1978 1245 2009 Tremenda
1274 1976 1422 2017 Cuspide]
1448 1977 1500 2007 Ex
1520 1975 1659 2007 Homer.
1676 1975 1721 2006 n.

1034 2030 1068 2057 Τ.
1093 2026 1153 2057 sub
1180 2025 1302 2063 finem3
1332 2025 1458 2056 hastam
1488 2023 1636 2055 Achilles
1663 2033 1720 2065 pa-

1033 2080 1165 2107 ternam
1182 2075 1323 2116 gerebat
1337 2083 1471 2114 gravem
1487 2077 1522 2104 et
1535 2074 1720 2113 ingentem,

1033 2134 1132 2165 quam
1148 2124 1298 2163 crispare
1312 2127 1370 2154 aut
1392 2122 1525 2153 vibrare
1547 2122 1636 2153 solus
1663 2131 1722 2152 no-

1035 2177 1150 2212 verat3
1173 2183 1192 2203 a
1212 2172 1357 2204 Chirone
1372 2172 1521 2211 incisam,
1536 2170 1578 2202 ad
1593 2169 1721 2202 coedem

1016 2259 1019 2263 ¹
1035 2223 1187 2254 heroum.

1076 2274 1098 2302 9
1134 2271 1203 2309 Ille,
1228 2269 1362 2300 mordaci
1386 2269 1479 2308 velut,
1509 2266 1581 2307 mn]
1617 2267 1721 2299 casus

1036 2319 1178 2351 Achillis
1204 2318 1313 2359 gravis
1336 2322 1371 2348 et
1394 2326 1544 2356 magnus,
1559 2316 1721 2357 quemad-

1037 2369 1171 2400 modum
1188 2377 1310 2407 corpus
1326 2371 1360 2397 et
1372 2366 1498 2396 animus
1514 2373 1635 2405 inagna
1649 2363 1723 2395 fue-

1039 2421 1127 2448 runt.
1171 2417 1228 2447 Sic
1243 2417 1286 2447 de
1302 2415 1437 2446 Entello
1453 2414 1573 2454 Virgil.
1591 2413 1722 2444 AEneid.

1039 2475 1074 2498 v.
1095 2469 1168 2498 447.
1191 2467 1201 2484 ‘
1213 2466 1293 2505 Ipse
1309 2465 1431 2505 gravis,
1456 2463 1667 2503 graviterque
1683 2462 1724 2493 ad

1041 2519 1163 2546 terram
1191 2513 1339 2553 pondere
1366 2516 1461 2544 vasto
1484 2511 1660 2543 Concidit:
1687 2517 1726 2542 ut

1041 2563 1206 2606 quondam
1222 2572 1306 2594 cava
1330 2561 1477 2592 concidit
1491 2565 1550 2592 ant
1566 2561 1729 2601 Eryman-

1043 2613 1100 2644 tlio
1117 2612 1186 2643 Aut
1198 2612 1259 2643 Ida
1273 2611 1306 2641 in
1321 2619 1440 2650 magna
1455 2609 1614 2640 radicitus
1630 2612 1727 2640 eruta

1045 2660 1167 2702 pinus!

1088 2712 1127 2741 10
1150 2709 1286 2749 Impulea
1308 2715 1466 2746 cupressus
1494 2707 1592 2748 Euro]
1623 2707 1729 2739 Velut

1047 2761 1163 2801 ingens
1179 2758 1277 2791 arbos
1294 2758 1325 2789 vi
1343 2761 1516 2789 ventorum
1531 2761 1708 2798 prostrata.
