1930 3242
613 298 890 332 salmonum
925 297 1018 327 ma.
1052 296 1083 326 1.
1114 284 1182 325 10.
1536 279 1620 321 895

734 531 971 575 SATIRA
1002 531 1068 573 X.

483 656 534 687 IN
571 654 783 685 INEPTOS
817 654 1013 685 LUCILII
1049 650 1328 684 FAUTORES.

174 754 261 786 Cum
278 752 462 786 Horatium
476 753 519 785 ob
534 762 588 793 ea,
602 762 679 795 quae
694 752 810 785 Satira
824 756 945 794 quarta
961 751 1003 782 de
1020 751 1142 783 Lucilii
1160 750 1251 782 vitiis
1265 748 1474 790 ostenderat,
1488 749 1624 791 qnidam

215 807 480 847 obtrectatores,
494 806 528 838 in
551 807 602 838 his
625 806 773 837 maxime
790 805 1002 844 Demetrius,
1018 805 1267 844 Hermogenem
1286 803 1471 842 Pantilius,
1486 807 1522 835 et
1539 803 1625 834 Fan-

217 859 305 899 nius,
327 859 601 901 vituperassent;
627 858 786 890 defendit
807 859 862 890 hie
886 868 979 889 suam
1005 857 1212 889 sententiam
1236 856 1440 898 uberiusque
1463 856 1628 897 explicat,

217 911 411 952 ostendens,
424 922 530 953 genus
544 911 679 943 dicendi
692 911 918 946 Lucilianum,
934 915 1164 951 praeterquam
1181 909 1269 951 quod
1283 909 1391 940 minus
1403 908 1508 940 breve
1524 913 1629 948 esset,

217 965 348 997 varium
372 970 409 997 et
425 965 629 1005 jucundum,
656 964 746 996 idem
772 974 909 1006 quoque
933 964 978 996 ob
1001 964 1108 995 verba
1134 963 1262 994 Graeca
1282 962 1436 994 immixta
1459 962 1628 1003 impurum

216 1026 302 1050 esse.
348 1018 480 1051 Quodsi
495 1018 657 1049 nonnulla
673 1018 707 1048 in
723 1018 834 1049 Ennio
856 1017 1117 1058 reprehenderit
1132 1016 1299 1055 Lucilius,
1321 1015 1402 1046 nihil
1418 1021 1547 1056 vetare,
1561 1025 1629 1057 quo

215 1070 326 1102 minus
346 1070 452 1112 ipsius
468 1071 552 1103 vitia
566 1075 730 1102 notentur
745 1070 788 1102 ab
805 1070 882 1102 alio.
925 1071 1174 1102 Verumtamen
1191 1068 1442 1111 quodammodo
1465 1078 1630 1100 excusan-

218 1124 299 1156 dum
315 1134 390 1156 esse
413 1124 582 1156 Lucilium
597 1123 642 1155 ob
658 1133 780 1163 aevum,
799 1133 866 1165 quo
883 1123 1034 1162 vixerit;
1057 1123 1148 1164 quia,
1163 1124 1190 1154 si
1208 1131 1297 1153 nunc
1314 1122 1458 1162 viveret,
1474 1121 1630 1154 fortassis

216 1176 368 1208 limatius
385 1177 651 1218 diligentiusque
665 1181 757 1208 esset
775 1176 976 1217 scripturus.
1022 1177 1198 1215 Ceterum,
1211 1175 1308 1207 addit
1331 1175 1508 1216 Horatius,
1521 1179 1631 1206 semet

218 1229 328 1270 ipsum
352 1234 551 1261 contentum
567 1239 653 1270 esse,
667 1230 696 1260 si
718 1230 838 1271 paucis
859 1230 970 1272 iisque
986 1229 1098 1261 doctis
1114 1229 1308 1261 huminibus
1327 1229 1430 1271 (quos
1446 1235 1562 1270 gratus
1579 1237 1630 1259 re·

221 1279 358 1323 censet)
374 1291 435 1314 sua
454 1281 686 1323 probarentur
707 1282 859 1323 scripta;
885 1287 1007 1315 contra
1029 1292 1066 1314 se
1089 1282 1228 1315 minime
1249 1292 1384 1323 curare,
1399 1282 1482 1324 quid
1506 1282 1631 1314 Deme-

222 1336 307 1367 trius
321 1340 358 1367 et
371 1335 538 1376 Tigellius
553 1335 597 1366 de
611 1335 679 1366 illis
695 1335 858 1367 sentiant.

180 1418 336 1471 Lucili,
358 1434 483 1476 quam
500 1424 552 1460 sis
571 1418 793 1469 mendosus,
813 1426 910 1460 teste
934 1419 1093 1460 Catone

178 1485 407 1546 Defensore
428 1492 498 1527 tuo
510 1485 763 1540 pervincum,
784 1486 856 1541 qui
874 1484 1130 1541 malefactos

180 1550 413 1594 Emendare
426 1558 559 1607 parat
578 1565 728 1594 versnS.
790 1551 884 1593 Hoc
904 1550 1036 1593 lenius
1056 1551 1141 1599 ille,

180 1617 260 1661 Est
278 1616 358 1675 'quo
377 1619 442 1660 vir
461 1617 628 1660 melior.-
661 1618 780 1674 longe
798 1618 989 1660 subtilior
1008 1617 1099 1669 illo,

185 1685 271 1731 Qui
288 1686 462 1727 multum
478 1701 585 1741 puer
603 1693 642 1727 et
662 1686 759 1727 loris
778 1693 815 1727 ee
823 1686 1004 1742 funibus
1025 1687 1114 1727 udis
1151 1731 1164 1740 ,
1457 1706 1462 1710 ¹
1605 1689 1635 1728 5

181 1753 452 1805 Exhortatus,
468 1760 511 1795 ul
533 1760 629 1795 esset
645 1768 759 1808 opem
780 1753 979 1809 quiserre
995 1753 1124 1808 poetis

179 1820 376 1877 Antiquis
391 1827 522 1875 posset
541 1827 683 1862 contra
687 1819 875 1875 fastidia
895 1828 1049 1872 nostra,

182 1885 557 1930 Grammaticorum
577 1889 756 1944 equitum
777 1888 1038 1929 doctissimus.
1104 1885 1159 1928 Ut
1180 1886 1338 1928 redeam
1360 1885 1475 1928 illuc.

787 2004 1029 2017 ooooooooooo

225 2080 341 2112 Satira
355 2085 480 2122 quarta
494 2081 589 2113 Libri
605 2081 747 2112 secundi
764 2081 798 2112 in
815 2081 880 2112 Ed.
902 2081 1022 2114 Sanad.
1066 2081 1182 2121 Lucili,
1197 2083 1252 2122 sse.
1276 2081 1286 2098 ‘
1300 2081 1374 2112 Hos
1398 2091 1513 2113 versus
1535 2082 1639 2115 habet

186 2123 318 2155 Zarotti
334 2124 454 2164 prima,
468 2129 504 2154 et
520 2124 626 2154 altera
644 2123 785 2153 Mediol.
801 2125 897 2154 1486.
913 2125 967 2154 cui
983 2124 1133 2165 adjuncti
1152 2124 1263 2155 Acron
1281 2130 1316 2155 et
1333 2124 1562 2166 Propliyrion,
1578 2135 1639 2166 pro

185 2165 399 2198 Horatianis.
446 2165 621 2196 Laudinus
637 2164 761 2204 rejecit
775 2173 833 2195 eos
849 2165 921 2203 jam
938 2166 1028 2197 Flor.
1046 2169 1142 2198 1482.
1162 2166 1196 2196 in
1220 2167 1489 2206 annotationem,
1504 2177 1639 2198 causam

184 2207 407 2243 interserens,
431 2207 522 2248 qiiod
545 2208 661 2238 Acron
687 2206 832 2247 incipiat
851 2206 996 2238 Satin-am
1021 2208 1064 2239 ab
1087 2208 1145 2239 illo
1170 2217 1268 2238 versu
1292 2209 1410 2249 Nempe
1428 2211 1640 2251 incomposito.

185 2250 227 2282 Iu
253 2250 535 2282 annotationibus
562 2258 695 2291 quoque
721 2249 871 2280 retulere
900 2248 1020 2289 Aldus,
1047 2251 1180 2282 Bened.
1211 2250 1420 2291 Philologus,
1444 2252 1640 2291 Ascensius,

186 2292 387 2332 Lambinus,
402 2292 580 2333 Cruquius,
595 2291 804 2332 affigendus,
819 2291 989 2332 interpres
1005 2293 1185 2334 Delphini,
1200 2293 1380 2325 Dacerius.
1411 2294 1452 2325 In
1469 2294 1641 2326 codicibus

186 2344 245 2366 eos
265 2335 416 2376 antiquis
440 2333 557 2373 fuisse,
581 2332 735 2365 fatentur
759 2344 887 2365 omnes.
935 2333 1042 2366 Aldus
1065 2334 1221 2375 agnoscit
1244 2335 1369 2376 stylum
1388 2337 1639 2368 Horatianum:

185 2376 233 2408 H.
250 2377 443 2410 Glareanus
455 2378 509 2408 vel
527 2376 663 2408 Horatii
688 2385 763 2407 esse
790 2376 851 2415 ait,
877 2377 928 2407 vel
951 2377 1055 2408 simiae
1081 2377 1230 2409 Horatii.
1276 2378 1319 2410 G.
1336 2379 1528 2418 Fabricius,
1544 2379 1640 2419 quasi

187 2419 268 2451 nibil
283 2419 460 2451 dubitaret
475 2419 518 2450 de
540 2424 682 2450 anctore
703 2419 737 2449 in
762 2419 1042 2459 castigationibus
1068 2420 1110 2451 ad
1136 2428 1281 2459 versum,
1303 2426 1458 2460 annotat,
1475 2421 1640 2451 Catonem

186 2461 332 2502 intelligi
347 2462 534 2500 Valerium,
555 2461 703 2493 nobilem
721 2461 993 2493 Grammaticum
1007 2468 1043 2494 et
1056 2462 1220 2494 Criticum
1243 2462 1303 2504 (de
1322 2472 1387 2503 quo
1404 2463 1545 2493 Sueton.
1563 2471 1639 2500 cap.

188 2503 259 2546 11.)
279 2509 316 2536 et
331 2510 443 2536 tamen
457 2505 569 2536 omissi
583 2511 661 2536 sunt
677 2503 710 2534 bi
734 2512 852 2534 versus
872 2504 905 2534 in
931 2505 1181 2546 exemplaribus
1198 2505 1406 2536 Fabricianis
1422 2504 1526 2534 Basil.
1543 2506 1639 2533 1555.

189 2544 248 2577 fol.
264 2552 301 2578 et
313 2547 406 2588 Lips.
420 2549 514 2580 1593.
525 2549 600 2578 8νο.
613 2546 762 2579 excusis.
786 2545 967 2578 Lambinus
983 2552 1123 2579 aetatem
1136 2556 1232 2579 cccc.
1244 2556 1405 2578 annorum
1418 2546 1484 2576 illis
1497 2545 1617 2577 tribuit
1630 2555 1639 2576 :

849 2641 995 2673 NOTAE

237 2713 315 2745 Hoc
343 2714 487 2754 primum
510 2719 558 2756 te,
583 2718 704 2757 lector,
722 2717 888 2748 monitum
944 2716 1102 2757 scriptis:
1133 2725 1217 2756 quos
1237 2724 1279 2746 ne
1302 2714 1488 2755 desideres,
1511 2714 1564 2746 hic
1580 2723 1641 2755 ap-

194 2766 281 2803 volo,
301 2765 433 2806 spurios
449 2771 528 2797 octo
545 2777 658 2798 versus
674 2768 751 2800 hnic
767 2768 888 2799 Satirae
946 2766 1118 2807 ponendos
1136 2765 1266 2796 censui.
1300 2764 1406 2806 [Vide
1419 2764 1499 2796 Var.
1510 2765 1641 2804 Lectt.]

194 2815 350 2857 praefixos
374 2815 440 2855 legi
472 2815 504 2846 in
540 2816 741 2857 quibusdam
773 2827 890 2849 manu·
947 2817 1077 2847 Horum
1107 2825 1223 2846 sensus
1254 2821 1306 2847 est
1333 2815 1417 2846 iste:
1441 2815 1477 2846 Si
1506 2815 1641 2856 quidem
