1930 3242
1548 291 1634 334 909

1576 400 1634 442 70

608 299 888 333 SERMONUM
924 301 1021 333 niu.
1053 301 1087 332 1.
1117 290 1187 333 10.

181 401 437 444 Perfectum
458 399 722 452 traheretur;
752 400 860 441 etin
880 412 1008 442 versu
1028 399 1232 442 faciendo

181 469 315 523 Saepe
337 474 476 523 caput
494 468 705 517 scaberet,
727 468 857 509 vivos
876 471 919 509 et
937 467 1113 509 roderet
1132 479 1311 521 ungues,

181 536 316 590 Saepe
337 536 498 590 stylum
518 539 680 585 vertas,
703 536 876 585 iterum,
895 548 997 590 quae
1019 534 1154 587 digna
1171 535 1260 588 legi
1278 535 1377 585 sint,

181 603 459 657 Scripturus;
487 615 646 657 neque,
668 607 712 644 te
733 609 783 643 ut
802 603 984 645 miretur
1003 603 1145 653 turba,
1165 603 1359 652 labores,

183 669 425 712 Contentus
445 670 603 724 paucis
622 669 876 712 lectoribus.
926 670 999 711 An
1019 673 1096 711 tua
1115 669 1292 711 demens

179 736 362 778 Vilibus
381 737 428 778 in
447 735 564 778 ludis
584 735 739 778 dictari
758 737 956 778 carmina
976 736 1138 778 malis'l
1578 740 1637 780 75

181 803 287 846 Non
306 817 415 858 ego;
444 817 548 845 nam
566 804 677 846 satis
696 808 768 845 est
786 804 979 858 equitem
1001 805 1104 846 mihi
1124 804 1358 858 plaudere3
1380 808 1430 847 ut
1449 805 1617 857 audax,

180 871 424 914 contemtis
445 871 559 921 aliis,
580 870 772 925 explosa
793 870 1043 912 Arbuscula
1064 871 1194 914 dixit.

178 991 254 1032 quid
273 991 509 1032 transgreditur
530 991 702 1033 perfectum
719 992 842 1023 modum
864 992 1075 1024 rescinderet.-
1097 996 1190 1033 atque
1211 993 1247 1023 in
1265 992 1431 1024 condendis
1449 993 1640 1026 carminibus

170 1033 355 1074 frequenter
367 1037 461 1075 caput
474 1036 625 1074 scalperet
635 1045 648 1072 ;
670 1038 761 1076 atque
776 1044 896 1074 ungues
911 1036 952 1066 ud
965 1035 1071 1066 vivum
1084 1036 1291 1067 admorderet.
1331 1035 1422 1076 Sa’pe
1436 1036 1552 1077 stylum
1565 1046 1637 1068 con·

177 1079 276 1116 verte,
291 1077 431 1108 editurus
445 1087 514 1118 quoe
529 1081 706 1108 mereantur
720 1078 803 1108 haud
824 1079 919 1109 semel
937 1077 1054 1108 evolvi.-
1076 1087 1131 1109 nec
1144 1081 1272 1117 satagas
1287 1082 1320 1109 ut
1345 1082 1376 1109 te
1396 1076 1483 1119 plebs
1503 1079 1637 1111 admire-

179 1121 233 1150 tur
243 1129 254 1150 .-
277 1118 369 1150 immo
383 1120 463 1150 satis
477 1119 554 1151 habe
567 1123 602 1150 ut
619 1121 711 1160 pauci
726 1123 781 1151 tua
794 1121 912 1160 legant.
950 1120 1004 1152 An
1019 1129 1093 1151 vero
1107 1121 1202 1152 stulte
1214 1122 1354 1160 gaudeas
1368 1124 1438 1152 tuos
1452 1130 1557 1153 versus
1570 1122 1637 1153 dic·

178 1161 244 1192 turi
268 1161 303 1191 in
327 1161 440 1193 scholis
466 1162 730 1201 ignobilioribus?
769 1163 840 1201 Ego
863 1172 1066 1203 nequaquam.
1110 1163 1235 1205 Sufficit
1257 1163 1339 1195 enim
1360 1167 1395 1194 ut
1416 1164 1536 1205 equites
1560 1164 1639 1196 mihi

177 1204 388 1243 applaudant.-
410 1205 663 1244 quemadmodum
684 1205 859 1237 Arbuscula
883 1205 1009 1245 explosa
1034 1209 1213 1238 constanter
1233 1206 1350 1247 aiebat,
1374 1207 1487 1239 ceteris
1508 1207 1637 1248 spretis.

791 1288 1033 1301 eeeeeeeeeeee

181 1341 337 1382 Francis,
352 1347 390 1375 et
404 1346 638 1375 πωπω-70
660 1344 776 1376 Zarot.
792 1344 870 1376 etin
883 1346 1085 1376 versus—75
1109 1343 1255 1375 Millibus
1271 1344 1307 1375 in
1327 1345 1409 1375 ludis
1423 1344 1505 1376 Bos.
1521 1344 1637 1376 Anim.

180 1387 367 1425 ρ.59.-77
389 1386 399 1404 ⁸
415 1385 532 1417 Codex
560 1392 714 1417 vetustus
739 1386 862 1426 Regin.
889 1386 1061 1426 arbustula,
1085 1386 1181 1427 quasi
1208 1386 1250 1417 ab
1273 1388 1283 1404 ‘
1301 1386 1465 1418 arbusto!
1507 1388 1639 1419 Battel.

179 1427 327 1459 auricula.
372 1427 440 1460 Sed
467 1433 561 1459 recte
583 1427 688 1459 habet
711 1434 852 1469 recepta
879 1428 1003 1466 lecti0;
1027 1437 1127 1469 quam
1144 1433 1179 1459 et
1195 1427 1309 1460 firmat
1324 1428 1463 1460 Servius
1479 1429 1524 1459 ad
1540 1430 1636 1471 Virg-

836 1513 869 1545 Ν
874 1512 977 1546 0¹1·AE

177 1579 220 1612 de
231 1583 374 1620 pectore
385 1579 522 1612 manat.'
539 1588 588 1610 vs.
602 1581 677 1611 337.
699 1578 791 1611 Vide
805 1578 876 1611 illic

177 1629 385 1662 annotanda.

219 1681 259 1711 71
287 1679 555 1721 Cuputscuberet]
580 1679 665 1712 Haec
681 1680 771 1712 enim
786 1679 876 1711 haud

177 1739 254 1762 raro
277 1729 362 1762 facit
386 1731 539 1772 quisquis
555 1735 726 1762 accuratae
743 1736 780 1762 et
800 1740 876 1771 per-

175 1778 280 1811 fectae
315 1779 553 1820 compositioni
589 1790 726 1821 operam
761 1785 877 1812 navat.

174 1829 355 1861 Marcilius
382 1835 419 1861 et
449 1830 507 1861 alii
534 1830 670 1871 quidam
692 1830 748 1862 hic
773 1830 877 1861 alludi

177 1879 295 1912 volunt
319 1879 362 1911 ad
378 1880 571 1911 Minervam
588 1889 607 1911 e
624 1880 764 1912 cerebro
779 1880 876 1912 Jovis

176 1928 314 1962 editam,

225 1979 320 2011 Vives
332 1985 365 2012 et
385 1982 507 2013 roderet
521 1979 656 2021 ungues]
680 1981 780 2013 Pers.
802 1981 875 2013 Sat.

178 2038 206 2060 1.
223 2031 296 2062 106.
318 2030 328 2047 ‘
345 2030 420 2062 Nec
437 2031 589 2071 pluteum
605 2031 722 2071 caedit,
738 2041 801 2063 nec
818 2032 876 2064 de-

178 2088 306 2111 morsos
336 2080 428 2121 sapit
462 2081 618 2121 ungues!
660 2081 718 2112 Sic
755 2082 878 2113 leviter

178 2128 349 2161 scribendi
366 2139 472 2171 genus
489 2130 659 2172 significat
680 2131 749 2171 ilie,
765 2136 805 2162 ut
820 2141 878 2163 no-

180 2182 233 2210 tat
251 2187 288 2210 x.
305 2181 336 2210 3.

219 2231 263 2260 72
286 2229 378 2270 Saepe
387 2231 504 2272 stylum
518 2233 634 2272 vertas,
643 2231 714 2272 ssa]
736 2231 880 2265 Quintil.

179 2288 217 2312 x.
240 2283 275 2311 4.
320 2280 550 2313 ‘Emendatio
581 2291 658 2322 pars
687 2282 878 2315 studiorum

176 2331 277 2372 longe
304 2331 494 2364 utilissima.
516 2331 664 2374 ·Neqne
687 2333 777 2364 enim
805 2334 878 2366 sine

177 2391 282 2414 causa
295 2382 462 2414 creditum
478 2387 542 2419 est,
554 2383 678 2424 stylum
691 2393 757 2415 non
770 2384 879 2416 minus

179 2441 282 2473 agere
294 2442 372 2465 eum
389 2432 494 2465 delet.
540 2433 654 2475 Hujus
671 2438 783 2466 autem
797 2444 878 2476 ope-

177 2482 226 2514 ris
249 2489 316 2524 est,
340 2485 497 2526 adjicere,
517 2485 712 2524 detrahere,
733 2490 878 2517 mutare.

179 2532 248 2564 sed
268 2531 403 2566 facilius
425 2535 458 2566 in
482 2534 522 2566 iis
538 2535 798 2576 simpliciusque
818 2535 876 2576 ju-

179 2581 318 2622 dicium,
341 2593 417 2625 quae
436 2585 601 2625 replenda
617 2587 670 2618 vel
687 2586 877 2627 dejicienda

180 2635 281 2663 suut:
306 2641 462 2673 premere
478 2643 558 2667 vero
574 2637 754 2678 tumentia,
770 2637 876 2668 humi-

180 2683 228 2714 lia
246 2683 425 2722 extollere,
450 2683 654 2718 luxuriantia
675 2688 878 2728 astringere,

179 2732 372 2764 inordinata
393 2732 558 2775 digerere,
572 2738 680 2769 soluta
695 2745 878 2779 compone-

179 2792 230 2819 re,
245 2784 435 2816 exultantia
450 2784 623 2824 coen-cere,
637 2787 782 2828 duplicis
794 2798 874 2830 ope-

180 2842 240 2866 rae.
288 2834 375 2867 Nam
404 2840 440 2867 et
468 2835 658 2869 damnanda
687 2844 767 2871 sunt
797 2849 873 2881 quae

932 1578 1136 1619 placuerant
1149 1589 1159 1618 ;
1175 1582 1211 1610 et
1227 1577 1435 1611 invenienda
1447 1589 1525 1621 quae
1539 1579 1637 1621 fuge·

931 1627 1034 1660 rant!

974 1678 1099 1720 Stylum
1111 1678 1232 1720 vertas]
1262 1678 1411 1710 Veteres
1428 1678 1585 1710 nimirum
1601 1680 1636 1711 in

931 1732 1047 1759 cerata
1070 1728 1264 1760 scribentes
1294 1727 1420 1759 tabella
1449 1727 1638 1760 utebantur

931 1779 1035 1820 stylo,
1061 1778 1158 1820 cujus
1185 1788 1263 1820 pars
1283 1779 1394 1811 altera
1422 1783 1526 1811 acuta
1547 1785 1636 1821 erat,

932 1834 969 1860 et
986 1838 1128 1860 acumen
1147 1828 1329 1860 dicebatur
1345 1839 1353 1859 ι
1377 1829 1486 1861 altera
1505 1829 1638 1870 obtusa,

933 1890 1000 1921 qua
1017 1879 1180 1911 delebant
1196 1879 1229 1910 id
1247 1879 1337 1921 quod
1354 1883 1430 1911 erat
1443 1886 1636 1919 exaratum,

931 1930 1190 1969 complanantes
1207 1935 1242 1960 et
1259 1935 1436 1971 aequantes
1454 1940 1581 1969 ceram,
1598 1935 1637 1962 ut

931 1990 1052 2012 novam
1068 1980 1274 2021 scripturam
1293 1980 1507 2012 inducerent.
1542 1980 1636 2021 Ergo

933 2031 991 2073 qui
1017 2031 1144 2073 aliquid
1177 2031 1316 2063 volebat
1340 2036 1489 2073 mutare,
1509 2033 1635 2074 stylum

932 2082 1104 2123 vertebat,
1118 2087 1220 2124 atque
1245 2082 1389 2114 alteram
1415 2083 1487 2123 ejus
1502 2087 1636 2124 partem

932 2131 1131 2164 adhibebat.
1179 2133 1265 2164 Rem
1295 2132 1460 2174 graphice
1495 2133 1637 2174 exponit

933 2181 977 2212 P.
993 2182 1146 2214 Crinitus
1163 2182 1205 2214 de
1221 2182 1313 2214 Hon.
1330 2183 1476 2224 Discipl.
1493 2192 1587 2215 xvu.
1602 2187 1637 2216 4.

933 2237 970 2263 et
993 2231 1162 2264 Prudent.
1187 2233 1320 2275 Hymn.
1339 2242 1391 2265 lx.
1408 2233 1451 2265 de
1468 2234 1635 2265 Coronis:

934 2282 944 2299 ‘
955 2282 1042 2314 Inde
1053 2283 1110 2315 alii
1125 2283 1279 2315 stimulos
1297 2288 1333 2315 et
1348 2285 1506 2316 acumina
1523 2283 1636 2316 ferrea

933 2332 1080 2372 vibrant,
1097 2333 1174 2366 Qua
1198 2338 1297 2374 parte
1314 2335 1418 2366 aratis
1440 2343 1519 2365 cera
1534 2335 1634 2366 sulcis

932 2383 1112 2416 scribitur:
1139 2384 1185 2415 Et
1212 2393 1280 2426 qua
1303 2385 1388 2416 secti
1414 2384 1529 2424 apices
1553 2384 1633 2415 abo-

932 2433 1060 2472 lentur,
1077 2438 1113 2465 et
1126 2434 1272 2476 aequoris
1284 2434 1366 2466 hirti
1385 2435 1513 2466 Rursus
1530 2434 1636 2464 nites·

932 2492 1013 2515 cens
1027 2483 1207 2516 innovatur
1225 2488 1325 2516 area-¹

973 2536 1014 2564 75
1043 2534 1166 2566 Vilibus
1181 2535 1215 2564 in
1242 2535 1323 2565 ludis
1345 2532 1462 2564 dictari
1477 2530 1633 2571 carmina]

930 2583 1030 2616 Pers.
1057 2584 1130 2616 Sat.
1160 2593 1183 2615 1.
1212 2586 1265 2615 29.
1292 2583 1302 2600 ‘
1314 2582 1401 2614 Ten'
1431 2582 1632 2614 cirratorum

930 2639 1064 2667 centum
1081 2634 1214 2666 dictata
1223 2633 1327 2666 fuisse
1339 2634 1411 2666 Pro
1425 2633 1532 2665 nihilo
1549 2642 1632 2675 pen-

931 2685 991 2717 das
1004 2685 1026 2717 ?'

972 2739 1014 2767 77
1039 2735 1179 2777 Explosa
1197 2735 1372 2767 Arbuscula
1392 2733 1495 2774 dixit]
1524 2734 1632 2765 Mima

929 2788 988 2820 illa
1006 2797 1082 2819 cum
1100 2798 1119 2819 a
1136 2788 1237 2828 plebe
1253 2791 1288 2818 et
1306 2787 1406 2827 vulgo
1421 2784 1632 2826 explodeba-

929 2845 994 2875 tur,
1011 2839 1105 2880 parvi
1123 2838 1286 2877 ducebat,
1305 2837 1488 2869 dummodo
1514 2836 1631 2878 paucis
