<?xml version="1.0" encoding="UTF-8"?>
<!DOCTYPE html PUBLIC "-//W3C//DTD XHTML 1.0 Transitional//EN"
    "http://www.w3.org/TR/xhtml1/DTD/xhtml1-transitional.dtd">
<html xmlns="http://www.w3.org/1999/xhtml" xml:lang="en" lang="en">
 <head>
  <title>
</title>
<meta http-equiv="Content-Type" content="text/html;charset=utf-8" />
  <meta name='ocr-system' content='tesseract 3.04.00' />
  <meta name='ocr-capabilities' content='ocr_page ocr_carea ocr_par ocr_line ocrx_word'/>
</head>
<body>
  <div class='ocr_page' id='page_1' title='image "./operazeune02horauoft_0252.png"; bbox 0 0 1904 3256; ppageno 0'>
   <div class='ocr_carea' id='block_1_1' title="bbox 320 273 1265 327">
    <p class='ocr_par' dir='ltr' id='par_1_1' title="bbox 320 273 1265 327">
     <span class='ocr_line' id='line_1_1' title="bbox 320 273 1265 327; baseline 0.005 -14"><span class='ocrx_word' id='word_1_1' title='bbox 320 273 404 314; x_wconf 78' lang='lat'><strong>792</strong></span> <span class='ocrx_word' id='word_1_2' title='bbox 779 291 821 327; x_wconf 82' lang='lat' dir='ltr'><strong>Q·</strong></span> <span class='ocrx_word' id='word_1_3' title='bbox 852 289 1057 319; x_wconf 67' lang='lat' dir='ltr'><strong>noum-11</strong></span> <span class='ocrx_word' id='word_1_4' title='bbox 1093 289 1265 318; x_wconf 69' lang='lat' dir='ltr'><strong>numm</strong></span> 
     </span>
    </p>
   </div>
   <div class='ocr_carea' id='block_1_2' title="bbox 320 375 1634 565">
    <p class='ocr_par' dir='ltr' id='par_1_2' title="bbox 320 375 1634 565">
     <span class='ocr_line' id='line_1_2' title="bbox 320 375 1352 431; baseline 0.005 -15"><span class='ocrx_word' id='word_1_5' title='bbox 320 375 542 419; x_wconf 84' lang='lat' dir='ltr'><strong>Exclusus</strong></span> <span class='ocrx_word' id='word_1_6' title='bbox 564 378 663 428; x_wconf 88' lang='lat' dir='ltr'><strong>sore,</strong></span> <span class='ocrx_word' id='word_1_7' title='bbox 685 392 781 419; x_wconf 91' lang='lat' dir='ltr'><strong>cum</strong></span> <span class='ocrx_word' id='word_1_8' title='bbox 802 380 1080 431; x_wconf 84' lang='lat' dir='ltr'><strong>Longarenus</strong></span> <span class='ocrx_word' id='word_1_9' title='bbox 1097 380 1206 421; x_wconf 87' lang='lat' dir='ltr'><strong>foret</strong></span> <span class='ocrx_word' id='word_1_10' title='bbox 1224 382 1352 423; x_wconf 87' lang='lat' dir='ltr'><strong>intus.</strong></span> 
     </span>
     <span class='ocr_line' id='line_1_3' title="bbox 321 441 1334 487; baseline 0.005 -6"><span class='ocrx_word' id='word_1_11' title='bbox 321 441 443 482; x_wconf 87' lang='lat' dir='ltr'><strong>Huic</strong></span> <span class='ocrx_word' id='word_1_12' title='bbox 457 443 495 483; x_wconf 90' lang='lat' dir='ltr'><strong>si</strong></span> <span class='ocrx_word' id='word_1_13' title='bbox 515 445 696 484; x_wconf 86' lang='lat' dir='ltr'><strong>mutonis</strong></span> <span class='ocrx_word' id='word_1_14' title='bbox 718 443 856 482; x_wconf 87' lang='lat' dir='ltr'><strong>verbis</strong></span> <span class='ocrx_word' id='word_1_15' title='bbox 875 444 992 484; x_wconf 87' lang='lat' dir='ltr'><strong>mala</strong></span> <span class='ocrx_word' id='word_1_16' title='bbox 1012 447 1132 486; x_wconf 87' lang='lat' dir='ltr'><strong>tanta</strong></span> <span class='ocrx_word' id='word_1_17' title='bbox 1150 445 1334 487; x_wconf 87' lang='lat' dir='ltr'><strong>videntis</strong></span> 
     </span>
     <span class='ocr_line' id='line_1_4' title="bbox 320 506 1634 565; baseline 0.006 -19"><span class='ocrx_word' id='word_1_18' title='bbox 320 506 497 548; x_wconf 81' lang='lat' dir='ltr'><strong>Diceret</strong></span> <span class='ocrx_word' id='word_1_19' title='bbox 514 508 610 549; x_wconf 87' lang='lat' dir='ltr'><strong>haec</strong></span> <span class='ocrx_word' id='word_1_20' title='bbox 631 509 821 548; x_wconf 71' lang='lat' dir='ltr'><strong>animust</strong></span> <span class='ocrx_word' id='word_1_21' title='bbox 853 507 972 558; x_wconf 87' lang='lat' dir='ltr'><strong>Quid</strong></span> <span class='ocrx_word' id='word_1_22' title='bbox 997 510 1063 549; x_wconf 88' lang='lat' dir='ltr'><strong>vis</strong></span> <span class='ocrx_word' id='word_1_23' title='bbox 1081 511 1194 551; x_wconf 75' lang='lat' dir='ltr'><strong>tibi?</strong></span> <span class='ocrx_word' id='word_1_24' title='bbox 1223 512 1428 565; x_wconf 90' lang='lat' dir='ltr'><strong>numquid</strong></span> <span class='ocrx_word' id='word_1_25' title='bbox 1448 525 1527 564; x_wconf 90' lang='lat' dir='ltr'><strong>ego</strong></span> <span class='ocrx_word' id='word_1_26' title='bbox 1549 517 1634 554; x_wconf 86' lang='lat' dir='ltr'><strong>ate</strong></span> 
     </span>
    </p>
   </div>
   <div class='ocr_carea' id='block_1_3' title="bbox 319 571 1734 687">
    <p class='ocr_par' dir='ltr' id='par_1_3' title="bbox 319 571 1734 687">
     <span class='ocr_line' id='line_1_5' title="bbox 321 571 1734 625; baseline 0.006 -14"><span class='ocrx_word' id='word_1_27' title='bbox 321 571 484 623; x_wconf 87' lang='lat' dir='ltr'><strong>Magno</strong></span> <span class='ocrx_word' id='word_1_28' title='bbox 503 577 758 625; x_wconf 85' lang='lat' dir='ltr'><strong>prognatum</strong></span> <span class='ocrx_word' id='word_1_29' title='bbox 779 572 971 624; x_wconf 86' lang='lat' dir='ltr'>deposco</span> <span class='ocrx_word' id='word_1_30' title='bbox 991 575 1170 616; x_wconf 88' lang='lat' dir='ltr'><strong>consule</strong></span> <span class='ocrx_word' id='word_1_31' title='bbox 1192 589 1374 617; x_wconf 90' lang='lat' dir='ltr'><strong>cunnum</strong></span> <span class='ocrx_word' id='word_1_32' title='bbox 1677 579 1734 620; x_wconf 86' lang='lat'><strong>70</strong></span> 
     </span>
     <span class='ocr_line' id='line_1_6' title="bbox 319 634 1356 687; baseline 0.008 -12"><span class='ocrx_word' id='word_1_33' title='bbox 319 634 612 687; x_wconf 87' lang='lat' dir='ltr'><strong>Velatumque</strong></span> <span class='ocrx_word' id='word_1_34' title='bbox 630 637 755 686; x_wconf 82' lang='lat' dir='ltr'><strong>stola,</strong></span> <span class='ocrx_word' id='word_1_35' title='bbox 776 650 871 679; x_wconf 90' lang='lat' dir='ltr'><strong>mea</strong></span> <span class='ocrx_word' id='word_1_36' title='bbox 891 651 989 679; x_wconf 92' lang='lat' dir='ltr'><strong>cum</strong></span> <span class='ocrx_word' id='word_1_37' title='bbox 1004 641 1244 683; x_wconf 87' lang='lat' dir='ltr'><strong>conferbuit</strong></span> <span class='ocrx_word' id='word_1_38' title='bbox 1263 643 1356 684; x_wconf 77' lang='lat' dir='ltr'><strong>ira?</strong></span> 
     </span>
    </p>
   </div>
   <div class='ocr_carea' id='block_1_4' title="bbox 319 699 1736 1215">
    <p class='ocr_par' dir='ltr' id='par_1_4' title="bbox 320 699 1520 760">
     <span class='ocr_line' id='line_1_7' title="bbox 320 699 1520 760; baseline 0.009 -21"><span class='ocrx_word' id='word_1_39' title='bbox 320 699 438 750; x_wconf 82' lang='lat' dir='ltr'><strong>Quid</strong></span> <span class='ocrx_word' id='word_1_40' title='bbox 456 701 769 752; x_wconf 70' lang='lat' dir='ltr'><strong>responderet?</strong></span> <span class='ocrx_word' id='word_1_41' title='bbox 829 703 991 756; x_wconf 85' lang='lat' dir='ltr'><strong>Magno</strong></span> <span class='ocrx_word' id='word_1_42' title='bbox 1011 708 1132 757; x_wconf 87' lang='lat' dir='ltr'><strong>patre</strong></span> <span class='ocrx_word' id='word_1_43' title='bbox 1150 711 1253 748; x_wconf 85' lang='lat' dir='ltr'><strong>nata</strong></span> <span class='ocrx_word' id='word_1_44' title='bbox 1272 708 1422 760; x_wconf 84' lang='lat' dir='ltr'><strong>puella</strong></span> <span class='ocrx_word' id='word_1_45' title='bbox 1441 713 1520 750; x_wconf 87' lang='lat' dir='ltr'><strong>est.</strong></span> 
     </span>
    </p>

    <p class='ocr_par' dir='ltr' id='par_1_5' title="bbox 319 764 1406 825">
     <span class='ocr_line' id='line_1_8' title="bbox 319 764 1406 825; baseline 0.008 -20"><span class='ocrx_word' id='word_1_46' title='bbox 319 764 381 806; x_wconf 94' lang='lat' dir='ltr'><strong>At</strong></span> <span class='ocrx_word' id='word_1_47' title='bbox 400 770 557 817; x_wconf 87' lang='lat' dir='ltr'><strong>quanto</strong></span> <span class='ocrx_word' id='word_1_48' title='bbox 577 767 754 809; x_wconf 87' lang='lat' dir='ltr'><strong>meliora</strong></span> <span class='ocrx_word' id='word_1_49' title='bbox 773 773 927 817; x_wconf 90' lang='lat' dir='ltr'><strong>monet,</strong></span> <span class='ocrx_word' id='word_1_50' title='bbox 947 772 1268 825; x_wconf 84' lang='lat' dir='ltr'><strong>pugnantiaque</strong></span> <span class='ocrx_word' id='word_1_51' title='bbox 1296 773 1406 822; x_wconf 89' lang='lat' dir='ltr'><strong>istis,</strong></span> 
     </span>
    </p>

    <p class='ocr_par' dir='ltr' id='par_1_6' title="bbox 320 831 1272 884">
     <span class='ocr_line' id='line_1_9' title="bbox 320 831 1272 884; baseline 0.009 -15"><span class='ocrx_word' id='word_1_52' title='bbox 320 831 461 870; x_wconf 87' lang='lat' dir='ltr'><strong>Dives</strong></span> <span class='ocrx_word' id='word_1_53' title='bbox 477 831 575 883; x_wconf 91' lang='lat' dir='ltr'><strong>opis</strong></span> <span class='ocrx_word' id='word_1_54' title='bbox 593 836 746 875; x_wconf 86' lang='lat' dir='ltr'><strong>natura</strong></span> <span class='ocrx_word' id='word_1_55' title='bbox 762 847 868 884; x_wconf 86' lang='lat' dir='ltr'><strong>suae,</strong></span> <span class='ocrx_word' id='word_1_56' title='bbox 890 835 928 875; x_wconf 88' lang='lat' dir='ltr'><strong>si</strong></span> <span class='ocrx_word' id='word_1_57' title='bbox 944 840 990 875; x_wconf 88' lang='lat' dir='ltr'><strong>tu</strong></span> <span class='ocrx_word' id='word_1_58' title='bbox 1008 837 1139 877; x_wconf 91' lang='lat' dir='ltr'><strong>modo</strong></span> <span class='ocrx_word' id='word_1_59' title='bbox 1158 842 1272 878; x_wconf 83' lang='lat' dir='ltr'><strong>recte</strong></span> 
     </span>
    </p>

    <p class='ocr_par' dir='ltr' id='par_1_7' title="bbox 319 894 1736 1017">
     <span class='ocr_line' id='line_1_10' title="bbox 320 894 1736 955; baseline 0.008 -22"><span class='ocrx_word' id='word_1_60' title='bbox 320 894 581 946; x_wconf 86' lang='lat' dir='ltr'><strong>Dispensare</strong></span> <span class='ocrx_word' id='word_1_61' title='bbox 599 898 724 948; x_wconf 88' lang='lat' dir='ltr'><strong>velis,</strong></span> <span class='ocrx_word' id='word_1_62' title='bbox 746 912 798 940; x_wconf 86' lang='lat' dir='ltr'><strong>ac</strong></span> <span class='ocrx_word' id='word_1_63' title='bbox 817 913 900 941; x_wconf 91' lang='lat' dir='ltr'><strong>non</strong></span> <span class='ocrx_word' id='word_1_64' title='bbox 918 901 1120 954; x_wconf 85' lang='lat' dir='ltr'><strong>fugienda</strong></span> <span class='ocrx_word' id='word_1_65' title='bbox 1139 903 1336 955; x_wconf 86' lang='lat' dir='ltr'><strong>petendis</strong></span> <span class='ocrx_word' id='word_1_66' title='bbox 1680 904 1736 944; x_wconf 82' lang='lat'><strong>75</strong></span> 
     </span>
     <span class='ocr_line' id='line_1_11' title="bbox 319 959 1291 1017; baseline 0.011 -19"><span class='ocrx_word' id='word_1_67' title='bbox 319 959 595 1003; x_wconf 74' lang='lat' dir='ltr'><strong>immiscere!</strong></span> <span class='ocrx_word' id='word_1_68' title='bbox 624 963 722 1004; x_wconf 90' lang='lat' dir='ltr'><strong>Tuo</strong></span> <span class='ocrx_word' id='word_1_69' title='bbox 744 966 867 1014; x_wconf 88' lang='lat' dir='ltr'><strong>vitio,</strong></span> <span class='ocrx_word' id='word_1_70' title='bbox 888 979 1082 1007; x_wconf 87' lang='lat' dir='ltr'><strong>rerumne</strong></span> <span class='ocrx_word' id='word_1_71' title='bbox 1099 969 1291 1017; x_wconf 85' lang='lat' dir='ltr'><strong>labores,</strong></span> 
     </span>
    </p>

    <p class='ocr_par' dir='ltr' id='par_1_8' title="bbox 319 1024 1328 1085">
     <span class='ocr_line' id='line_1_12' title="bbox 319 1024 1328 1085; baseline 0.011 -22"><span class='ocrx_word' id='word_1_72' title='bbox 319 1024 399 1064; x_wconf 91' lang='lat' dir='ltr'><strong>Nil</strong></span> <span class='ocrx_word' id='word_1_73' title='bbox 417 1025 573 1067; x_wconf 84' lang='lat' dir='ltr'><strong>referre</strong></span> <span class='ocrx_word' id='word_1_74' title='bbox 593 1031 750 1080; x_wconf 66' lang='lat' dir='ltr'><strong>putas?</strong></span> <span class='ocrx_word' id='word_1_75' title='bbox 782 1030 943 1081; x_wconf 82' lang='lat' dir='ltr'><strong>Quare,</strong></span> <span class='ocrx_word' id='word_1_76' title='bbox 963 1045 1017 1072; x_wconf 91' lang='lat' dir='ltr'><strong>ne</strong></span> <span class='ocrx_word' id='word_1_77' title='bbox 1037 1034 1252 1085; x_wconf 86' lang='lat' dir='ltr'><strong>poeniteat</strong></span> <span class='ocrx_word' id='word_1_78' title='bbox 1273 1037 1328 1083; x_wconf 85' lang='lat' dir='ltr'><strong>te,</strong></span> 
     </span>
    </p>

    <p class='ocr_par' dir='ltr' id='par_1_9' title="bbox 320 1089 1277 1146">
     <span class='ocr_line' id='line_1_13' title="bbox 320 1089 1277 1146; baseline 0.01 -18"><span class='ocrx_word' id='word_1_79' title='bbox 320 1089 488 1131; x_wconf 89' lang='lat' dir='ltr'><strong>Desine</strong></span> <span class='ocrx_word' id='word_1_80' title='bbox 509 1096 726 1136; x_wconf 86' lang='lat' dir='ltr'><strong>matronas</strong></span> <span class='ocrx_word' id='word_1_81' title='bbox 747 1098 963 1146; x_wconf 88' lang='lat' dir='ltr'><strong>sectarier,</strong></span> <span class='ocrx_word' id='word_1_82' title='bbox 982 1098 1095 1138; x_wconf 89' lang='lat' dir='ltr'><strong>unde</strong></span> <span class='ocrx_word' id='word_1_83' title='bbox 1115 1098 1277 1138; x_wconf 89' lang='lat' dir='ltr'><strong>laboris</strong></span> 
     </span>
    </p>

    <p class='ocr_par' dir='ltr' id='par_1_10' title="bbox 319 1154 1573 1215">
     <span class='ocr_line' id='line_1_14' title="bbox 319 1154 1573 1215; baseline 0.006 -21"><span class='ocrx_word' id='word_1_84' title='bbox 319 1154 429 1195; x_wconf 88' lang='lat' dir='ltr'><strong>Plus</strong></span> <span class='ocrx_word' id='word_1_85' title='bbox 449 1157 616 1199; x_wconf 81' lang='lat' dir='ltr'><strong>haurire</strong></span> <span class='ocrx_word' id='word_1_86' title='bbox 635 1161 738 1201; x_wconf 91' lang='lat' dir='ltr'><strong>mali</strong></span> <span class='ocrx_word' id='word_1_87' title='bbox 756 1165 835 1211; x_wconf 89' lang='lat' dir='ltr'><strong>est,</strong></span> <span class='ocrx_word' id='word_1_88' title='bbox 856 1174 983 1214; x_wconf 85' lang='lat' dir='ltr'><strong>quam</strong></span> <span class='ocrx_word' id='word_1_89' title='bbox 1003 1174 1061 1202; x_wconf 81' lang='lat' dir='ltr'><strong>ex</strong></span> <span class='ocrx_word' id='word_1_90' title='bbox 1080 1174 1125 1202; x_wconf 88' lang='lat' dir='ltr'><strong>re</strong></span> <span class='ocrx_word' id='word_1_91' title='bbox 1145 1162 1378 1215; x_wconf 89' lang='lat' dir='ltr'><strong>decerpere</strong></span> <span class='ocrx_word' id='word_1_92' title='bbox 1397 1162 1573 1204; x_wconf 83' lang='lat' dir='ltr'><strong>fructus.</strong></span> 
     </span>
    </p>
   </div>
   <div class='ocr_carea' id='block_1_5' title="bbox 317 1268 1742 1599">
    <p class='ocr_par' dir='ltr' id='par_1_11' title="bbox 317 1268 1742 1599">
     <span class='ocr_line' id='line_1_15' title="bbox 319 1268 1738 1308; baseline 0.004 -12"><span class='ocrx_word' id='word_1_93' title='bbox 319 1277 386 1298; x_wconf 83' lang='lat' dir='ltr'><strong>cum</strong></span> <span class='ocrx_word' id='word_1_94' title='bbox 398 1268 596 1308; x_wconf 76' lang='lat' dir='ltr'><strong>Longarenus</strong></span> <span class='ocrx_word' id='word_1_95' title='bbox 610 1273 684 1300; x_wconf 83' lang='lat' dir='ltr'><strong>esset</strong></span> <span class='ocrx_word' id='word_1_96' title='bbox 700 1270 793 1301; x_wconf 83' lang='lat' dir='ltr'><strong>intus.</strong></span> <span class='ocrx_word' id='word_1_97' title='bbox 823 1271 913 1306; x_wconf 83' lang='lat' dir='ltr'><strong>Quod</strong></span> <span class='ocrx_word' id='word_1_98' title='bbox 927 1271 955 1302; x_wconf 80' lang='lat' dir='ltr'><strong>si</strong></span> <span class='ocrx_word' id='word_1_99' title='bbox 966 1271 1102 1302; x_wconf 72' lang='lat' dir='ltr'><strong>libidinis</strong></span> <span class='ocrx_word' id='word_1_100' title='bbox 1118 1273 1162 1301; x_wconf 81' lang='lat' dir='ltr'><strong>tot</strong></span> <span class='ocrx_word' id='word_1_101' title='bbox 1176 1274 1206 1301; x_wconf 81' lang='lat' dir='ltr'><strong>et</strong></span> <span class='ocrx_word' id='word_1_102' title='bbox 1222 1273 1310 1301; x_wconf 78' lang='lat' dir='ltr'><strong>tanta</strong></span> <span class='ocrx_word' id='word_1_103' title='bbox 1320 1271 1505 1301; x_wconf 77' lang='lat' dir='ltr'><strong>incommoda</strong></span> <span class='ocrx_word' id='word_1_104' title='bbox 1519 1271 1671 1302; x_wconf 74' lang='lat' dir='ltr'><strong>cernentis</strong></span> <span class='ocrx_word' id='word_1_105' title='bbox 1685 1280 1738 1302; x_wconf 82' lang='lat' dir='ltr'><strong>no-</strong></span> 
     </span>
     <span class='ocr_line' id='line_1_16' title="bbox 319 1310 1740 1353; baseline 0.004 -14"><span class='ocrx_word' id='word_1_106' title='bbox 319 1310 400 1340; x_wconf 73' lang='lat' dir='ltr'><strong>mine</strong></span> <span class='ocrx_word' id='word_1_107' title='bbox 414 1321 496 1341; x_wconf 80' lang='lat' dir='ltr'><strong>mens</strong></span> <span class='ocrx_word' id='word_1_108' title='bbox 510 1310 567 1340; x_wconf 77' lang='lat' dir='ltr'><strong>tali</strong></span> <span class='ocrx_word' id='word_1_109' title='bbox 579 1311 694 1342; x_wconf 76' lang='lat' dir='ltr'><strong>homini</strong></span> <span class='ocrx_word' id='word_1_110' title='bbox 707 1313 879 1351; x_wconf 83' lang='lat' dir='ltr'><strong>loqueretur</strong></span> <span class='ocrx_word' id='word_1_111' title='bbox 893 1312 953 1343; x_wconf 80' lang='lat' dir='ltr'><strong>ista</strong></span> <span class='ocrx_word' id='word_1_112' title='bbox 967 1323 976 1343; x_wconf 89' lang='lat'><em>:</em></span> <span class='ocrx_word' id='word_1_113' title='bbox 1002 1314 1085 1348; x_wconf 87' lang='lat' dir='ltr'><strong>Quid</strong></span> <span class='ocrx_word' id='word_1_114' title='bbox 1099 1313 1199 1353; x_wconf 82' lang='lat' dir='ltr'><strong>petis?</strong></span> <span class='ocrx_word' id='word_1_115' title='bbox 1221 1314 1339 1351; x_wconf 83' lang='lat' dir='ltr'><strong>quando</strong></span> <span class='ocrx_word' id='word_1_116' title='bbox 1355 1322 1436 1342; x_wconf 88' lang='lat' dir='ltr'><strong>meus</strong></span> <span class='ocrx_word' id='word_1_117' title='bbox 1457 1313 1549 1341; x_wconf 81' lang='lat' dir='ltr'><strong>ardor</strong></span> <span class='ocrx_word' id='word_1_118' title='bbox 1564 1313 1668 1351; x_wconf 77' lang='lat' dir='ltr'><strong>suerit</strong></span> <span class='ocrx_word' id='word_1_119' title='bbox 1690 1323 1740 1344; x_wconf 80' lang='lat' dir='ltr'><strong>oc·</strong></span> 
     </span>
     <span class='ocr_line' id='line_1_17' title="bbox 319 1353 1740 1393; baseline 0.004 -13"><span class='ocrx_word' id='word_1_120' title='bbox 319 1359 438 1389; x_wconf 78' lang='lat' dir='ltr'><strong>census,</strong></span> <span class='ocrx_word' id='word_1_121' title='bbox 453 1362 492 1382; x_wconf 81' lang='lat' dir='ltr'><strong>an</strong></span> <span class='ocrx_word' id='word_1_122' title='bbox 513 1361 569 1388; x_wconf 82' lang='lat' dir='ltr'><strong>ego</strong></span> <span class='ocrx_word' id='word_1_123' title='bbox 591 1361 611 1382; x_wconf 79' lang='lat' dir='ltr'><strong><em>a</em></strong></span> <span class='ocrx_word' id='word_1_124' title='bbox 635 1355 665 1382; x_wconf 87' lang='lat' dir='ltr'><strong>te</strong></span> <span class='ocrx_word' id='word_1_125' title='bbox 679 1353 796 1391; x_wconf 80' lang='lat' dir='ltr'><strong>flagito</strong></span> <span class='ocrx_word' id='word_1_126' title='bbox 817 1353 973 1384; x_wconf 82' lang='lat' dir='ltr'><strong>mutierem</strong></span> <span class='ocrx_word' id='word_1_127' title='bbox 994 1355 1109 1385; x_wconf 80' lang='lat' dir='ltr'><strong>illustri</strong></span> <span class='ocrx_word' id='word_1_128' title='bbox 1131 1355 1250 1393; x_wconf 78' lang='lat' dir='ltr'><strong>consule</strong></span> <span class='ocrx_word' id='word_1_129' title='bbox 1273 1355 1422 1391; x_wconf 81' lang='lat' dir='ltr'><strong>genitam,</strong></span> <span class='ocrx_word' id='word_1_130' title='bbox 1437 1357 1467 1383; x_wconf 85' lang='lat' dir='ltr'><strong>et</strong></span> <span class='ocrx_word' id='word_1_131' title='bbox 1482 1353 1559 1384; x_wconf 81' lang='lat' dir='ltr'><strong>stola</strong></span> <span class='ocrx_word' id='word_1_132' title='bbox 1574 1353 1740 1387; x_wconf 72' lang='lat' dir='ltr'><strong>vestitam?</strong></span> 
     </span>
     <span class='ocr_line' id='line_1_18' title="bbox 317 1393 1740 1434; baseline 0.004 -14"><span class='ocrx_word' id='word_1_133' title='bbox 317 1393 396 1430; x_wconf 83' lang='lat' dir='ltr'><strong>quod</strong></span> <span class='ocrx_word' id='word_1_134' title='bbox 409 1402 582 1432; x_wconf 83' lang='lat' dir='ltr'><strong>responsum</strong></span> <span class='ocrx_word' id='word_1_135' title='bbox 592 1394 701 1424; x_wconf 78' lang='lat' dir='ltr'><strong>daret?</strong></span> <span class='ocrx_word' id='word_1_136' title='bbox 722 1394 839 1433; x_wconf 82' lang='lat' dir='ltr'><strong>Nempe</strong></span> <span class='ocrx_word' id='word_1_137' title='bbox 853 1394 970 1425; x_wconf 79' lang='lat' dir='ltr'><strong>illustri</strong></span> <span class='ocrx_word' id='word_1_138' title='bbox 982 1399 1071 1434; x_wconf 79' lang='lat' dir='ltr'><strong>patre</strong></span> <span class='ocrx_word' id='word_1_139' title='bbox 1084 1398 1152 1425; x_wconf 81' lang='lat' dir='ltr'><strong>orta</strong></span> <span class='ocrx_word' id='word_1_140' title='bbox 1166 1398 1210 1424; x_wconf 85' lang='lat' dir='ltr'><strong>est</strong></span> <span class='ocrx_word' id='word_1_141' title='bbox 1221 1395 1330 1433; x_wconf 82' lang='lat' dir='ltr'><strong>puella.</strong></span> <span class='ocrx_word' id='word_1_142' title='bbox 1366 1395 1477 1425; x_wconf 84' lang='lat' dir='ltr'><strong>Verum</strong></span> <span class='ocrx_word' id='word_1_143' title='bbox 1491 1400 1603 1433; x_wconf 81' lang='lat' dir='ltr'><strong>quanto</strong></span> <span class='ocrx_word' id='word_1_144' title='bbox 1615 1396 1740 1426; x_wconf 78' lang='lat' dir='ltr'><strong>meliora</strong></span> 
     </span>
     <span class='ocr_line' id='line_1_19' title="bbox 319 1433 1741 1475; baseline 0.003 -13"><span class='ocrx_word' id='word_1_145' title='bbox 319 1436 350 1462; x_wconf 86' lang='lat' dir='ltr'><strong>et</strong></span> <span class='ocrx_word' id='word_1_146' title='bbox 364 1433 413 1463; x_wconf 78' lang='lat' dir='ltr'><strong>his</strong></span> <span class='ocrx_word' id='word_1_147' title='bbox 426 1433 580 1464; x_wconf 79' lang='lat' dir='ltr'><strong>contraria</strong></span> <span class='ocrx_word' id='word_1_148' title='bbox 592 1435 700 1464; x_wconf 77' lang='lat' dir='ltr'><strong>suadet</strong></span> <span class='ocrx_word' id='word_1_149' title='bbox 722 1438 833 1465; x_wconf 80' lang='lat' dir='ltr'><strong>nutura</strong></span> <span class='ocrx_word' id='word_1_150' title='bbox 853 1436 918 1465; x_wconf 75' lang='lat' dir='ltr'><strong>suis</strong></span> <span class='ocrx_word' id='word_1_151' title='bbox 939 1436 1044 1475; x_wconf 82' lang='lat' dir='ltr'><strong>opibus</strong></span> <span class='ocrx_word' id='word_1_152' title='bbox 1063 1435 1215 1474; x_wconf 76' lang='lat' dir='ltr'><strong>locuples!</strong></span> <span class='ocrx_word' id='word_1_153' title='bbox 1257 1435 1294 1466; x_wconf 85' lang='lat' dir='ltr'><strong>Si</strong></span> <span class='ocrx_word' id='word_1_154' title='bbox 1314 1437 1400 1465; x_wconf 82' lang='lat' dir='ltr'><strong>modo</strong></span> <span class='ocrx_word' id='word_1_155' title='bbox 1415 1439 1449 1465; x_wconf 83' lang='lat' dir='ltr'><strong>tu</strong></span> <span class='ocrx_word' id='word_1_156' title='bbox 1464 1435 1535 1465; x_wconf 85' lang='lat' dir='ltr'><strong>bene</strong></span> <span class='ocrx_word' id='word_1_157' title='bbox 1549 1436 1596 1465; x_wconf 84' lang='lat' dir='ltr'><strong>uti</strong></span> <span class='ocrx_word' id='word_1_158' title='bbox 1608 1436 1696 1474; x_wconf 79' lang='lat' dir='ltr'><strong>velis,</strong></span> <span class='ocrx_word' id='word_1_159' title='bbox 1709 1439 1741 1466; x_wconf 79' lang='lat' dir='ltr'><strong>et</strong></span> 
     </span>
     <span class='ocr_line' id='line_1_20' title="bbox 319 1475 1741 1516; baseline 0.004 -14"><span class='ocrx_word' id='word_1_160' title='bbox 319 1482 379 1504; x_wconf 77' lang='lat' dir='ltr'><strong>non</strong></span> <span class='ocrx_word' id='word_1_161' title='bbox 393 1475 575 1511; x_wconf 72' lang='lat' dir='ltr'><strong>confundere</strong></span> <span class='ocrx_word' id='word_1_162' title='bbox 589 1475 733 1505; x_wconf 74' lang='lat' dir='ltr'><strong>evitanda</strong></span> <span class='ocrx_word' id='word_1_163' title='bbox 746 1485 813 1506; x_wconf 85' lang='lat' dir='ltr'><strong>cum</strong></span> <span class='ocrx_word' id='word_1_164' title='bbox 824 1477 1003 1515; x_wconf 78' lang='lat' dir='ltr'><strong>exoptandis</strong></span> <span class='ocrx_word' id='word_1_165' title='bbox 1013 1487 1025 1513; x_wconf 89' lang='lat'><em>;</em></span> <span class='ocrx_word' id='word_1_166' title='bbox 1048 1487 1087 1507; x_wconf 81' lang='lat' dir='ltr'><strong>an</strong></span> <span class='ocrx_word' id='word_1_167' title='bbox 1102 1476 1199 1507; x_wconf 79' lang='lat' dir='ltr'><strong>credis</strong></span> <span class='ocrx_word' id='word_1_168' title='bbox 1212 1477 1290 1506; x_wconf 82' lang='lat' dir='ltr'><strong>nihil</strong></span> <span class='ocrx_word' id='word_1_169' title='bbox 1304 1476 1446 1506; x_wconf 79' lang='lat' dir='ltr'><strong>interesse</strong></span> <span class='ocrx_word' id='word_1_170' title='bbox 1457 1480 1558 1506; x_wconf 81' lang='lat' dir='ltr'><strong>utrum</strong></span> <span class='ocrx_word' id='word_1_171' title='bbox 1572 1485 1672 1515; x_wconf 78' lang='lat' dir='ltr'><strong>egeas,</strong></span> <span class='ocrx_word' id='word_1_172' title='bbox 1686 1486 1741 1516; x_wconf 82' lang='lat' dir='ltr'><strong>per</strong></span> 
     </span>
     <span class='ocr_line' id='line_1_21' title="bbox 319 1516 1742 1558; baseline 0.002 -13"><span class='ocrx_word' id='word_1_173' title='bbox 319 1517 404 1545; x_wconf 76' lang='lat' dir='ltr'><strong>tuam</strong></span> <span class='ocrx_word' id='word_1_174' title='bbox 418 1516 559 1546; x_wconf 79' lang='lat' dir='ltr'><strong>vitiosam</strong></span> <span class='ocrx_word' id='word_1_175' title='bbox 572 1516 781 1557; x_wconf 73' lang='lat' dir='ltr'><strong>cupiditatem,</strong></span> <span class='ocrx_word' id='word_1_176' title='bbox 805 1527 845 1548; x_wconf 83' lang='lat' dir='ltr'><strong>an</strong></span> <span class='ocrx_word' id='word_1_177' title='bbox 867 1527 923 1557; x_wconf 82' lang='lat' dir='ltr'><strong>per</strong></span> <span class='ocrx_word' id='word_1_178' title='bbox 947 1527 1047 1548; x_wconf 84' lang='lat' dir='ltr'><strong>rerum</strong></span> <span class='ocrx_word' id='word_1_179' title='bbox 1066 1518 1246 1558; x_wconf 79' lang='lat' dir='ltr'><strong>penuriam?</strong></span> <span class='ocrx_word' id='word_1_180' title='bbox 1291 1518 1482 1557; x_wconf 77' lang='lat' dir='ltr'><strong>Quapropter</strong></span> <span class='ocrx_word' id='word_1_181' title='bbox 1501 1520 1535 1547; x_wconf 84' lang='lat' dir='ltr'><strong>ut</strong></span> <span class='ocrx_word' id='word_1_182' title='bbox 1555 1527 1616 1547; x_wconf 79' lang='lat' dir='ltr'><strong>non</strong></span> <span class='ocrx_word' id='word_1_183' title='bbox 1638 1518 1742 1548; x_wconf 73' lang='lat' dir='ltr'><strong>doleas</strong></span> 
     </span>
     <span class='ocr_line' id='line_1_22' title="bbox 319 1555 1742 1599; baseline 0.001 -13"><span class='ocrx_word' id='word_1_184' title='bbox 319 1555 494 1597; x_wconf 79' lang='lat' dir='ltr'><strong>aliquando,</strong></span> <span class='ocrx_word' id='word_1_185' title='bbox 510 1557 626 1588; x_wconf 78' lang='lat' dir='ltr'><strong>abstine</strong></span> <span class='ocrx_word' id='word_1_186' title='bbox 641 1558 776 1597; x_wconf 77' lang='lat' dir='ltr'><strong>deperire</strong></span> <span class='ocrx_word' id='word_1_187' title='bbox 789 1562 944 1589; x_wconf 74' lang='lat' dir='ltr'><strong>nmtronas</strong></span> <span class='ocrx_word' id='word_1_188' title='bbox 952 1569 964 1595; x_wconf 90' lang='lat'><em>;</em></span> <span class='ocrx_word' id='word_1_189' title='bbox 979 1561 1058 1590; x_wconf 81' lang='lat' dir='ltr'><strong>unde</strong></span> <span class='ocrx_word' id='word_1_190' title='bbox 1070 1561 1138 1599; x_wconf 79' lang='lat' dir='ltr'><strong>ptus</strong></span> <span class='ocrx_word' id='word_1_191' title='bbox 1149 1560 1286 1589; x_wconf 75' lang='lat' dir='ltr'><strong>moeroris</strong></span> <span class='ocrx_word' id='word_1_192' title='bbox 1295 1559 1475 1598; x_wconf 82' lang='lat' dir='ltr'><strong>percipitur,</strong></span> <span class='ocrx_word' id='word_1_193' title='bbox 1491 1567 1578 1597; x_wconf 77' lang='lat' dir='ltr'><strong>quam</strong></span> <span class='ocrx_word' id='word_1_194' title='bbox 1593 1558 1742 1590; x_wconf 75' lang='lat' dir='ltr'><strong>utilitatis</strong></span> 
     </span>
    </p>
   </div>
   <div class='ocr_carea' id='block_1_6' title="bbox 918 1640 1150 1653">
    <p class='ocr_par' dir='ltr' id='par_1_12' title="bbox 918 1640 1150 1653">
     <span class='ocr_line' id='line_1_23' title="bbox 918 1640 1150 1653; baseline -0.004 0"><span class='ocrx_word' id='word_1_195' title='bbox 918 1640 1070 1653; x_wconf 50' lang='lat' dir='ltr'><strong>‘&#39;HOC“</strong></span> <span class='ocrx_word' id='word_1_196' title='bbox 1075 1641 1090 1652; x_wconf 70' lang='grc' dir='ltr'><strong><em>Ι</em></strong></span> <span class='ocrx_word' id='word_1_197' title='bbox 1094 1641 1109 1652; x_wconf 71' lang='grc' dir='ltr'><strong><em>Ι</em></strong></span> <span class='ocrx_word' id='word_1_198' title='bbox 1114 1640 1129 1652; x_wconf 67' lang='lat' dir='ltr'><em>O</em></span> <span class='ocrx_word' id='word_1_199' title='bbox 1133 1641 1150 1651; x_wconf 71' lang='lat' dir='ltr'><em>O</em></span> 
     </span>
    </p>
   </div>
   <div class='ocr_carea' id='block_1_7' title="bbox 301 1690 1743 2228">
    <p class='ocr_par' dir='ltr' id='par_1_13' title="bbox 301 1690 1743 2228">
     <span class='ocr_line' id='line_1_24' title="bbox 321 1690 1743 1731; baseline 0.004 -12"><span class='ocrx_word' id='word_1_200' title='bbox 321 1690 354 1719; x_wconf 90' lang='lat' dir='ltr'><strong>in</strong></span> <span class='ocrx_word' id='word_1_201' title='bbox 371 1690 479 1720; x_wconf 89' lang='lat' dir='ltr'><strong>locum</strong></span> <span class='ocrx_word' id='word_1_202' title='bbox 496 1694 538 1729; x_wconf 84' lang='lat' dir='ltr'><strong>et,</strong></span> <span class='ocrx_word' id='word_1_203' title='bbox 552 1694 598 1721; x_wconf 77' lang='lat' dir='ltr'><strong>est</strong></span> <span class='ocrx_word' id='word_1_204' title='bbox 613 1690 809 1723; x_wconf 65' lang='lat' dir='ltr'><strong>substituit!</strong></span> <span class='ocrx_word' id='word_1_205' title='bbox 832 1692 1049 1731; x_wconf 81' lang='lat' dir='ltr'><strong>Cuning.-68</strong></span> <span class='ocrx_word' id='word_1_206' title='bbox 1070 1692 1164 1723; x_wconf 88' lang='lat' dir='ltr'><strong>Unus</strong></span> <span class='ocrx_word' id='word_1_207' title='bbox 1181 1692 1270 1723; x_wconf 84' lang='lat' dir='ltr'><strong>Hau.</strong></span> <span class='ocrx_word' id='word_1_208' title='bbox 1287 1692 1382 1723; x_wconf 86' lang='lat' dir='ltr'><strong>Gott.</strong></span> <span class='ocrx_word' id='word_1_209' title='bbox 1399 1693 1484 1723; x_wconf 84' lang='lat' dir='ltr'><strong>Exc.</strong></span> <span class='ocrx_word' id='word_1_210' title='bbox 1501 1692 1579 1724; x_wconf 84' lang='lat' dir='ltr'><strong>Sax.</strong></span> <span class='ocrx_word' id='word_1_211' title='bbox 1597 1692 1693 1724; x_wconf 79' lang='lat' dir='ltr'><strong>Harl.</strong></span> <span class='ocrx_word' id='word_1_212' title='bbox 1709 1695 1743 1726; x_wconf 84' lang='lat' dir='ltr'><strong>l.</strong></span> 
     </span>
     <span class='ocr_line' id='line_1_25' title="bbox 321 1731 1741 1772; baseline 0.002 -10"><span class='ocrx_word' id='word_1_213' title='bbox 321 1734 352 1762; x_wconf 88' lang='lat'><strong>2.</strong></span> <span class='ocrx_word' id='word_1_214' title='bbox 367 1733 398 1762; x_wconf 76' lang='lat'><strong>³.</strong></span> <span class='ocrx_word' id='word_1_215' title='bbox 411 1734 443 1762; x_wconf 83' lang='grc'><strong>4.</strong></span> <span class='ocrx_word' id='word_1_216' title='bbox 458 1734 489 1762; x_wconf 86' lang='grc'><strong>6.</strong></span> <span class='ocrx_word' id='word_1_217' title='bbox 511 1731 587 1762; x_wconf 91' lang='lat' dir='ltr'><strong>edd.</strong></span> <span class='ocrx_word' id='word_1_218' title='bbox 609 1737 691 1764; x_wconf 86' lang='lat' dir='ltr'><strong>vett.</strong></span> <span class='ocrx_word' id='word_1_219' title='bbox 710 1742 764 1772; x_wconf 83' lang='lat' dir='ltr'><strong>ap.</strong></span> <span class='ocrx_word' id='word_1_220' title='bbox 782 1732 887 1765; x_wconf 85' lang='lat' dir='ltr'><strong>Gesn.</strong></span> <span class='ocrx_word' id='word_1_221' title='bbox 909 1739 944 1765; x_wconf 86' lang='lat' dir='ltr'><strong>et</strong></span> <span class='ocrx_word' id='word_1_222' title='bbox 963 1734 1041 1765; x_wconf 83' lang='lat' dir='ltr'><strong>Vet.</strong></span> <span class='ocrx_word' id='word_1_223' title='bbox 1062 1733 1181 1764; x_wconf 86' lang='lat' dir='ltr'><strong>Comb.</strong></span> <span class='ocrx_word' id='word_1_224' title='bbox 1204 1734 1320 1764; x_wconf 73' lang='lat' dir='ltr'><strong>videnti</strong></span> <span class='ocrx_word' id='word_1_225' title='bbox 1333 1734 1501 1765; x_wconf 85' lang='lat' dir='ltr'><strong>exhibent.</strong></span> <span class='ocrx_word' id='word_1_226' title='bbox 1523 1735 1533 1751; x_wconf 90' lang='lat'>‘</span> <span class='ocrx_word' id='word_1_227' title='bbox 1548 1734 1673 1766; x_wconf 72' lang='lat' dir='ltr'><strong>videnti</strong></span> <span class='ocrx_word' id='word_1_228' title='bbox 1687 1735 1741 1765; x_wconf 83' lang='lat' dir='ltr'><strong>ha-</strong></span> 
     </span>
     <span class='ocr_line' id='line_1_26' title="bbox 321 1772 1741 1816; baseline 0.003 -13"><span class='ocrx_word' id='word_1_229' title='bbox 321 1772 404 1803; x_wconf 86' lang='lat' dir='ltr'><strong>bent</strong></span> <span class='ocrx_word' id='word_1_230' title='bbox 419 1777 489 1803; x_wconf 90' lang='lat' dir='ltr'><strong>tum</strong></span> <span class='ocrx_word' id='word_1_231' title='bbox 505 1777 638 1804; x_wconf 83' lang='lat' dir='ltr'><strong>veteres</strong></span> <span class='ocrx_word' id='word_1_232' title='bbox 660 1774 839 1814; x_wconf 84' lang='lat' dir='ltr'><strong>editiones,</strong></span> <span class='ocrx_word' id='word_1_233' title='bbox 861 1779 930 1806; x_wconf 86' lang='lat' dir='ltr'><strong>tum</strong></span> <span class='ocrx_word' id='word_1_234' title='bbox 946 1774 1063 1814; x_wconf 84' lang='lat' dir='ltr'><strong>scripti</strong></span> <span class='ocrx_word' id='word_1_235' title='bbox 1078 1775 1210 1806; x_wconf 88' lang='lat' dir='ltr'><strong>codices</strong></span> <span class='ocrx_word' id='word_1_236' title='bbox 1225 1775 1267 1806; x_wconf 84' lang='lat' dir='ltr'><strong>ad</strong></span> <span class='ocrx_word' id='word_1_237' title='bbox 1284 1785 1383 1806; x_wconf 86' lang='lat' dir='ltr'><strong>unum</strong></span> <span class='ocrx_word' id='word_1_238' title='bbox 1405 1785 1539 1813; x_wconf 84' lang='lat' dir='ltr'><strong>omnes;</strong></span> <span class='ocrx_word' id='word_1_239' title='bbox 1562 1781 1655 1807; x_wconf 82' lang='lat' dir='ltr'><strong>certe</strong></span> <span class='ocrx_word' id='word_1_240' title='bbox 1670 1776 1741 1816; x_wconf 87' lang='lat' dir='ltr'><strong>qui-</strong></span> 
     </span>
     <span class='ocr_line' id='line_1_27' title="bbox 320 1813 1741 1856; baseline 0.004 -13"><span class='ocrx_word' id='word_1_241' title='bbox 320 1813 382 1844; x_wconf 82' lang='lat' dir='ltr'><strong>bus</strong></span> <span class='ocrx_word' id='word_1_242' title='bbox 398 1823 460 1853; x_wconf 85' lang='lat' dir='ltr'><strong>ego</strong></span> <span class='ocrx_word' id='word_1_243' title='bbox 475 1824 550 1845; x_wconf 85' lang='lat' dir='ltr'><strong>usus</strong></span> <span class='ocrx_word' id='word_1_244' title='bbox 567 1825 649 1846; x_wconf 91' lang='lat' dir='ltr'><strong>sum.</strong></span> <span class='ocrx_word' id='word_1_245' title='bbox 693 1815 807 1856; x_wconf 83' lang='lat' dir='ltr'><strong>Atque</strong></span> <span class='ocrx_word' id='word_1_246' title='bbox 829 1817 876 1847; x_wconf 84' lang='lat' dir='ltr'><strong>ita</strong></span> <span class='ocrx_word' id='word_1_247' title='bbox 897 1816 1066 1847; x_wconf 82' lang='lat' dir='ltr'><strong>sententia</strong></span> <span class='ocrx_word' id='word_1_248' title='bbox 1081 1818 1250 1855; x_wconf 80' lang='lat' dir='ltr'><strong>postulat:</strong></span> <span class='ocrx_word' id='word_1_249' title='bbox 1273 1817 1364 1847; x_wconf 87' lang='lat' dir='ltr'><strong>Huic</strong></span> <span class='ocrx_word' id='word_1_250' title='bbox 1379 1817 1479 1847; x_wconf 85' lang='lat' dir='ltr'><strong>Villio</strong></span> <span class='ocrx_word' id='word_1_251' title='bbox 1494 1817 1622 1848; x_wconf 85' lang='lat' dir='ltr'><strong>videnti</strong></span> <span class='ocrx_word' id='word_1_252' title='bbox 1646 1821 1741 1848; x_wconf 75' lang='lat' dir='ltr'><strong>tanta</strong></span> 
     </span>
     <span class='ocr_line' id='line_1_28' title="bbox 320 1855 1738 1897; baseline 0.003 -13"><span class='ocrx_word' id='word_1_253' title='bbox 320 1855 565 1894; x_wconf 81' lang='lat' dir='ltr'><strong>mala,scilicet</strong></span> <span class='ocrx_word' id='word_1_254' title='bbox 579 1865 614 1886; x_wconf 84' lang='lat' dir='ltr'><strong>se</strong></span> <span class='ocrx_word' id='word_1_255' title='bbox 630 1858 748 1896; x_wconf 83' lang='lat' dir='ltr'><strong>pugnis</strong></span> <span class='ocrx_word' id='word_1_256' title='bbox 765 1867 900 1895; x_wconf 78' lang='lat' dir='ltr'><strong>coesum,</strong></span> <span class='ocrx_word' id='word_1_257' title='bbox 920 1857 1008 1888; x_wconf 86' lang='lat' dir='ltr'><strong>ferro</strong></span> <span class='ocrx_word' id='word_1_258' title='bbox 1032 1858 1188 1896; x_wconf 84' lang='lat' dir='ltr'><strong>petitum,</strong></span> <span class='ocrx_word' id='word_1_259' title='bbox 1213 1863 1249 1888; x_wconf 93' lang='lat' dir='ltr'><strong>et</strong></span> <span class='ocrx_word' id='word_1_260' title='bbox 1272 1857 1369 1888; x_wconf 89' lang='lat' dir='ltr'><strong>domo</strong></span> <span class='ocrx_word' id='word_1_261' title='bbox 1392 1858 1576 1896; x_wconf 82' lang='lat' dir='ltr'><strong>exclusum,</strong></span> <span class='ocrx_word' id='word_1_262' title='bbox 1598 1867 1684 1897; x_wconf 86' lang='lat' dir='ltr'><strong>esse,</strong></span> <span class='ocrx_word' id='word_1_263' title='bbox 1710 1858 1738 1888; x_wconf 84' lang='lat' dir='ltr'><strong>si</strong></span> 
     </span>
     <span class='ocr_line' id='line_1_29' title="bbox 322 1896 1740 1938; baseline 0.003 -12"><span class='ocrx_word' id='word_1_264' title='bbox 322 1896 449 1926; x_wconf 82' lang='lat' dir='ltr'><strong>animus</strong></span> <span class='ocrx_word' id='word_1_265' title='bbox 465 1896 606 1927; x_wconf 81' lang='lat' dir='ltr'><strong>diceret.</strong></span> <span class='ocrx_word' id='word_1_266' title='bbox 649 1898 815 1937; x_wconf 85' lang='lat' dir='ltr'><strong>Equidem</strong></span> <span class='ocrx_word' id='word_1_267' title='bbox 832 1899 943 1938; x_wconf 81' lang='lat' dir='ltr'><strong>miror,</strong></span> <span class='ocrx_word' id='word_1_268' title='bbox 958 1898 1046 1928; x_wconf 89' lang='lat' dir='ltr'><strong>unde</strong></span> <span class='ocrx_word' id='word_1_269' title='bbox 1061 1898 1142 1928; x_wconf 91' lang='lat' dir='ltr'><strong>illud</strong></span> <span class='ocrx_word' id='word_1_270' title='bbox 1157 1899 1291 1929; x_wconf 82' lang='lat' dir='ltr'><strong>videntis</strong></span> <span class='ocrx_word' id='word_1_271' title='bbox 1312 1899 1345 1929; x_wconf 89' lang='lat' dir='ltr'><strong>in</strong></span> <span class='ocrx_word' id='word_1_272' title='bbox 1369 1903 1419 1929; x_wconf 79' lang='lat' dir='ltr'><strong>tot</strong></span> <span class='ocrx_word' id='word_1_273' title='bbox 1442 1899 1602 1930; x_wconf 78' lang='lat' dir='ltr'><strong>editiones</strong></span> <span class='ocrx_word' id='word_1_274' title='bbox 1617 1900 1740 1931; x_wconf 78' lang='lat' dir='ltr'><strong>malum</strong></span> 
     </span>
     <span class='ocr_line' id='line_1_30' title="bbox 323 1937 1741 1980; baseline 0.004 -13"><span class='ocrx_word' id='word_1_275' title='bbox 323 1937 441 1976; x_wconf 87' lang='lat' dir='ltr'><strong>pedem</strong></span> <span class='ocrx_word' id='word_1_276' title='bbox 471 1938 643 1969; x_wconf 87' lang='lat' dir='ltr'><strong>intulerit:</strong></span> <span class='ocrx_word' id='word_1_277' title='bbox 675 1948 749 1969; x_wconf 88' lang='lat' dir='ltr'><strong>cum</strong></span> <span class='ocrx_word' id='word_1_278' title='bbox 774 1939 855 1969; x_wconf 87' lang='lat' dir='ltr'><strong>nihil</strong></span> <span class='ocrx_word' id='word_1_279' title='bbox 883 1948 923 1970; x_wconf 90' lang='lat' dir='ltr'><strong>eo</strong></span> <span class='ocrx_word' id='word_1_280' title='bbox 950 1939 1102 1970; x_wconf 82' lang='lat' dir='ltr'><strong>insulsius</strong></span> <span class='ocrx_word' id='word_1_281' title='bbox 1130 1939 1350 1970; x_wconf 83' lang='lat' dir='ltr'><strong>absurdiusve</strong></span> <span class='ocrx_word' id='word_1_282' title='bbox 1375 1939 1454 1980; x_wconf 79' lang='lat' dir='ltr'><strong>tingi</strong></span> <span class='ocrx_word' id='word_1_283' title='bbox 1484 1939 1611 1980; x_wconf 58' lang='lat' dir='ltr'><strong>possit)</strong></span> <span class='ocrx_word' id='word_1_284' title='bbox 1633 1940 1741 1972; x_wconf 77' lang='lat' dir='ltr'><strong>Bentl.</strong></span> 
     </span>
     <span class='ocr_line' id='line_1_31' title="bbox 321 1978 1742 2020; baseline 0.002 -11"><span class='ocrx_word' id='word_1_285' title='bbox 321 1978 513 2010; x_wconf 85' lang='lat' dir='ltr'><strong>Bentleium</strong></span> <span class='ocrx_word' id='word_1_286' title='bbox 529 1979 635 2009; x_wconf 83' lang='lat' dir='ltr'><strong>secuti</strong></span> <span class='ocrx_word' id='word_1_287' title='bbox 650 1980 790 2011; x_wconf 84' lang='lat' dir='ltr'><strong>Wetzel.</strong></span> <span class='ocrx_word' id='word_1_288' title='bbox 805 1985 840 2011; x_wconf 85' lang='lat' dir='ltr'><strong>et</strong></span> <span class='ocrx_word' id='word_1_289' title='bbox 855 1980 956 2011; x_wconf 85' lang='lat' dir='ltr'><strong>Kidd.</strong></span> <span class='ocrx_word' id='word_1_290' title='bbox 984 1981 994 1997; x_wconf 79' lang='lat'><strong><em>⁴</em></strong></span> <span class='ocrx_word' id='word_1_291' title='bbox 1007 1981 1037 2011; x_wconf 91' lang='lat' dir='ltr'>N</span> <span class='ocrx_word' id='word_1_292' title='bbox 1042 1990 1083 2010; x_wconf 93' lang='lat' dir='ltr'><strong>on</strong></span> <span class='ocrx_word' id='word_1_293' title='bbox 1099 1981 1199 2011; x_wconf 83' lang='lat' dir='ltr'><strong>miror</strong></span> <span class='ocrx_word' id='word_1_294' title='bbox 1213 1982 1347 2012; x_wconf 79' lang='lat' dir='ltr'><strong>videntis</strong></span> <span class='ocrx_word' id='word_1_295' title='bbox 1361 1982 1465 2020; x_wconf 78' lang='lat' dir='ltr'><strong>magis</strong></span> <span class='ocrx_word' id='word_1_296' title='bbox 1481 1982 1646 2020; x_wconf 78' lang='lat' dir='ltr'><strong>placuisse</strong></span> <span class='ocrx_word' id='word_1_297' title='bbox 1662 1981 1742 2013; x_wconf 73' lang='lat' dir='ltr'><strong>viris</strong></span> 
     </span>
     <span class='ocr_line' id='line_1_32' title="bbox 322 2020 1741 2060; baseline 0.002 -10"><span class='ocrx_word' id='word_1_298' title='bbox 322 2020 445 2054; x_wconf 81' lang='lat' dir='ltr'><strong>doctis.</strong></span> <span class='ocrx_word' id='word_1_299' title='bbox 461 2020 543 2051; x_wconf 88' lang='lat' dir='ltr'><strong>licet</strong></span> <span class='ocrx_word' id='word_1_300' title='bbox 560 2021 664 2060; x_wconf 82' lang='lat' dir='ltr'><strong>major</strong></span> <span class='ocrx_word' id='word_1_301' title='bbox 679 2022 723 2052; x_wconf 85' lang='lat' dir='ltr'><strong>sit</strong></span> <span class='ocrx_word' id='word_1_302' title='bbox 739 2022 920 2052; x_wconf 80' lang='lat' dir='ltr'><strong>auctoritas</strong></span> <span class='ocrx_word' id='word_1_303' title='bbox 934 2022 1070 2052; x_wconf 84' lang='lat' dir='ltr'><strong>alterius</strong></span> <span class='ocrx_word' id='word_1_304' title='bbox 1082 2023 1245 2053; x_wconf 77' lang='lat' dir='ltr'><strong>lectionis.</strong></span> <span class='ocrx_word' id='word_1_305' title='bbox 1290 2022 1441 2053; x_wconf 84' lang='lat' dir='ltr'><strong>Vividior</strong></span> <span class='ocrx_word' id='word_1_306' title='bbox 1462 2023 1548 2053; x_wconf 82' lang='lat' dir='ltr'><strong>enim</strong></span> <span class='ocrx_word' id='word_1_307' title='bbox 1565 2022 1603 2054; x_wconf 82' lang='lat' dir='ltr'><strong>fit</strong></span> <span class='ocrx_word' id='word_1_308' title='bbox 1623 2027 1659 2054; x_wconf 88' lang='lat' dir='ltr'><strong>et</strong></span> <span class='ocrx_word' id='word_1_309' title='bbox 1672 2032 1741 2054; x_wconf 76' lang='lat' dir='ltr'><strong>ma-</strong></span> 
     </span>
     <span class='ocr_line' id='line_1_33' title="bbox 321 2061 1743 2104; baseline 0.001 -11"><span class='ocrx_word' id='word_1_310' title='bbox 321 2062 372 2100; x_wconf 67' lang='lat' dir='ltr'><strong>gis</strong></span> <span class='ocrx_word' id='word_1_311' title='bbox 388 2061 520 2101; x_wconf 65' lang='lat' dir='ltr'><strong>poetica</strong></span> <span class='ocrx_word' id='word_1_312' title='bbox 533 2063 651 2101; x_wconf 76' lang='lat' dir='ltr'><strong>oratio,</strong></span> <span class='ocrx_word' id='word_1_313' title='bbox 663 2063 690 2092; x_wconf 85' lang='lat' dir='ltr'><strong>si</strong></span> <span class='ocrx_word' id='word_1_314' title='bbox 708 2072 795 2103; x_wconf 78' lang='lat' dir='ltr'><strong>pars,</strong></span> <span class='ocrx_word' id='word_1_315' title='bbox 810 2073 885 2104; x_wconf 86' lang='lat' dir='ltr'><strong>quae</strong></span> <span class='ocrx_word' id='word_1_316' title='bbox 897 2063 951 2094; x_wconf 90' lang='lat' dir='ltr'><strong>hic</strong></span> <span class='ocrx_word' id='word_1_317' title='bbox 963 2064 1099 2103; x_wconf 83' lang='lat' dir='ltr'><strong>loquens</strong></span> <span class='ocrx_word' id='word_1_318' title='bbox 1114 2062 1353 2104; x_wconf 84' lang='lat' dir='ltr'><strong>introducitur,</strong></span> <span class='ocrx_word' id='word_1_319' title='bbox 1369 2063 1491 2094; x_wconf 85' lang='lat' dir='ltr'><strong>vidisse</strong></span> <span class='ocrx_word' id='word_1_320' title='bbox 1507 2064 1638 2095; x_wconf 78' lang='lat' dir='ltr'><strong>dicatur</strong></span> <span class='ocrx_word' id='word_1_321' title='bbox 1647 2065 1743 2095; x_wconf 77' lang='lat' dir='ltr'><strong>mala.</strong></span> 
     </span>
     <span class='ocr_line' id='line_1_34' title="bbox 301 2102 1742 2145; baseline 0.001 -9"><span class='ocrx_word' id='word_1_322' title='bbox 301 2132 307 2137; x_wconf 93' lang='lat'>.</span> <span class='ocrx_word' id='word_1_323' title='bbox 322 2102 413 2136; x_wconf 78' lang='lat' dir='ltr'><strong>Quid</strong></span> <span class='ocrx_word' id='word_1_324' title='bbox 429 2113 508 2135; x_wconf 87' lang='lat' dir='ltr'><strong>vero</strong></span> <span class='ocrx_word' id='word_1_325' title='bbox 523 2104 604 2143; x_wconf 74' lang='lat' dir='ltr'><strong>opu‘s</strong></span> <span class='ocrx_word' id='word_1_326' title='bbox 620 2110 693 2135; x_wconf 81' lang='lat' dir='ltr'><strong>erat</strong></span> <span class='ocrx_word' id='word_1_327' title='bbox 707 2109 776 2136; x_wconf 81' lang='lat' dir='ltr'><strong>tam</strong></span> <span class='ocrx_word' id='word_1_328' title='bbox 790 2105 884 2145; x_wconf 82' lang='lat' dir='ltr'><strong>gravi</strong></span> <span class='ocrx_word' id='word_1_329' title='bbox 898 2105 1062 2144; x_wconf 84' lang='lat' dir='ltr'><strong>oratione,</strong></span> <span class='ocrx_word' id='word_1_330' title='bbox 1075 2105 1103 2135; x_wconf 85' lang='lat' dir='ltr'><strong>si</strong></span> <span class='ocrx_word' id='word_1_331' title='bbox 1118 2105 1256 2136; x_wconf 85' lang='lat' dir='ltr'><strong>vidisset</strong></span> <span class='ocrx_word' id='word_1_332' title='bbox 1272 2105 1394 2135; x_wconf 80' lang='lat' dir='ltr'><strong>Villius</strong></span> <span class='ocrx_word' id='word_1_333' title='bbox 1409 2105 1495 2135; x_wconf 81' lang='lat' dir='ltr'><strong>mala</strong></span> <span class='ocrx_word' id='word_1_334' title='bbox 1511 2106 1629 2136; x_wconf 81' lang='lat' dir='ltr'><strong>tanta?</strong></span> <span class='ocrx_word' id='word_1_335' title='bbox 1681 2105 1742 2137; x_wconf 85' lang='lat' dir='ltr'><strong>Sa-</strong></span> 
     </span>
     <span class='ocr_line' id='line_1_35' title="bbox 322 2144 1743 2192; baseline 0.003 -18"><span class='ocrx_word' id='word_1_336' title='bbox 322 2144 469 2192; x_wconf 82' lang='lat' dir='ltr'><strong>pientior</strong></span> <span class='ocrx_word' id='word_1_337' title='bbox 492 2154 569 2184; x_wconf 78' lang='lat' dir='ltr'><strong>pars</strong></span> <span class='ocrx_word' id='word_1_338' title='bbox 590 2149 642 2176; x_wconf 82' lang='lat' dir='ltr'><strong>est</strong></span> <span class='ocrx_word' id='word_1_339' title='bbox 668 2145 846 2177; x_wconf 76' lang='lat' dir='ltr'><strong>libidinosa</strong></span> <span class='ocrx_word' id='word_1_340' title='bbox 868 2156 928 2178; x_wconf 87' lang='lat' dir='ltr'><strong>suo</strong></span> <span class='ocrx_word' id='word_1_341' title='bbox 944 2145 1099 2177; x_wconf 76' lang='lat' dir='ltr'><strong>domino.¹</strong></span> <span class='ocrx_word' id='word_1_342' title='bbox 1123 2147 1303 2177; x_wconf 80' lang='lat' dir='ltr'><strong>Gesn.-—⁷1</strong></span> <span class='ocrx_word' id='word_1_343' title='bbox 1327 2147 1412 2177; x_wconf 88' lang='lat' dir='ltr'><strong>Exc.</strong></span> <span class='ocrx_word' id='word_1_344' title='bbox 1426 2147 1502 2178; x_wconf 81' lang='lat' dir='ltr'><strong>Sax.</strong></span> <span class='ocrx_word' id='word_1_345' title='bbox 1516 2157 1583 2178; x_wconf 78' lang='lat' dir='ltr'><strong>men</strong></span> <span class='ocrx_word' id='word_1_346' title='bbox 1596 2150 1743 2178; x_wconf 72' lang='lat' dir='ltr'><strong>cumeum</strong></span> 
     </span>
     <span class='ocr_line' id='line_1_36' title="bbox 322 2185 1740 2228; baseline 0.002 -13"><span class='ocrx_word' id='word_1_347' title='bbox 322 2185 468 2224; x_wconf 63' lang='lat' dir='ltr'><strong>inferbuit</strong></span> <span class='ocrx_word' id='word_1_348' title='bbox 492 2187 637 2218; x_wconf 65' lang='lat' dir='ltr'><strong>iren-74</strong></span> <span class='ocrx_word' id='word_1_349' title='bbox 660 2187 758 2219; x_wconf 81' lang='lat' dir='ltr'><strong>Harl.</strong></span> <span class='ocrx_word' id='word_1_350' title='bbox 782 2190 813 2219; x_wconf 91' lang='lat' dir='ltr'><strong>l.</strong></span> <span class='ocrx_word' id='word_1_351' title='bbox 831 2190 864 2219; x_wconf 82' lang='lat'><strong>2.</strong></span> <span class='ocrx_word' id='word_1_352' title='bbox 887 2190 918 2219; x_wconf 82' lang='grc'><strong>3.</strong></span> <span class='ocrx_word' id='word_1_353' title='bbox 950 2189 1028 2219; x_wconf 82' lang='lat' dir='ltr'><strong>Vet.</strong></span> <span class='ocrx_word' id='word_1_354' title='bbox 1064 2188 1177 2219; x_wconf 86' lang='lat' dir='ltr'><strong>Comb.</strong></span> <span class='ocrx_word' id='word_1_355' title='bbox 1203 2188 1325 2218; x_wconf 83' lang='lat' dir='ltr'><strong>Veuet.</strong></span> <span class='ocrx_word' id='word_1_356' title='bbox 1361 2197 1415 2228; x_wconf 76' lang='lat' dir='ltr'><strong>ap.</strong></span> <span class='ocrx_word' id='word_1_357' title='bbox 1430 2207 1434 2211; x_wconf 85' lang='lat'><em>-</em></span> <span class='ocrx_word' id='word_1_358' title='bbox 1451 2188 1555 2219; x_wconf 88' lang='lat' dir='ltr'><strong>Zeun.</strong></span> <span class='ocrx_word' id='word_1_359' title='bbox 1581 2188 1740 2219; x_wconf 74' lang='lat' dir='ltr'><strong>Glarean-</strong></span> 
     </span>
    </p>
   </div>
   <div class='ocr_carea' id='block_1_8' title="bbox 965 2261 1104 2292">
    <p class='ocr_par' dir='ltr' id='par_1_14' title="bbox 965 2261 1104 2292">
     <span class='ocr_line' id='line_1_37' title="bbox 965 2261 1104 2292; baseline 0 0"><span class='ocrx_word' id='word_1_360' title='bbox 965 2261 1104 2292; x_wconf 83' lang='lat' dir='ltr'>NOTAE</span> 
     </span>
    </p>
   </div>
   <div class='ocr_carea' id='block_1_9' title="bbox 322 2319 1745 2706">
    <p class='ocr_par' dir='ltr' id='par_1_15' title="bbox 322 2319 1745 2706">
     <span class='ocr_line' id='line_1_38' title="bbox 364 2319 1742 2366; baseline -0.001 -14"><span class='ocrx_word' id='word_1_361' title='bbox 364 2324 405 2353; x_wconf 81' lang='grc'><strong>67</strong></span> <span class='ocrx_word' id='word_1_362' title='bbox 419 2322 634 2362; x_wconf 77' lang='lat' dir='ltr'><strong>Longarenus]</strong></span> <span class='ocrx_word' id='word_1_363' title='bbox 655 2322 816 2363; x_wconf 82' lang='lat' dir='ltr'><strong>Ignobilis</strong></span> <span class='ocrx_word' id='word_1_364' title='bbox 832 2325 1007 2366; x_wconf 85' lang='lat' dir='ltr'><strong>quispiam,</strong></span> <span class='ocrx_word' id='word_1_365' title='bbox 1059 2323 1147 2355; x_wconf 84' lang='lat' dir='ltr'><strong>desit</strong></span> <span class='ocrx_word' id='word_1_366' title='bbox 1163 2322 1256 2363; x_wconf 80' lang='lat' dir='ltr'><strong>panis</strong></span> <span class='ocrx_word' id='word_1_367' title='bbox 1281 2325 1338 2352; x_wconf 80' lang='lat' dir='ltr'><strong>aut</strong></span> <span class='ocrx_word' id='word_1_368' title='bbox 1363 2320 1457 2351; x_wconf 84' lang='lat' dir='ltr'><strong>cibus</strong></span> <span class='ocrx_word' id='word_1_369' title='bbox 1479 2319 1625 2360; x_wconf 73' lang='lat' dir='ltr'><strong>vulgaris</strong></span> <span class='ocrx_word' id='word_1_370' title='bbox 1648 2320 1742 2361; x_wconf 85' lang='lat' dir='ltr'><strong>quili-</strong></span> 
     </span>
     <span class='ocr_line' id='line_1_39' title="bbox 322 2370 1129 2413; baseline 0.004 -12"><span class='ocrx_word' id='word_1_371' title='bbox 322 2371 424 2401; x_wconf 85' lang='lat' dir='ltr'><strong>Villio</strong></span> <span class='ocrx_word' id='word_1_372' title='bbox 437 2374 549 2402; x_wconf 79' lang='lat' dir='ltr'><strong>tamen</strong></span> <span class='ocrx_word' id='word_1_373' title='bbox 563 2370 696 2402; x_wconf 82' lang='lat' dir='ltr'><strong>felicior</strong></span> <span class='ocrx_word' id='word_1_374' title='bbox 710 2373 867 2413; x_wconf 78' lang='lat' dir='ltr'><strong>moechus,</strong></span> <span class='ocrx_word' id='word_1_375' title='bbox 883 2378 918 2404; x_wconf 86' lang='lat' dir='ltr'><strong>et</strong></span> <span class='ocrx_word' id='word_1_376' title='bbox 933 2383 1006 2413; x_wconf 85' lang='lat' dir='ltr'><strong>gra·</strong></span> <span class='ocrx_word' id='word_1_377' title='bbox 1060 2373 1129 2404; x_wconf 83' lang='lat' dir='ltr'><strong>bet.</strong></span> 
     </span>
     <span class='ocr_line' id='line_1_40' title="bbox 324 2417 1742 2457; baseline -0.001 -7"><span class='ocrx_word' id='word_1_378' title='bbox 324 2418 439 2450; x_wconf 81' lang='lat' dir='ltr'><strong>tiosior</strong></span> <span class='ocrx_word' id='word_1_379' title='bbox 452 2419 598 2450; x_wconf 83' lang='lat' dir='ltr'><strong>Faustae.</strong></span> <span class='ocrx_word' id='word_1_380' title='bbox 1100 2424 1142 2452; x_wconf 87' lang='grc'><strong>78</strong></span> <span class='ocrx_word' id='word_1_381' title='bbox 1164 2422 1326 2452; x_wconf 77' lang='lat' dir='ltr'><strong>Matroms</strong></span> <span class='ocrx_word' id='word_1_382' title='bbox 1341 2417 1499 2457; x_wconf 73' lang='lat' dir='ltr'><strong>sectarier]</strong></span> <span class='ocrx_word' id='word_1_383' title='bbox 1524 2417 1659 2456; x_wconf 81' lang='lat' dir='ltr'><strong>Ulpian.</strong></span> <span class='ocrx_word' id='word_1_384' title='bbox 1675 2418 1685 2435; x_wconf 86' lang='lat'>‘</span> <span class='ocrx_word' id='word_1_385' title='bbox 1697 2417 1742 2449; x_wconf 85' lang='lat' dir='ltr'><strong>A·</strong></span> 
     </span>
     <span class='ocr_line' id='line_1_41' title="bbox 366 2466 1741 2510; baseline -0.001 -12"><span class='ocrx_word' id='word_1_386' title='bbox 366 2470 408 2498; x_wconf 80' lang='lat'><strong>68</strong></span> <span class='ocrx_word' id='word_1_387' title='bbox 423 2468 510 2498; x_wconf 82' lang='lat' dir='ltr'><strong>Huic</strong></span> <span class='ocrx_word' id='word_1_388' title='bbox 522 2468 550 2498; x_wconf 80' lang='lat' dir='ltr'><strong>si</strong></span> <span class='ocrx_word' id='word_1_389' title='bbox 560 2468 691 2499; x_wconf 80' lang='lat' dir='ltr'><strong>mutonis</strong></span> <span class='ocrx_word' id='word_1_390' title='bbox 704 2469 814 2509; x_wconf 76' lang='lat' dir='ltr'><strong>verbis,</strong></span> <span class='ocrx_word' id='word_1_391' title='bbox 825 2470 892 2510; x_wconf 55' lang='grc' dir='ltr'><strong>ξω]</strong></span> <span class='ocrx_word' id='word_1_392' title='bbox 907 2470 1007 2501; x_wconf 87' lang='lat' dir='ltr'><strong>Pros·</strong></span> <span class='ocrx_word' id='word_1_393' title='bbox 1058 2470 1128 2501; x_wconf 86' lang='lat' dir='ltr'><strong>liud</strong></span> <span class='ocrx_word' id='word_1_394' title='bbox 1145 2475 1196 2500; x_wconf 84' lang='lat' dir='ltr'><strong>est</strong></span> <span class='ocrx_word' id='word_1_395' title='bbox 1210 2469 1392 2509; x_wconf 76' lang='lat' dir='ltr'><strong>appellare,</strong></span> <span class='ocrx_word' id='word_1_396' title='bbox 1408 2467 1496 2497; x_wconf 86' lang='lat' dir='ltr'><strong>aliud</strong></span> <span class='ocrx_word' id='word_1_397' title='bbox 1512 2466 1644 2498; x_wconf 83' lang='lat' dir='ltr'><strong>sectari.</strong></span> <span class='ocrx_word' id='word_1_398' title='bbox 1671 2466 1741 2508; x_wconf 80' lang='lat' dir='ltr'><strong>Ap-</strong></span> 
     </span>
     <span class='ocr_line' id='line_1_42' title="bbox 326 2515 1743 2562; baseline -0.001 -14"><span class='ocrx_word' id='word_1_399' title='bbox 326 2518 484 2558; x_wconf 82' lang='lat' dir='ltr'><strong>opopoeia</strong></span> <span class='ocrx_word' id='word_1_400' title='bbox 506 2518 639 2558; x_wconf 83' lang='lat' dir='ltr'><strong>paulum</strong></span> <span class='ocrx_word' id='word_1_401' title='bbox 661 2518 830 2559; x_wconf 75' lang='lat' dir='ltr'><strong>obscoena,</strong></span> <span class='ocrx_word' id='word_1_402' title='bbox 853 2520 911 2551; x_wconf 87' lang='lat' dir='ltr'><strong>sed</strong></span> <span class='ocrx_word' id='word_1_403' title='bbox 925 2520 1007 2562; x_wconf 87' lang='lat' dir='ltr'><strong>lepi-</strong></span> <span class='ocrx_word' id='word_1_404' title='bbox 1062 2520 1187 2560; x_wconf 83' lang='lat' dir='ltr'><strong>pellare</strong></span> <span class='ocrx_word' id='word_1_405' title='bbox 1213 2523 1266 2550; x_wconf 85' lang='lat' dir='ltr'><strong>est</strong></span> <span class='ocrx_word' id='word_1_406' title='bbox 1289 2516 1409 2548; x_wconf 76' lang='lat' dir='ltr'><strong>blanda</strong></span> <span class='ocrx_word' id='word_1_407' title='bbox 1433 2515 1583 2546; x_wconf 83' lang='lat' dir='ltr'><strong>oratione</strong></span> <span class='ocrx_word' id='word_1_408' title='bbox 1604 2515 1743 2547; x_wconf 71' lang='lat' dir='ltr'><strong>alterius</strong></span> 
     </span>
     <span class='ocr_line' id='line_1_43' title="bbox 327 2565 1743 2609; baseline -0.001 -12"><span class='ocrx_word' id='word_1_409' title='bbox 327 2566 370 2597; x_wconf 80' lang='lat' dir='ltr'><strong>da</strong></span> <span class='ocrx_word' id='word_1_410' title='bbox 385 2570 418 2597; x_wconf 87' lang='lat' dir='ltr'><strong>et</strong></span> <span class='ocrx_word' id='word_1_411' title='bbox 433 2567 579 2606; x_wconf 75' lang='lat' dir='ltr'><strong>elegans.</strong></span> <span class='ocrx_word' id='word_1_412' title='bbox 1062 2568 1256 2609; x_wconf 82' lang='lat' dir='ltr'><strong>pudicitiam</strong></span> <span class='ocrx_word' id='word_1_413' title='bbox 1274 2570 1460 2598; x_wconf 79' lang='lat' dir='ltr'><strong>attentare:</strong></span> <span class='ocrx_word' id='word_1_414' title='bbox 1486 2567 1671 2595; x_wconf 80' lang='lat' dir='ltr'><strong>assectatur</strong></span> <span class='ocrx_word' id='word_1_415' title='bbox 1686 2565 1743 2605; x_wconf 85' lang='lat' dir='ltr'><strong>qui</strong></span> 
     </span>
     <span class='ocr_line' id='line_1_44' title="bbox 366 2610 1744 2658; baseline -0.001 -14"><span class='ocrx_word' id='word_1_416' title='bbox 366 2617 408 2645; x_wconf 80' lang='grc'><strong>76</strong></span> <span class='ocrx_word' id='word_1_417' title='bbox 433 2615 495 2645; x_wconf 87' lang='lat' dir='ltr'><strong>Tuo</strong></span> <span class='ocrx_word' id='word_1_418' title='bbox 507 2615 596 2654; x_wconf 77' lang='lat' dir='ltr'><strong>vitio,</strong></span> <span class='ocrx_word' id='word_1_419' title='bbox 614 2625 755 2648; x_wconf 79' lang='lat' dir='ltr'><strong>rerumne</strong></span> <span class='ocrx_word' id='word_1_420' title='bbox 769 2616 898 2658; x_wconf 81' lang='lat' dir='ltr'><strong>labores]</strong></span> <span class='ocrx_word' id='word_1_421' title='bbox 923 2617 1010 2649; x_wconf 86' lang='lat' dir='ltr'><strong>Nos·</strong></span> <span class='ocrx_word' id='word_1_422' title='bbox 1062 2617 1182 2648; x_wconf 86' lang='lat' dir='ltr'><strong>tacitus</strong></span> <span class='ocrx_word' id='word_1_423' title='bbox 1201 2614 1396 2656; x_wconf 79' lang='lat' dir='ltr'><strong>frequenter</strong></span> <span class='ocrx_word' id='word_1_424' title='bbox 1417 2612 1584 2652; x_wconf 81' lang='lat' dir='ltr'><strong>sequitur:</strong></span> <span class='ocrx_word' id='word_1_425' title='bbox 1610 2610 1744 2643; x_wconf 72' lang='lat' dir='ltr'><strong>assidua</strong></span> 
     </span>
     <span class='ocr_line' id='line_1_45' title="bbox 327 2659 1745 2706; baseline 0 -12"><span class='ocrx_word' id='word_1_426' title='bbox 327 2666 380 2694; x_wconf 86' lang='lat' dir='ltr'><strong>tro</strong></span> <span class='ocrx_word' id='word_1_427' title='bbox 415 2663 497 2694; x_wconf 87' lang='lat' dir='ltr'><strong>vitio</strong></span> <span class='ocrx_word' id='word_1_428' title='bbox 525 2663 726 2706; x_wconf 77' lang='lat' dir='ltr'><strong>laboramus,</strong></span> <span class='ocrx_word' id='word_1_429' title='bbox 751 2675 826 2698; x_wconf 92' lang='lat' dir='ltr'><strong>cum</strong></span> <span class='ocrx_word' id='word_1_430' title='bbox 862 2667 1010 2699; x_wconf 83' lang='lat' dir='ltr'><strong>dolemus</strong></span> <span class='ocrx_word' id='word_1_431' title='bbox 1061 2666 1148 2697; x_wconf 82' lang='lat' dir='ltr'><strong>enim</strong></span> <span class='ocrx_word' id='word_1_432' title='bbox 1185 2664 1364 2696; x_wconf 77' lang='lat' dir='ltr'><strong>assectatio</strong></span> <span class='ocrx_word' id='word_1_433' title='bbox 1393 2661 1524 2703; x_wconf 81' lang='lat' dir='ltr'><strong>praebet</strong></span> <span class='ocrx_word' id='word_1_434' title='bbox 1553 2659 1745 2694; x_wconf 75' lang='lat' dir='ltr'><strong>nonnullam</strong></span> 
     </span>
    </p>
   </div>
   <div class='ocr_carea' id='block_1_10' title="bbox 327 2710 1251 2806">
    <p class='ocr_par' dir='ltr' id='par_1_16' title="bbox 327 2710 1251 2806">
     <span class='ocr_line' id='line_1_46' title="bbox 327 2710 1251 2755; baseline 0.005 -15"><span class='ocrx_word' id='word_1_435' title='bbox 327 2719 393 2741; x_wconf 89' lang='lat' dir='ltr'><strong>non</strong></span> <span class='ocrx_word' id='word_1_436' title='bbox 409 2710 526 2742; x_wconf 76' lang='lat' dir='ltr'><strong>adesse</strong></span> <span class='ocrx_word' id='word_1_437' title='bbox 543 2713 708 2752; x_wconf 82' lang='lat' dir='ltr'><strong>perdicem</strong></span> <span class='ocrx_word' id='word_1_438' title='bbox 725 2719 784 2746; x_wconf 75' lang='lat' dir='ltr'><strong>aut</strong></span> <span class='ocrx_word' id='word_1_439' title='bbox 799 2716 1007 2755; x_wconf 74' lang='lat' dir='ltr'><strong>phasianum:</strong></span> <span class='ocrx_word' id='word_1_440' title='bbox 1062 2712 1251 2746; x_wconf 68' lang='lat' dir='ltr'><strong>infamiam!</strong></span> 
     </span>
     <span class='ocr_line' id='line_1_47' title="bbox 329 2760 1009 2806; baseline 0.007 -15"><span class='ocrx_word' id='word_1_441' title='bbox 329 2764 365 2791; x_wconf 75' lang='lat' dir='ltr'><strong>nt</strong></span> <span class='ocrx_word' id='word_1_442' title='bbox 391 2768 501 2790; x_wconf 85' lang='lat' dir='ltr'><strong>rerum</strong></span> <span class='ocrx_word' id='word_1_443' title='bbox 523 2760 640 2792; x_wconf 84' lang='lat' dir='ltr'><strong>vitium</strong></span> <span class='ocrx_word' id='word_1_444' title='bbox 662 2771 719 2794; x_wconf 81' lang='lat' dir='ltr'><strong>seu</strong></span> <span class='ocrx_word' id='word_1_445' title='bbox 739 2764 878 2804; x_wconf 81' lang='lat' dir='ltr'><strong>penuria</strong></span> <span class='ocrx_word' id='word_1_446' title='bbox 893 2768 955 2806; x_wconf 82' lang='lat' dir='ltr'><strong>est,</strong></span> <span class='ocrx_word' id='word_1_447' title='bbox 982 2765 1009 2796; x_wconf 86' lang='lat' dir='ltr'><strong>si</strong></span> 
     </span>
    </p>
   </div>
  </div>
 </body>
</html>
