1904 3256
375 293 459 334 598

839 308 879 344 Q.
912 306 1116 336 HORATII
1150 305 1320 335 FLAGG!

543 396 649 449 Ejus
670 398 743 450 qui
765 397 926 438 domita
940 410 1094 437 nomen
1117 398 1172 437 ab
1190 395 1342 438 Africa

542 462 754 502 Lucratus
773 462 912 509 rediit,
931 462 1090 502 clarius
1109 461 1300 503 indicant

543 526 732 574 Laudes,
752 539 881 578 quam
903 525 1106 567 Calabrae
1127 526 1346 568 Pierides:
1377 540 1529 580 neque,

1735 529 1790 569 20

543 591 592 629 Si
612 591 772 630 chartae
792 591 947 631 sileant
963 591 1078 644 quod
1102 592 1208 631 bene
1230 592 1396 640 feceris,

542 655 791 695 Mercedem
811 655 973 695 tuleris.

1032 655 1151 705 Quid
1169 656 1282 696 foret
1302 656 1398 696 lliae

540 718 838 773 Mavortisque
857 733 972 773 puer,
991 721 1030 761 si
1049 721 1316 763 taciturnitas

375 830 413 861 ub
427 830 538 869 Africa
559 834 707 872 provicta,
729 842 819 872 quam
844 833 945 863 Musae
971 832 1124 863 Calabroe.
1171 833 1218 864 Ac
1240 834 1268 863 si
1290 836 1411 864 taceant
1437 834 1551 872 scripta
1573 832 1651 863 nihil
1673 829 1793 871 praemii

374 870 499 904 haberes
513 883 551 904 ex
565 884 598 905 eo
611 876 687 914 quod
700 874 896 905 laudabiliter
904 874 1046 913 gesseris.
1086 874 1203 912 Ecquid
1216 878 1292 905 esset
1298 875 1389 915 filius
1404 875 1473 905 112·ae
1486 877 1517 904 et
1532 874 1658 911 Martis,
1669 873 1697 903 si
1711 871 1791 902 invi-

954 964 991 976 ‘0
996 964 1169 976 OMO‘OOO
1173 964 1191 976 0

375 1036 436 1067 pro
457 1027 608 1058 omnibns
624 1029 790 1068 Scipionis
813 1029 911 1060 rebns
928 1030 1029 1067 gestis
1054 1030 1138 1060 hanc
1161 1038 1257 1060 unam
1283 1029 1447 1068 praeclare
1469 1027 1656 1059 memorari.
1682 1036 1710 1057 v.
1726 1028 1791 1058 Cu-

374 1069 466 1108 ning.
483 1069 659 1100 Animadv.
675 1080 750 1110 cap.
768 1079 802 1101 x.
820 1080 851 1110 p.
866 1073 1002 1102 96-106.
1045 1071 1200 1110 Denique
1213 1070 1354 1101 Withof.
1371 1080 1418 1101 vs.
1436 1073 1550 1101 15-17.
1573 1069 1620 1099 ita
1635 1068 1792 1099 emenda-

375 1109 433 1140 bat
449 1120 457 1140 :
480 1120 532 1140 seu
545 1111 694 1141 celebrent
710 1112 821 1150 fugas,
835 1111 1021 1150 rejecta-sque
1042 1121 1069 1142 r.
1087 1112 1133 1141 Η.
1155 1112 1266 1150 minas,
1278 1121 1331 1142 seu
1344 1111 1521 1141 discrimina
1533 1111 1603 1151 (vel
1617 1108 1793 1149 dispendia)

376 1151 578 1189 Carthaginis
588 1152 690 1190 impioe
699 1162 711 1188 ;
734 1161 808 1182 cum
826 1156 961 1191 putaret
976 1153 1089 1190 etiam,
1105 1152 1212 1182 minus
1229 1157 1322 1182 recte
1337 1151 1540 1182 carminibus
1558 1150 1654 1181 Ennii
1669 1151 1793 1190 opponi

374 1190 464 1222 facta
492 1191 685 1232 Scipionis.’
715 1193 803 1223 Jam'.

857 1192 958 1224 Hunc
995 1202 1125 1223 versum
1155 1202 1216 1232 pro
1241 1192 1353 1232 spurio
1381 1191 1628 1223 habentetiam
1654 1191 1793 1222 Wetzel.

1015 1291 1154 1324 NOTAE

374 1366 492 1394 contra
512 1363 567 1402 jus
591 1367 627 1394 et
651 1362 699 1394 fas
723 1363 846 1394 bellum
870 1367 1060 1394 renovarat.

375 1412 386 1428 ‘
400 1411 558 1442 Pudebat
575 1411 719 1442 nobilem
737 1412 894 1452 populum
910 1412 1059 1443 ablatum

375 1469 479 1498 mare,
509 1463 618 1499 captae
648 1460 777 1495 insulae,
812 1460 892 1491 dare
923 1460 1061 1500 tributa,

373 1518 447 1549 quae
468 1509 591 1548 jubere
606 1514 837 1540 consueverat.
884 1509 974 1540 Hinc
985 1531 994 1541 .
1006 1532 1014 1540 .
1028 1531 1036 1539 .
1051 1530 1059 1539 .

376 1557 549 1587 Hannibal
576 1567 693 1588 causas
720 1567 880 1588 novorum
910 1562 1058 1588 motuum

374 1605 746 1645 quaerens‚’Saguntum
760 1605 934 1646 Hispaniae
943 1607 1059 1637 civita-

373 1658 442 1684 tem
467 1653 672 1692 opulentam,
691 1653 770 1684 fidei
789 1663 869 1694 erga
890 1655 1058 1686 Romanos

374 1711 529 1741 magnum
554 1702 612 1733 sed
634 1702 732 1733 triste
755 1707 1008 1734 monumentum
1025 1713 1060 1734 e-

375 1751 497 1787 vertit;
521 1751 530 1768 ‘
542 1755 577 1780 ut
591 1750 724 1781 Italiam
740 1751 801 1782 sibi
818 1756 916 1791 rupto
932 1751 1059 1782 foedere

374 1799 532 1838 aperiret.
576 1798 712 1829 Summa
727 1798 891 1830 foederum
904 1800 1060 1830 Romanis

376 1848 495 1887 religio
511 1849 585 1881 est,’
604 1849 666 1878 &c-
696 1847 786 1877 Flor.
804 1856 844 1877 n.
859 1849 891 1878 6.

419 1897 459 1926 18
483 1894 562 1933 Ejus
576 1895 628 1934 qui
642 1895 756 1925 domita
771 1904 878 1925 nomen
897 1895 935 1925 ub
950 1894 1059 1932 Africa

378 1944 531 1974 Lucrutus
554 1943 665 1982 rediit]
688 1942 776 1973 Vide
794 1942 864 1974 Cic.
890 1943 933 1973 de
957 1942 1058 1974 Offic.

374 1991 432 2023 lib.
451 2000 505 2022 111.
516 1991 656 2022 initium.

417 2043 458 2071 20
476 2040 615 2071 Calabra·
625 2039 780 2079 Pierides]
793 2040 919 2071 Versus
929 2040 1027 2071 Ennii
1040 2049 1059 2071 e

377 2090 533 2122 Calabria
546 2089 688 2130 oriundi,
698 2089 818 2120 Rudiis
835 2090 988 2120 nimirum
1002 2100 1057 2121 na-

379 2140 417 2171 ti.
439 2139 451 2157 ‘
468 2141 577 2171 Ennio
601 2141 674 2172 cive
697 2141 825 2172 nobiles
847 2140 989 2179 Rudiae:
1011 2141 1058 2172 ait

377 2189 482 2221 Mela.
499 2189 533 2220 Is
549 2194 646 2220 natus
659 2189 845 2220 Q.Va¹erio
858 2196 892 2220 et
902 2189 939 2220 C.
950 2189 1061 2220 Mani-

375 2237 420 2268 lio
437 2237 647 2276 Consulibus,
662 2237 769 2277 inquit
778 2237 908 2268 Gellius
923 2246 965 2267 ex
978 2238 1060 2268 Var-

377 2294 471 2326 rone,
482 2291 582 2327 atqne
592 2286 770 2325 septimum
779 2290 813 2316 et
821 2286 1061 2324 sexagesimum

378 2344 500 2366 annum
529 2343 629 2374 agens
662 2333 798 2373 scripsit
828 2333 1063 2364 duodecimum

379 2383 556 2415 Annalem.
582 2383 634 2413 Ex
650 2382 795 2412 Eusebio
805 2382 942 2413 Tarenti
955 2387 1065 2422 natus,

374 2444 393 2465 a
403 2434 532 2464 Catone
541 2432 718 2464 Quaestore
727 2431 865 2461 Romam
875 2431 1065 2470 translatus,

380 2481 548 2513 habitavit
573 2481 607 2511 in
626 2485 739 2510 monte
757 2478 938 2518 Aventino,
960 2489 1063 2519 parco

381 2529 557 2560 admodum
573 2533 683 2560 sumtu
700 2533 802 2568 atque
823 2528 918 2559 unius
931 2528 1063 2559 anciliae

380 2578 567 2609 ministerio
583 2581 782 2615 contentus3
807 2578 1066 2617 septuagenario

381 2627 490 2666 major
506 2627 675 2657 articulari
689 2626 804 2658 morbo
820 2626 940 2666 periit;
955 2627 1066 2665 sepul-

382 2681 502 2715 tusque
519 2678 570 2704 est
597 2674 628 2704 in
652 2675 819 2715 Scipionis
836 2679 1063 2712 monumento,

382 2724 436 2754 via
452 2723 575 2763 Appia,
591 2723 677 2753 intra
693 2724 834 2762 primum
846 2723 888 2753 ab
901 2722 980 2754 urbe
993 2723 1063 2753 mil-

382 2772 522 2803 liarium.
569 2772 622 2802 De
638 2779 676 2801 eo
693 2771 833 2803 Quintil.
858 2780 895 2802 x.
920 2773 949 2802 1.
973 2772 982 2789 ‘
997 2771 1063 2802 En·

1112 1363 1202 1393 nium
1231 1363 1317 1393 sicut
1353 1370 1466 1392 sacros
1502 1362 1668 1391 vetustate
1704 1359 1795 1390 lucos

1112 1412 1300 1451 adoremus,
1315 1411 1346 1442 in
1362 1411 1483 1452 quibus
1503 1410 1644 1450 grandia
1659 1413 1693 1440 et
1708 1410 1796 1446 anti-

1111 1470 1176 1501 qua
1193 1460 1311 1491 robora
1327 1460 1396 1499 jam
1423 1467 1489 1489 non
1505 1462 1634 1489 tantam
1648 1458 1794 1497 speciem

1110 1509 1238 1540 habent
1264 1518 1361 1549 quam
1387 1507 1604 1547 religionem.'
1647 1507 1718 1538 Cic.
1734 1515 1795 1546 pro

1111 1558 1235 1589 Archia
1251 1557 1373 1596 Poeta,
1384 1556 1432 1587 sic
1444 1555 1566 1586 habet:
1589 1556 1599 1574 ‘
1615 1555 1720 1586 Carus
1731 1554 1795 1586 fuit

1109 1605 1271 1637 Africano
1305 1604 1471 1645 superiori
1506 1607 1621 1635 noster
1655 1603 1796 1634 Ennius.

1109 1654 1229 1695 Itaque
1254 1654 1356 1684 etiam
1382 1654 1416 1684 in
1437 1653 1590 1693 sepulcro
1604 1651 1796 1691 Scipionum

1111 1707 1250 1744 putatur
1271 1704 1297 1734 is
1320 1712 1390 1733 esse
1406 1702 1607 1733 constitutus
1621 1710 1640 1731 e
1654 1710 1797 1732 marmo-

1111 1762 1159 1784 re.
1177 1774 1186 1783 .
1199 1774 1207 1783 .
1221 1774 1229 1783 .
1240 1751 1384 1782 Rndium
1396 1751 1559 1782 hominem
1570 1749 1714 1790 majores
1726 1758 1799 1780 nos-

1112 1801 1156 1831 tri
1178 1802 1211 1830 in
1226 1800 1398 1831 civitatem
1415 1797 1638 1839 receperunt.'
1678 1797 1714 1828 Is
1727 1796 1796 1828 An-

1111 1848 1235 1878 nalium
1258 1848 1354 1879 libris
1382 1848 1568 1879 celebravit
1589 1846 1704 1878 laudea
1727 1845 1797 1878 sei-

1114 1897 1221 1937 pionis
1238 1897 1390 1936 Mnjoris,
1405 1896 1555 1935 Catonis,
1578 1895 1673 1926 Fabii
1687 1894 1797 1926 Maxi-

1112 1946 1168 1983 mi,
1182 1946 1232 1977 M.
1251 1946 1415 1985 Marcelli,
1428 1946 1550 1984 Fulvii,
1564 1954 1630 1976 non
1645 1945 1716 1976 siue
1730 1944 1798 1975 Po-

1113 1996 1184 2036 puli
1202 1995 1342 2026 Romani
1359 1995 1495 2036 decore,
1507 1993 1608 2034 fama,
1624 1994 1743 2034 gloria,
1759 1997 1797 2024 ut

1112 2045 1233 2088 asserit
1249 2044 1330 2075 ibid.
1343 2045 1482 2075 Tullius.

1159 2093 1315 2133 Calabroe]
1338 2092 1493 2124 Calabria
1508 2095 1560 2123 est
1574 2090 1670 2122 hodie
1687 2091 1798 2131 ampla

1115 2140 1207 2180 regio
1232 2142 1326 2181 regni
1347 2140 1563 2181 Neapolitani
1584 2148 1698 2171 versus
1712 2138 1798 2170 Ans-

1114 2194 1201 2221 trum
1224 2199 1263 2220 ac
1285 2190 1444 2221 Siciliam.
1487 2190 1539 2220 De
1554 2189 1675 2228 eajam
1690 2196 1716 2218 ι.
1730 2187 1798 2219 Od.

1114 2241 1167 2269 31.
1216 2238 1384 2268 Martialis
1415 2246 1449 2268 v.
1479 2240 1531 2268 31.
1575 2235 1798 2267 Horatianam

1115 2287 1238 2327 ‘lyram
1255 2285 1450 2318 Calabram'
1468 2285 1628 2325 appellat,
1639 2284 1717 2324 quia
1730 2284 1797 2314 Ve-

1113 2335 1243 2365 nnsium
1267 2334 1400 2365 Horatii
1425 2333 1547 2374 patria,
1563 2331 1727 2364 Calabriae
1750 2332 1797 2362 vi-

1113 2383 1236 2413 cinum.
1283 2382 1434 2413 Pierides
1459 2381 1547 2412 unde
1573 2380 1674 2411 dietae
1697 2380 1798 2411 disse-

1114 2431 1164 2461 rui
1181 2440 1294 2470 supra,
1307 2430 1383 2462 Ode
1399 2439 1456 2461 ιιι.

1155 2482 1197 2510 22
1220 2479 1395 2516 Quidsoret
1412 2478 1480 2509 112·ae
1492 2477 1701 2517 Mavortisque
1711 2487 1798 2518 puer,

1113 2527 1181 2567 mu]
1205 2527 1285 2566 Ipse
1313 2526 1434 2558 Gentis
1459 2527 1618 2557 Romanae
1642 2525 1797 2556 conditor

1115 2575 1291 2617 Romulus,
1316 2578 1369 2606 vix
1395 2575 1493 2606 hodie
1519 2578 1619 2605 notus
1646 2578 1751 2613 esset,
1769 2574 1798 2604 si

1113 2626 1228 2656 char-tce
1254 2625 1379 2662 sileant,
1411 2624 1440 2654 si
1476 2632 1573 2654 nenio
1609 2622 1798 2662 scripsisset

1116 2683 1189 2714 qnae
1208 2673 1249 2703 ad
1272 2674 1364 2703 illum
1389 2673 1572 2713 pertinent,
1596 2672 1690 2712 quasi
1713 2671 1797 2703 invi-

1116 2722 1195 2752 dens
1208 2722 1281 2762 ejus
1292 2721 1394 2761 laudi,
1405 2720 1515 2762 famae,
1526 2721 1706 2752 memoriae.
1721 2719 1796 2752 Sin-

1116 2771 1241 2812 gularia
1256 2771 1358 2811 ipsius
1375 2770 1495 2802 merita
1511 2767 1731 2810 ‘jacereuiin
1746 2773 1795 2800 te-
