1890 3256
370 264 455 306 994.

367 356 397 405 ἹΙ
419 358 536 408 Quin
555 358 598 399 id
619 364 711 400 erat
729 371 860 408 curae,
881 372 967 410 quo
986 362 1117 411 pacto
1133 365 1290 403 cuncta
1312 368 1530 415 tenerem;

367 422 533 475 Utpote
553 436 620 464 res
640 430 799 471 tenues,
822 424 938 463 tenui
958 436 1156 466 sermone
1176 433 1392 478 peractas.

369 486 405 536 ἹῘ
426 487 519 528 Ede
538 487 722 527 hominis
740 498 921 537 nomen3
950 489 1150 539 simulet,
1173 490 1396 534 Romanus
1411 506 1466 534 an
1484 495 1661 549 hospes.

368 551 404 600 ΊῘ
426 552 532 605 Ipsa
551 563 712 591 memor
730 556 952 604 praecepta
970 565 1148 606 eanam3
1176 556 1386 600 celabitur
1405 564 1565 600 auctor.

368 617 521 667 Longa
537 616 695 667 quibus
713 615 848 656 facies
867 618 964 658 ovis
985 620 1079 668 erit,
1101 620 1179 661 illa
1197 627 1422 674 memento,

365 681 427 721 Ut
445 680 566 720 succi
587 680 788 729 melioris,
809 685 851 721 et
872 686 916 723 ut
935 684 1073 735 magis
1089 685 1204 727 alma
1219 688 1430 738 rotundis,

833 282 876 318 Q·
907 280 1111 311 HORA'I'II
1145 280 1316 311 FLAGC!

1726 497 1779 540 10

363 817 490 851 utraque
509 814 631 852 polleas.
674 813 758 846 Cu.
780 815 877 846 Immo
891 815 1066 854 satagebam
1079 819 1113 847 ut
1127 816 1252 854 singula
1265 818 1438 858 retinerem,
1451 820 1558 860 quippe
1570 820 1695 852 subtilia
1708 820 1776 852 eub-

362 854 412 883 titi
435 855 565 886 dictione
583 856 806 895 comprehensa.
850 857 944 887 Ηοιι.
969 857 1118 896 Eloquere
1131 867 1236 889 nomen
1249 859 1311 889 vin·
1320 870 1333 895 ;
1351 861 1526 900 pariterque
1535 862 1596 900 dic,
1611 871 1651 892 aa
1667 863 1777 893 mma-

362 903 419 924 moe
431 896 474 926 eit
487 905 528 926 on
542 899 697 928 externus.
740 897 825 928 CA'r.
847 897 1007 937 Praecepta
1021 898 1141 937 quidem
1155 899 1285 930 recitabo
1299 902 1470 932 memoriter
1478 913 1491 939 ‚·
1512 906 1545 933 at
1560 903 1689 934 reticebo
1703 913 1776 934 auc·

361 939 466 966 torem.
512 937 594 967 Cura
607 940 640 967 ut
655 947 787 977 opponas
800 938 977 979 orafigurce
990 939 1138 980 oblonga,
1153 944 1257 980 utpote
1267 942 1419 979 gratiori·
1429 943 1557 983 saporis,
1567 947 1656 984 atque
1671 947 1776 975 rotun-

953 1042 1184 1054 WMOOOOOO

361 1111 451 1142 tione
476 1111 530 1142 vel
556 1112 679 1152 ingenii
695 1112 748 1143 vel
770 1111 864 1151 artis,
878 1121 951 1152 quae
977 1111 1093 1143 statim
1114 1111 1296 1152 sequitur?
1321 1114 1500 1145 Germ—10
1522 1114 1612 1146 ‘Pro
1632 1115 1775 1147 tinniat:

360 1153 484 1183 rectius
506 1153 680 1183 Bentleius
695 1162 738 1184 ex
754 1158 884 1184 vetusto
899 1153 1016 1183 codiee
1029 1153 1177 1192 simulet,
1197 1158 1235 1184 nt
1259 1154 1462 1194 conjunctio
1488 1156 1578 1195 prior
1595 1159 1700 1187 ianm
1722 1158 1776 1188 vel

358 1203 399 1223 rm
414 1194 456 1224 de
471 1203 562 1225 more
578 1194 873 1234 subintelligatur.'
885 1195 985 1225 Boxt.
1033 1193 1118 1225 Han.
1133 1196 1164 1225 1.
1181 1194 1263 1226 Exe.
1278 1195 1356 1227 Sex.
1374 1196 1466 1227 Harl.
1480 1199 1511 1228 2.
1523 1199 1554 1228 3.
1568 1199 1600 1229 4.
1613 1199 1645 1228 οι
1659 1195 1775 1230 Zarot.

359 1234 499 1266 Mediol.
522 1238 615 1267 1477.
637 1236 775 1266 Venett.
797 1238 889 1267 1477.
914 1238 1006 1266 1478.
1021 1237 1114 1266 1479.
1132 1238 1224 1267 1490.
1241 1239 1333 1268 1492.
1357 1237 1492 1269 [nocher-
1518 1238 1665 1270 Florent-
1679 1241 1775 1270 148².

360 1277 403 1306 al.
418 1282 497 1307 ante
515 1276 592 1307 Ald.
608 1277 723 1315 etiam,
744 1277 835 1307 simul
858 1280 907 1313 et‚·
928 1282 963 1307 et
985 1276 1033 1307 sic
1053 1276 1131 1307 edd.
1153 1282 1229 1316 post
1252 1278 1446 1309 Bentl.--ll
1471 1279 1542 1323 nge
1563 1289 1676 1310 memor
1693 1280 1774 1311 vet.

360 1317 560 1348 Comb.—13
585 1317 680 1347 Harl.
696 1321 726 1348 2.
740 1321 770 1349 3.
782 1321 813 1348 4.
829 1320 860 1347 6.
885 1322 920 1348 et
935 1318 1040 1348 ceteri
1054 1326 1168 1348 omnes
1185 1318 1282 1349 codd.
1298 1323 1334 1350 et
1348 1318 1424 1349 edd.
1444 1325 1522 1351 ante
1548 1320 1661 1351 Bentl.
1672 1321 1773 1359 magis

358 1357 437 1388 alba.
481 1358 654 1388 Bentleius
679 1367 720 1388 ex
745 1359 877 1396 ingenio
900 1358 1020 1396 edidit,
1035 1359 1136 1396 magis
1156 1360 1248 1398 alma,
1264 1359 1286 1389 i.
1302 1369 1331 1391 e.
1346 1360 1483 1398 alibiiia,
1496 1361 1545 1392 uti
1562 1361 1660 1392 Varr.
1674 1361 1717 1392 R.
1733 1361 1774 1399 R.

358 1405 401 1428 ιι.
420 1401 468 1428 11.
484 1401 515 1428 l.
538 1399 672 1428 ‘caseos
689 1399 803 1429 molles
826 1399 926 1437 magis
949 1397 1097 1429 alibiles'
1120 1399 1218 1430 dixit.
1260 1399 1316 1431 lta
1339 1400 1443 1431 Gesu.
1465 1401 1571 1432 Zeun.
1593 1400 1772 1440 Heindorf,

358 1437 497 1478 Bipont.
520 1438 810 1471 Wetzel.‘Wakef.
824 1443 859 1470 et
874 1438 977 1470 Kidd.
998 1440 1185 1479 magnaura,
1209 1440 1229 1471 i.
1244 1449 1275 1471 e.
1291 1441 1432 1481 nutrita,
1453 1451 1472 1473 a
1493 1452 1522 1473 v.
1544 1442 1680 1483 ‘alere,'
1705 1442 1771 1473 Cu-

998 1535 1136 1568 NOTAE

358 1616 429 1637 rum
458 1607 489 1637 in
520 1607 654 1638 modum
679 1608 793 1638 solers.
837 1607 893 1639 Ita
916 1617 1038 1648 nempe

356 1656 453 1686 Catio
469 1655 638 1686 blanditur
653 1660 918 1697 assentatur-que,
929 1662 967 1688 ut
979 1657 1038 1687 im-

359 1705 462 1743 pellat
478 1705 519 1735 ad
535 1705 726 1736 dicendum.

400 1756 437 1783 ll
465 1753 624 1784 Celubitur
648 1754 768 1794 auctor]
807 1753 977 1785 Videlicet
998 1763 1039 1785 eo

356 1801 443 1840 quod
457 1802 594 1841 Epicuri
611 1811 731 1833 nomen
747 1807 819 1833 erat
835 1803 934 1842 vulgo
948 1802 1039 1834 odio-

356 1858 440 1889 sum,
465 1850 629 1890 inquiunt.
671 1851 796 1881 Verum
811 1850 888 1890 quid
902 1850 975 1881 haec
997 1851 1038 1881 ad

356 1898 539 1937 Epicurum
557 1902 726 1937 praecepta
741 1898 908 1928 attinent?

398 1947 437 1975 12
460 1945 567 1984 Longu
591 1944 708 1984 quibus,
731 1945 801 1984 ξω]
823 1944 950 1984 Incipit
976 1945 1036 1975 Ca·

354 1993 420 2023 tius
435 1993 633 2024 edisserere.
674 1993 760 2024 Sunt
773 1994 829 2034 qui
839 1994 944 2023 velint
959 1993 1038 2023 ridi·

355 2042 473 2072 culum.
490 2041 640 2071 exbiberi
660 2041 792 2072 Cetium
808 2041 894 2081 quod
911 2045 1038 2072 statuat

354 2091 466 2120 onmia
490 2088 716 2119 convivalibus
746 2089 923 2129 praeceptis
950 2089 1036 2129 opti-

354 2149 482 2170 morum
512 2144 684 2171 auctorum
710 2139 917 2180 dissidentia,
948 2140 1036 2179 plus-

353 2197 419 2228 que
434 2188 587 2218 consulat
602 2188 714 2227 palato
729 2197 825 2228 quam
842 2188 1034 2219 valetudini.

352 2236 589 2267 Verumtamen
600 2235 750 2276 quaedam
759 2234 858 2266 affert
868 2236 948 2267 natis
958 2245 1035 2276 pro·

353 2283 475 2315 bubilia
494 2288 529 2315 et
553 2293 642 2314 vera.
686 2284 776 2322 Ergo
799 2283 958 2315 ridiculus
978 2285 1034 2315 ille

355 2332 466 2372 potius
479 2332 566 2373 quod
583 2341 651 2362 rem
659 2331 802 2370 futilem,
812 2336 894 2371 puta
909 2332 1035 2363 culina-

354 2381 449 2420 riam‚
463 2387 500 2412 ut
517 2381 588 2421 jam
604 2380 685 2421 dixi,
701 2385 768 2412 tam
781 2380 928 2412 studiose
944 2382 1036 2412 anxi-

352 2439 439 2471 eque
455 2431 620 2467 moliatur,
636 2439 734 2470 quam
749 2429 804 2460 alii
820 2438 871 2460 res
886 2438 1034 2470 quasque

353 2478 578 2518 gravissimas.

395 2527 505 2566 Longa
531 2526 638 2567 quibus
654 2527 756 2564 savies
778 2527 841 2556 ovis
863 2526 937 2567 erit,
964 2526 1034 2566 lfa]

354 2573 408 2605 Ab
433 2575 504 2606 ovis
526 2576 642 2616 epulas
663 2575 870 2616 incipiebant
891 2580 1034 2607 veteres.

353 2623 440 2654 Vide
455 2633 481 2655 1.
493 2625 563 2655 Sat.
577 2627 606 2655 3.
621 2627 652 2655 6.

396 2673 435 2700 18
461 2671 504 2702 Ut
526 2673 607 2703 succi
633 2672 779 2711 melioris,
800 2672 870 2713 ism]
894 2672 980 2704 Plio.
996 2680 1032 2704 x.

352 2721 405 2750 52.
429 2719 439 2736 ⁴
452 2719 536 2752 Quae
552 2721 695 2761 oblonga
709 2721 776 2752 sint
789 2730 863 2761 ova,
878 2721 1030 2762 gratioris

1089 1609 1218 1649 saporis
1248 1613 1347 1650 putat
1377 1611 1548 1643 Horatius.
1590 1611 1772 1643 Foeminnm

1089 1657 1193 1688 edunt
1203 1667 1279 1698 quae
1294 1659 1486 1690 rotundiora
1497 1659 1697 1700 gignuntur:
1719 1668 1770 1691 re·

1089 1706 1182 1746 liqna
1194 1707 1339 1738 marem!
1373 1708 1534 1739 Columel.
1547 1708 1674 1748 pariter
1688 1708 1771 1739 scri-

1092 1753 1142 1784 bit
1155 1763 1163 1783 :
1186 1753 1197 1770 ‘
1210 1754 1292 1784 Cum
1308 1755 1399 1786 volet
1414 1756 1487 1796 quis
1503 1764 1609 1785 maren
1625 1755 1771 1791 excindi.

1091 1810 1154 1832 ova
1180 1802 1370 1841 longissima
1391 1807 1428 1834 et
1453 1803 1645 1833 acutissima
1668 1803 1771 1842 subji-

1091 1849 1181 1879 ciet:
1209 1854 1245 1879 et
1265 1858 1376 1880 rursus
1391 1859 1464 1880 cum
1481 1849 1640 1889 foeminas,
1655 1848 1770 1882 rotun-

1089 1896 1247 1927 dissima!
1289 1897 1500 1928 Contrarium
1511 1907 1590 1929 vero
1604 1898 1653 1930 bin
1666 1900 1771 1931 omni-

1088 1952 1132 1974 no
1161 1943 1263 1975 docet
1296 1944 1437 1976 Ari-tot.
1461 1945 1592 1977 Histor.
1623 1946 1770 1979 Animal.

1087 1993 1146 2023 lib.
1162 2002 1210 2024 vr.
1232 1994 1385 2024 nimirum
1411 1994 1561 2026 rotundis
1581 1999 1616 2026 et
1638 1996 1768 2028 obtusi·

1089 2042 1160 2072 ovis
1174 2051 1294 2078 mares,
1318 2043 1422 2082 longis
1443 2048 1479 2074 et
1498 2043 1603 2074 acutis
1616 2042 1769 2077 foeminan

1090 2090 1241 2130 produci.
1286 2091 1372 2122 Vide
1389 2091 1468 2122 Cael.
1489 2091 1630 2132 Rhodig.
1647 2100 1768 2125 xxvu.

1088 2142 1139 2170 17.
1162 2140 1217 2170 ubi
1238 2150 1280 2171 ex
1303 2140 1474 2172 Avicenna
1495 2146 1531 2172 et
1553 2140 1696 2174 Alberto
1717 2142 1767 2175 sic

1086 2189 1208 2220 habet:
1233 2188 1306 2220 ‘Ex
1333 2190 1510 2221 orbiculari
1530 2199 1592 2221 ovo
1606 2190 1767 2230 brevique

1086 2236 1293 2278 progignitur
1314 2247 1384 2268 man
1399 2247 1410 2268 :
1440 2247 1482 2268 ex
1509 2237 1661 2277 oblongis
1687 2247 1767 2269 aeu-

1086 2285 1170 2316 tisve
1199 2284 1344 2316 foemina.
1387 2286 1502 2325 Ipsum
1523 2286 1587 2317 hoc
1614 2295 1766 2326 compro·

1085 2333 1143 2364 bat
1157 2332 1434 2373 experimentum,
1447 2338 1483 2364 et
1497 2332 1695 2374 suffragatur
1711 2343 1765 2366 ra·

1086 2381 1154 2413 tio:
1178 2381 1337 2423 siquidem
1364 2381 1498 2412 virtutis
1529 2382 1698 2422 perfectio
1729 2385 1763 2415 in

1085 2430 1272 2461 masculinis
1300 2429 1370 2460 ovis
1391 2429 1494 2461 ambit
1519 2431 1703 2471 oequaliter.
1727 2437 1762 2464 et

1084 2479 1233 2509 continet
1253 2482 1414 2508 extrema.
1457 2477 1504 2509 At
1530 2479 1562 2509 in
1583 2477 1728 2512 foeminis
1742 2491 1763 2513 ι

1084 2531 1197 2559 centro
1225 2526 1353 2566 longius
1378 2526 1449 2558 abit
1471 2528 1621 2564 materia,
1645 2528 1679 2559 iu
1697 2538 1763 2570 quo

1084 2580 1137 2607 est
1152 2575 1258 2606 vitalis
1273 2575 1385 2606 calor:
1410 2575 1471 2606 boc
1491 2585 1567 2607 vero
1589 2577 1688 2616 plane
1701 2577 1761 2609 im-

1083 2622 1296 2665 perfectionis
1305 2629 1536 2665 argumentum
1548 2625 1634 2656 est.’.
1666 2626 1762 2658 cmi

1082 2677 1194 2704 tamen
1222 2673 1302 2704 nihil
1326 2677 1377 2704 ent
1399 2674 1433 2704 in
1458 2673 1540 2705 istis.
1585 2674 1670 2706 Nom
1690 2678 1760 2707 eto

1081 2721 1283 2762 longioribus
1305 2721 1376 2754 ovis
1394 2730 1503 2755 mares
1526 2722 1759 2755 exeluduntur.
