1956 3236
586 280 864 312 snnuouum
898 280 992 313 mn.
1024 281 1056 314 1.
1085 271 1126 313 3.

1487 272 1573 316 8123

125 374 237 417 Cum
255 378 433 416 ventum
455 373 512 416 ad
530 383 682 415 verum
702 380 794 416 est:
815 387 973 416 sensus
993 386 1226 428 moresque
1246 380 1506 429 repugnant,

125 441 273 496 Atque
293 443 394 495 ipsa
411 441 597 490 utilitaS,
618 441 730 494 justi
746 455 887 495 prope
907 448 1044 483 mater
1065 446 1112 482 et
1129 442 1260 495 aequi.

125 507 238 549 Cum
258 510 567 560 prorepserunt
586 507 740 560 primis
761 509 970 549 animalia
990 508 1142 557 terris,

125 573 304 616 Mutum
324 578 368 614 et
386 578 514 627 turpe
534 586 689 626 pecuS‚
710 575 913 626 glandem
936 579 1067 629 atque
1088 574 1251 616 cubilia
1270 579 1448 629 propter
1489 575 1574 616 100

125 639 360 693 Unguibus
380 643 426 680 et
442 640 618 693 pugnis,
635 639 737 681 dein
755 640 963 690 fustibus,
984 646 1116 695 atque
1137 641 1202 682 ita
1225 653 1356 693 porro

125 705 388 759 Pugnabant
406 706 554 756 armis,
576 719 678 759 quae
698 712 799 760 post
818 707 1110 749 fabricaverat
1130 720 1262 758 usus3

125 773 283 815 Donec
303 773 451 821 verba,
472 773 634 826 quibus
654 785 787 815 voces
810 786 1056 827 sensusque
1076 777 1291 822 notarent,
1315 810 1317 812 .

123 880 242 912 herene
256 882 377 922 quando
390 881 518 913 venitur
531 882 572 913 ad
587 880 819 921 inquisitionem
842 881 998 911 veritatis.
1042 881 1159 912 Sensus
1182 881 1348 913 communis
1362 885 1392 913 et
1407 892 1507 914 mares
1526 892 1574 914 re·

122 923 268 959 clamant,
282 923 407 964 ipsaque
422 925 556 959 utilitas,
569 933 636 963 (ματ
650 923 724 960 fere
738 926 786 954 est
806 932 918 963 parens
931 922 1015 961 justi
1030 926 1060 954 et
1075 924 1166 964 aequi.
1215 924 1345 959 Quando
1360 935 1376 956 e
1387 925 1498 964 primis
1512 928 1575 955 ter-

121 964 168 994 ris
182 964 319 996 humine:
330 966 525 1006 prodierunt,
539 969 660 997 mutum
680 975 717 996 ac
731 966 793 996 vile
813 974 917 1005 pecua,
935 975 993 1004 pro
1004 966 1120 1004 glande
1135 970 1164 996 et
1179 966 1273 997 cubili
1288 967 1447 998 certabant
1462 967 1576 1006 ungui-

123 1005 178 1037 bus
191 1011 220 1038 et
242 1009 368 1047 pugnis,
382 1011 449 1039 tum
464 1007 619 1047 fustibus,
634 1017 670 1038 ac
684 1006 813 1038 subinde
827 1007 924 1037 armis
937 1016 1006 1046 quoe
1020 1009 1140 1038 demum
1155 1008 1331 1047 indigentia
1343 1009 1507 1050 finxerat:
1523 1010 1576 1039 do-

121 1058 177 1080 nec
191 1050 372 1081 inuenerunt
388 1050 536 1081 vocabula
555 1054 586 1082 et
600 1050 819 1090 appellatimnes
834 1049 943 1088 quibus
955 1049 1170 1091 significarent
1185 1060 1355 1082 sermonem
1370 1055 1400 1082 et
1413 1051 1577 1090 cogitatio-

738 1142 859 1155 eeeee

860 1142 979 1155 oooooo

123 1209 167 1240 rit
177 1219 189 1246 ‚·
212 1219 356 1251 eumque
372 1214 509 1242 secutus
528 1208 741 1241 Sauad.-—9‘e'
765 1208 866 1241 Harl.
881 1211 912 1240 2.
928 1209 1010 1240 'Cum
1020 1211 1146 1240 ventum
1157 1210 1199 1240 ad
1211 1218 1300 1240 usum
1314 1211 1480 1241 est.—-106
1503 1208 1577 1241 Neu

735 1301 744 1308 ·
777 1293 918 1326 NOTAE

123 1358 264 1390 miseros
280 1367 354 1390 esse
370 1368 486 1390 omues
501 1359 558 1400 qui
581 1368 647 1390 non
671 1362 750 1390 sunt
768 1368 821 1389 sa·

123 1408 290 1448 pientes?
318 1415 447 1444 contra,
478 1409 674 1448 ‘sapientes
703 1417 819 1438 omnes

123 1466 251 1488 numme
269 1457 384 1488 beatos
398 1466 473 1488 esse
488 1467 496 1487 z
522 1462 616 1487 recte
638 1455 734 1487 facta
748 1464 819 1486 om-

121 1506 177 1537 nia
192 1506 355 1547 aqualia:
380 1506 492 1537 omnia
507 1509 651 1545 peccata
667 1503 789 1545 paria.'

149 1556 204 1586 <97
228 1553 344 1586 Senam
358 1563 514 1594 moresque
528 1552 721 1594 repugnant]
745 1552 818 1584 Cic.

121 1612 199 1635 mox
216 1603 276 1635 cit.
299 1605 309 1621 ‘
324 1603 412 1635 Haec
431 1602 611 1643 magnifice
628 1603 737 1642 primo
752 1601 820 1633 dici

121 1653 292 1693 videntur,
305 1652 522 1685 considerata
545 1653 652 1683 minus
676 1651 819 1691 proban-

122 1708 188 1737 tur.
210 1703 331 1735 sennua
345 1703 435 1734 euim
449 1702 627 1743 cujusque,
643 1706 680 1732 et
695 1705 821 1732 natura

121 1761 246 1788 rerum,
255 1757 358 1793 atque
371 1753 443 1793 ipsa
453 1753 578 1782 veritas
590 1751 729 1788 clamat,
739 1758 819 1790 quo-

121 1800 300 1833 dammodo
322 1811 390 1832 non
414 1810 512 1842 posse
535 1799 659 1831 adduci
680 1804 717 1830 ut
731 1800 820 1830 inter

121 1853 179 1882 eas
201 1861 270 1891 rer,
283 1861 366 1893 quas
385 1851 481 1882 Zeno
503 1855 714 1891 exaequaret,
738 1848 821 1879 nibil

121 1901 327 1933 interesset!
643 1906 646 1909 ’

165 1953 208 1982 98
233 1950 376 1986 Utilitas,
393 1949 476 1989 justi
490 1948 604 1988 mter]
643 1948 695 1979 Ex
711 1946 820 1988 opini-

124 2007 188 2031 one
203 2000 413 2040 quorundam
437 1999 676 2031 arbitrantium
696 1998 737 2028 ab
756 1996 820 2027 uti-

122 2047 222 2079 litate
243 2049 416 2088 profectas
438 2049 544 2089 leges,
567 2049 648 2079 nihil
670 2053 784 2079 autem
799 2056 820 2078 a

124 2100 244 2127 natura
273 2105 348 2127 esse
373 2097 517 2136 justum.
561 2097 649 2127 Vide
679 2097 751 2127 Cic.
776 2095 819 2126 de

125 2146 207 2185 Leg.
223 2154 247 2177 1.
270 2146 280 2163 ‘
295 2145 366 2176 Lex
389 2150 442 2176 est
465 2145 550 2176 ratio
565 2154 706 2184 summa,
720 2144 822 2175 insita

123 2194 158 2225 in
173 2198 307 2234 natura,
320 2194 505 2235 quaejubet
517 2203 559 2225 ea
573 2203 648 2234 quae
663 2192 821 2225 facienda

124 2249 217 2283 sunt,
238 2243 461 2285 prohibetque
485 2243 655 2275 contraria
667 2266 676 2276 .
693 2265 702 2275 .
718 2266 727 2275 .
743 2266 752 2275 .
767 2254 775 2274 :
800 2253 821 2275 a

123 2293 200 2333 lege
226 2292 418 2324 ducendum
445 2298 499 2324 est
519 2293 612 2326 Juris
634 2292 822 2324 exordium.

123 2345 176 2376 Ea
189 2347 244 2375 est
259 2344 348 2374 enim
365 2349 494 2375 uaturae
515 2344 578 2384 vis,
601 2353 642 2375 ea
657 2353 752 2375 mens
769 2354 822 2374 ra-

124 2393 239 2436 tioque
267 2394 456 2434 prudentis,
477 2403 518 2425 ea
536 2393 625 2435 juris
649 2400 752 2434 atque
771 2393 822 2424 in-

118 2443 219 2483 jurioe
235 2442 374 2484 regula.'

166 2496 210 2525 99
233 2494 313 2525 Cum
325 2496 553 2534 prorepserunt,
576 2491 648 2533 Esau]
688 2493 819 2524 Primos

124 2542 274 2575 homiues
289 2552 308 2574 e
323 2548 415 2574 terra
429 2542 593 2575 formatos
609 2543 820 2583 eductosque

125 2591 158 2622 vi
193 2593 285 2632 nolin,
313 2593 554 2625 existimabant
576 2593 755 2624 Plioenices
783 2598 820 2624 et

127 2639 290 2681 AEgyptii.

170 2692 233 2720 loo
254 2690 380 2722 Mutum
403 2696 433 2724 et
457 2695 548 2734 turpe
573 2693 679 2734 pecus]
703 2692 820 2725 Rudes

126 2749 167 2770 ac
183 2739 337 2780 stupidos
349 2740 455 2772 instar
466 2743 644 2783 pecudum.
690 2742 762 2774 Cic.
777 2742 819 2773 de

126 2789 263 2821 luveut.
292 2797 317 2820 1.
341 2789 445 2821 ‘Fuit
473 2793 643 2832 quondam
673 2797 823 2834 tempus,

874 1367 949 1388 cum
978 1357 1011 1388 in
1029 1358 1117 1398 agris
1134 1357 1258 1397 passim
1281 1355 1435 1387 homines
1451 1356 1576 1387 bestia-

874 1417 948 1437 rum
973 1416 1065 1437 more
1089 1406 1312 1446 vagabantur,
1328 1410 1365 1436 et
1388 1405 1454 1435 sibi
1483 1407 1575 1437 victu

873 1454 982 1486 ferino
997 1455 1102 1486 vitam
1120 1452 1376 1495 propagabant-³
1420 1454 1525 1486 Tusc.
1543 1464 1577 1485 v.

872 1504 946 1536 init.
969 1506 978 1521 ‘
992 1504 1024 1535 Ο
1052 1503 1129 1534 vitae
1149 1502 1372 1543 Philosophia
1389 1503 1456 1533 dux
1460 1524 1576 1539 .....

871 1557 909 1585 tu
925 1554 1024 1585 urbes
1041 1552 1227 1594 peperisti3
1252 1557 1288 1584 tu
1312 1552 1495 1592 dissipatos
1517 1553 1575 1584 bo-

871 1606 977 1637 mines
993 1606 1026 1636 in
1043 1606 1243 1637 societatem
1257 1604 1338 1635 vitae
1354 1605 1550 1635 convocasti
1566 1615 1576 1643 ;

873 1660 910 1686 tu
926 1665 983 1686 eos
999 1655 1088 1687 inter
1111 1664 1148 1685 se
1172 1654 1280 1693 primo
1303 1653 1493 1694 domiciliis,
1517 1654 1576 1684 de-

873 1705 952 1736 inde
976 1704 1158 1744 conjugiis,
1181 1707 1253 1734 tum
1275 1703 1450 1733 literarum
1467 1707 1502 1733 et
1518 1712 1576 1733 vo-

874 1763 951 1785 cum
964 1751 1376 1793 communionejunxisti:
1402 1756 1438 1783 tu
1458 1751 1575 1783 inven-

874 1804 943 1835 trix
958 1802 1097 1844 legum,’
1114 1805 1180 1833 &c-

918 1853 1087 1893 Glandem]
1109 1853 1143 1883 Is
1167 1852 1294 1892 primus
1316 1850 1383 1882 fuit
1404 1851 1574 1882 hominum

872 1902 980 1933 cibus.
1024 1902 1115 1932 Pliu.
1137 1909 1214 1932 xvr.
1231 1904 1262 1931 5.
1309 1900 1446 1930 Lucret.
1463 1898 1522 1930 lib.
1541 1908 1575 1931 v,

871 1953 880 1969 ‘
896 1950 1117 1982 Glandiferas
1134 1951 1224 1981 inter
1240 1949 1407 1980 curabant
1429 1957 1575 1989 corpora

871 2001 1037 2043 quercus.'
1083 2000 1170 2031 Vide
1186 1999 1346 2032 Juvenal.
1362 1998 1435 2030 Sat.
1453 2007 1504 2030 vr.
1522 2002 1575 2030 10.

872 2055 908 2082 et
923 2051 994 2082 Sat.
1011 2059 1093 2082 xm.
1109 2052 1162 2081 57.
1566 2057 1570 2061 ’

916 2104 976 2133 101
1006 2100 1170 2140 Unguibus
1181 2103 1212 2130 et
1221 2098 1351 2139 pugnis]
1366 2099 1504 2130 Luci-et.
1514 2099 1575 2131 lib.

874 2159 908 2182 v.
938 2150 1068 2182 ‘Arma
1098 2151 1248 2190 antiqua,
1272 2159 1404 2189 manus,
1434 2159 1575 2189 ungues,

874 2199 1066 2240 dentesque
1096 2198 1247 2234 fuerunt,
1284 2199 1330 2230 Et
1362 2198 1507 2239 lapides,
1538 2205 1574 2231 et

874 2249 956 2279 item
971 2249 1141 2289 sylvarum
1156 2246 1324 2288 fragmina
1337 2248 1446 2279 rami!

918 2299 979 2328 102
1001 2297 1122 2337 Armis,
1158 2306 1226 2337 quoe
1262 2301 1334 2337 post
1359 2298 1574 2336 fabricaverat

872 2347 961 2387 usus]
1003 2345 1099 2377 Artis
1135 2345 1291 2378 fen-ariae
1331 2347 1572 2388 antiquitatem

874 2397 997 2438 probat
1019 2405 1116 2427 sacer
1139 2401 1332 2428 contextus.
1376 2396 1504 2428 Genes.
1520 2404 1570 2426 rv.

871 2448 926 2477 22.
950 2445 1154 2476 ‘Tubalcain
1174 2444 1240 2476 fnit
1264 2446 1441 2476 malleator
1463 2449 1498 2474 et
1522 2442 1573 2473 fa-

873 2495 934 2527 ber
965 2495 998 2526 in
1021 2499 1145 2526 cuncta
1171 2504 1277 2535 opera
1302 2495 1378 2525 aeris
1404 2497 1440 2523 et
1467 2491 1573 2523 ferri!

872 2545 1012 2577 Lucret.
1038 2546 1099 2576 cit.
1123 2549 1132 2562 ‘
1147 2544 1324 2575 Posterius
1348 2541 1430 2573 ferri
1447 2542 1496 2571 vis
1519 2545 1572 2572 est

874 2594 1017 2634 aerisque
1034 2596 1193 2632 reperta:
1218 2592 1262 2622 Et
1281 2591 1373 2631 prior
1389 2591 1466 2622 aeris
1483 2595 1571 2630 erat,

877 2653 978 2686 quam
992 2642 1074 2674 ferri
1089 2642 1244 2682 cognitus
1259 2651 1350 2679 usus,
1366 2642 1443 2674 Quo
1460 2639 1571 2673 facilis

876 2693 982 2732 magis
996 2696 1050 2722 est
1066 2696 1200 2726 natura,
1215 2695 1250 2722 et
1267 2691 1366 2730 copia
1380 2690 1513 2731 maj0r.'

920 2744 980 2774 103
1004 2742 1110 2773 Donec
1131 2740 1234 2780 verba,
1258 2740 1378 2781 quibus,
1403 2740 1470 2781 ξω]
1506 2741 1571 2771 Lu-

877 2796 962 2825 cret.
977 2793 1034 2824 cit.
1049 2792 1107 2823 lib.
1125 2800 1158 2823 v.
1180 2792 1190 2809 ‘
1205 2791 1354 2823 Proinde
1373 2796 1493 2832 putare
1509 2791 1570 2822 ali-
