1904 3256
623 292 894 325 oARmNUM
929 293 1025 323 mn.
1060 293 1125 322 iv.
1161 280 1230 322 14.
1545 281 1631 322 629

410 389 471 431 Ut
491 389 768 430 barbarorum
790 386 1002 429 Claudius
1025 386 1198 440 agmina

407 457 591 498 Ferrata
612 459 738 496 vasto
758 454 893 496 diruit
912 454 1096 508 impetu,

463 522 724 575 Primosque
744 529 790 563 et
810 526 1030 564 extremos
1050 520 1275 572 metendo,

519 589 685 631 Stravit
703 588 899 640 humum,
918 590 1012 631 sine
1031 588 1157 630 clade
1177 588 1349 640 victor;

403 655 470 697 Te
489 655 661 709 copias,
681 660 727 696 te
741 656 975 698 consilium
995 660 1040 698 et
1053 660 1154 698 tuos

404 722 638 764 Praebente
659 721 826 764 Divos:
856 736 961 764 nam
981 723 1082 773 tibi,
1103 732 1195 776 quo
1218 723 1292 764 die

458 789 619 831 Portus
640 788 924 832 Alexandrea
942 791 1139 844 supplex

515 856 574 898 Et
594 869 779 899 vacuam
799 857 1014 911 patefecit
1034 857 1197 907 aulam,

1574 453 1630 494 30

1574 789 1631 830 35

172 974 253 1007 sicat
271 975 414 1008 Tiberius
428 976 513 1007 Nero
526 976 742 1009 Barbaromm
757 978 861 1019 copias
881 978 979 1010 armis
993 979 1163 1010 instructas
1176 978 1301 1017 ingenti
1314 980 1423 1017 strage
1443 976 1568 1015 cecidit,
1579 978 1628 1005 at-

173 1027 232 1057 que
243 1018 362 1058 primos
372 1022 404 1050 et
417 1019 542 1050 ultimos
556 1022 700 1051 sternens
714 1023 831 1051 terram
844 1021 965 1061 aperuit
980 1021 1193 1060 cadaveribus,
1205 1021 1305 1052 victor
1317 1020 1428 1061 absque
1441 1021 1551 1050 damno
1563 1028 1575 1055 ‚·
1598 1020 1628 1047 te

174 1060 302 1099 milites,
315 1064 348 1092 te
361 1061 535 1100 consilium,
546 1066 577 1093 te
588 1062 674 1094 Deos
687 1066 756 1094 tuos
768 1063 998 1104 suppeditante.
1030 1063 1200 1095 Enimvero
1214 1073 1272 1104 quo
1285 1064 1336 1095 die
1349 1062 1547 1095 Alexandria
1558 1069 1629 1099 sup-

171 1102 294 1142 plicans
307 1103 365 1135 tibi
375 1108 488 1145 portus
499 1107 530 1135 et
544 1105 647 1136 aulam
662 1105 816 1136 desertam
826 1105 963 1146 aperuit,
974 1109 1043 1147 post
1055 1106 1186 1138 tertium
1202 1106 1333 1137 lustrum
1340 1105 1474 1145 fortuna
1486 1104 1627 1136 obsecun-

788 1188 828 1200 σο
832 1189 987 1202 ooo-‘⁴000‘
991 1190 1029 1203 00

174 1244 276 1280 atque
292 1241 467 1281 audacius,
488 1246 524 1272 et
540 1242 588 1273 sic
605 1242 710 1282 magis
723 1249 759 1273 et
775 1242 946 1282 poeticum
962 1248 999 1274 et
1014 1243 1173 1283 lyricum,
1190 1242 1250 1274 sed
1272 1242 1375 1274 etiam
1394 1239 1572 1281 augustius
1591 1243 1629 1271 et

175 1283 322 1322 gravius,
332 1283 498 1326 hujusque
510 1289 546 1316 et
558 1284 725 1315 Carminis
740 1290 776 1316 et
791 1285 856 1316 loci
872 1286 1054 1326 majestate
1069 1285 1204 1325 dignius
1220 1286 1360 1316 verbum
1373 1288 1438 1320 est,
1453 1292 1553 1324 quam
1569 1282 1629 1313 mi-

173 1324 313 1362 nitanti-,-
335 1326 424 1367 quod
443 1325 578 1366 quidem
593 1331 727 1358 mature
742 1336 804 1367 pro
820 1327 1128 1367 interpretamento
1143 1328 1276 1358 anitum
1291 1332 1327 1358 et
1341 1326 1419 1357 hinc
1436 1336 1454 1357 a
1470 1324 1630 1364 librariis,

171 1375 314 1439 guorum
327 1368 446 1406 captui
459 1368 565 1407 magis
580 1368 792 1407 conveniret,
802 1369 836 1398 in
848 1373 1047 1400 contextum
1062 1369 1194 1400 illatum
1205 1367 1321 1407 fuisse,
1334 1369 1412 1399 luce
1423 1367 1548 1398 clarius
1564 1370 1627 1398 est.

207 1408 321 1439 mnino
335 1407 410 1440 haec
425 1410 527 1440 etiam
543 1409 749 1450 Metapbora
764 1413 830 1448 est,
845 1419 922 1441 cum
937 1410 1065 1441 dicitur
1086 1415 1095 1427 ‘
1110 1409 1280 1441 minitari'
1302 1419 1357 1440 res
1373 1408 1542 1446 inanima3
1566 1408 1627 1439 sed

170 1457 282 1481 nonne
297 1450 406 1482 multo
421 1450 542 1482 eadem
559 1451 730 1491 vulgatior
743 1455 779 1483 et
792 1452 919 1492 tritior,
931 1462 1029 1493 quam
1044 1452 1103 1483 ubi
1117 1453 1127 1469 ‘
1138 1451 1314 1489 meditari’
1326 1450 1476 1483 dicitur?
1499 1449 1627 1481 Omnia

169 1491 243 1523 baec
259 1501 443 1532 agnoscere
456 1493 563 1525 noluit
578 1493 695 1525 Bentl.
712 1499 748 1525 ut
772 1494 874 1526 modo
890 1494 934 1526 ab
951 1495 1026 1526 aliis
1041 1493 1262 1526 discederet.¹
1280 1494 1370 1526 Jam'.
1414 1493 1626 1532 horrendaque

168 1535 266 1565 cutm
279 1535 411 1567 Diluvie
436 1536 527 1568 metit
548 1539 618 1567 ater
638 1546 731 1576 agros
754 1536 845 1578 conj.
861 1546 917 1577 ap.
942 1537 1146 1570 δοκι-30
1168 1537 1319 1568 Florent.
1335 1541 1371 1568 et
1385 1536 1511 1567 Venet.
1529 1537 1624 1566 1486.

168 1575 300 1618 dimisit,
327 1576 415 1610 forte
431 1587 494 1620 pro
516 1579 526 1595 ‘
543 1578 708 1620 diripuit:
730 1583 770 1610 ut
792 1580 802 1596 ‘
819 1579 978 1621 surpuit,'
1000 1580 1113 1621 inquit
1140 1579 1334 1611 Gesn.—31
1362 1578 1548 1618 Primusque
1571 1587 1626 1608 ex-

168 1621 280 1655 tremos
295 1619 334 1651 Li
361 1629 389 1652 s.
400 1623 435 1653 4.
459 1621 641 1663 Primosque
653 1624 865 1663 extremosque
881 1623 980 1654 Desa.
993 1625 1112 1655 2.—32
1130 1622 1294 1654 Nonnulli
1309 1620 1412 1653 codd.
1427 1620 1466 1652 ut
1484 1621 1575 1660 Lips.
1592 1622 1624 1650 2.

169 1654 242 1693 Ait.
258 1664 291 1693 2.
348 1668 440 1696 enet.
458 1665 554 1695 1492.
599 1663 744 1695 Locher.
770 1663 914 1696 Ascens.
943 1665 1061 1697 Basili.
1090 1665 1214 1696 Venet.
1242 1674 1297 1704 ap.
1325 1664 1434 1695 Zeun.
1460 1663 1624 1694 Glarean.

168 1703 260 1735 Mur.
277 1709 313 1736 et
328 1705 428 1737 Fabr.
451 1705 577 1738 Stravit
593 1706 689 1737 humi.
734 1705 834 1738 Harl·
850 1710 881 1738 6.
901 1707 969 1739 sine
984 1708 1166 1738 cende—34
1189 1706 1357 1737 Proebente
1371 1707 1464 1736 duces
1480 1705 1572 1744 Lips.
1589 1706 1622 1734 4.

169 1748 179 1763 ‘
196 1746 347 1787 Comma,
360 1748 452 1789 quod
469 1749 570 1788 vulgo
594 1752 648 1780 est
669 1752 749 1789 post
766 1749 838 1785 tibi,
860 1758 935 1780 esse
952 1750 1056 1780 debet
1071 1753 1150 1790 post
1166 1758 1252 1788 nam,
1268 1752 1307 1779 ut
1322 1746 1425 1779 facile
1442 1746 1623 1787 elegantiae

168 1797 286 1821 sensus
308 1790 437 1823 docet!
459 1791 634 1822 Juvat—35
658 1791 856 1823 Alexandria
880 1791 1035 1823 nonnulli
1060 1790 1163 1823 codd.
1190 1795 1227 1823 et
1250 1790 1328 1822 edd.
1354 1800 1396 1822 ex
1421 1790 1474 1820 his
1500 1788 1622 1820 Lamb-

824 1872 855 1904 N
861 1871 965 1904 OTAE

208 1936 251 1966 29
274 1933 506 1976 Barbarorum]
529 1934 738 1967 Rhaetorum.

211 1984 377 2026 Claudias]
413 1984 570 2017 Tiberius
595 1986 627 2017 N
631 1995 704 2026 ero,
729 1984 772 2017 de
799 1994 867 2027 quo

167 2037 259 2066 ante.

210 2086 252 2116 ³2
275 2084 352 2117 Sine
381 2085 469 2117 clade
491 2085 605 2126 victor]
650 2085 703 2116 Ex
731 2085 866 2117 Velleio

165 2132 304 2165 Patere.
331 2135 391 2167 cit.
412 2135 455 2166 ad
485 2135 555 2167 Od.
575 2144 628 2166 lv.
649 2134 751 2176 hujus
773 2135 865 2176 libri,

145 2205 152 2211 .
165 2183 175 2200 ‘
189 2182 271 2215 Sine
287 2183 356 2215 ullo
367 2183 575 2216 detrimento
588 2185 758 2217 commissi
770 2195 866 2217 exer·

166 2231 278 2264 citus:
296 2234 386 2276 quod
402 2234 580 2276 praecipue
593 2235 670 2267 huic
685 2235 762 2268 duci
779 2245 865 2268 sem·

165 2291 228 2324 per
243 2293 334 2316 curae
351 2283 442 2325 fuit:
457 2286 523 2317 &m

206 2334 249 2364 33
268 2333 311 2366 Te
324 2335 440 2376 copias,
452 2338 482 2367 te
495 2335 671 2377 consilium,
685 2335 758 2377 ἔμπ]
781 2335 865 2368 Om-

163 2382 216 2414 nis
231 2392 314 2425 ergo
330 2384 404 2416 laus
421 2389 456 2416 et
471 2385 581 2426 gloria
596 2386 748 2418 victoriae
763 2387 867 2419 cessit

164 2430 334 2475 Augusto,
344 2434 443 2475 cujus
457 2435 616 2475 auspiciis
625 2435 779 2467 Tiberius
794 2436 864 2468 vic-

165 2486 220 2514 tor
232 2482 408 2516 extiterat.
446 2485 535 2516 Nam
552 2485 656 2516 solius
672 2485 862 2527 Imperato-

163 2530 211 2563 ris
227 2532 331 2564 etiam
345 2533 496 2566 absentis
514 2534 628 2565 valere
647 2535 798 2576 auspicia
820 2537 862 2568 ad

166 2584 316 2622 gerenda
336 2584 426 2617 bella
449 2591 583 2617 veteres
608 2585 862 2618 existimabant.

166 2630 214 2662 Et
227 2632 305 2665 hinc
321 2634 364 2666 nd
379 2644 456 2667 eum
469 2643 603 2676 semper
614 2635 794 2666 victoriam
810 2644 863 2666 re-

165 2677 334 2722 ferebant,
354 2685 450 2725 cnjus
473 2685 631 2726 auspiciis
651 2684 862 2716 debellatum

167 2726 294 2761 fuerat.
313 2731 452 2765 Sueton.
465 2730 591 2766 Octax'r.
603 2744 680 2775 cap.
694 2737 748 2766 21.
766 2738 775 2752 ¹
790 2735 862 2766 Do-

167 2779 255 2811 muit
277 2781 398 2821 partim
419 2783 538 2824 ductu,
555 2786 678 2826 partim
702 2786 862 2827 auspiciis

167 2829 235 2862 fluis
265 2829 485 2864 Cantabriam
498 2856 506 2866 .
517 2856 525 2865 .
539 2857 546 2866 .
558 2835 648 2867 Item
680 2836 862 2874 Rbaetiam,

921 1941 958 1969 et
980 1935 1204 1973 Vindelicos,’
1227 1937 1293 1968 διο.
1333 1933 1438 1966 Ovid.
1457 1933 1559 1964 Trist.
1579 1941 1621 1965 11.

920 1991 931 2007 ‘
946 1987 1017 2020 Per
1037 1996 1136 2029 quem
1162 1986 1254 2020 bella
1280 1985 1384 2026 geris,
1409 1983 1506 2024 cujus
1532 1991 1621 2013 nunc

918 2047 1063 2080 corpore
1086 2046 1238 2079 pugnas:
1272 2034 1474 2077 Auspicium
1489 2032 1545 2065 cui
1561 2031 1622 2063 das
1644 2038 1647 2040 ·

918 2088 1060 2130 grande,
1075 2087 1235 2129 Deosque
1251 2084 1353 2118 tuos.’

962 2141 1005 2170 34
1029 2139 1115 2170 Nam
1134 2137 1206 2178 tibi,
1222 2147 1280 2178 quo
1301 2136 1364 2176 die,
1382 2133 1453 2176 ζα]
1476 2133 1551 2166 Quo
1568 2132 1623 2163 die

919 2193 1055 2229 captam
1071 2187 1316 2220 Alexandriam
1342 2187 1452 2218 victor
1473 2184 1624 2223 intrasti,

919 2238 1041 2270 eodem
1058 2238 1113 2270 die
1129 2242 1208 2279 post
1223 2247 1330 2268 annos
1346 2235 1542 2278 quindecim
1559 2244 1622 2276 per

919 2289 1093 2320 Tiberium
1120 2289 1262 2320 Rhaetos
1287 2287 1481 2326 debellasti,
1503 2282 1622 2317 secun-

918 2339 1048 2380 dosque
1063 2339 1178 2371 exitus
1198 2344 1236 2370 et
1251 2342 1411 2380 optatum
1433 2337 1540 2368 decus
1561 2334 1621 2365 ha-

915 2388 1032 2422 buisti.

963 2439 1033 2475 Quo
1046 2430 1114 2480 die]
1143 2438 1275 2471 Ultimo
1291 2437 1346 2469 dic
1367 2435 1507 2468 Sextilis
1530 2442 1621 2465 men·

917 2490 975 2526 sis,
991 2499 1070 2521 ann.
1090 2490 1135 2521 U.
1153 2489 1193 2521 C.
1211 2491 1288 2520 ⁷23.
1310 2487 1404 2528 prior
1415 2485 1474 2516 illa
1490 2484 1532 2515 de
1550 2483 1620 2515 An·

916 2540 1012 2571 tonio
1034 2543 1071 2571 et
1092 2539 1280 2578 Cleopatra
1303 2535 1448 2567 victoria
1463 2532 1620 2574 Augusto

917 2589 1110 2628 contigerat
1123 2598 1134 2626 3
1148 2585 1317 2627 posterior
1332 2588 1446 2615 autem
1462 2583 1505 2614 de
1519 2583 1619 2614 Rnae-

917 2638 974 2677 tis,
1003 2635 1205 2675 Vindelicis,
1227 2637 1291 2666 ἀε-
1317 2643 1396 2666 ann.
1426 2634 1470 2665 U.
1487 2633 1526 2665 C.
1542 2635 1619 2666 738.

918 2688 1078 2720 Clemens
1094 2685 1347 2717 Alexandrinus
1369 2683 1533 2716 Stromat.
1558 2683 1619 2715 lib.

918 2746 943 2769 1.
968 2741 1047 2777 post
1069 2734 1215 2766 medium
1238 2735 1327 2766 hunc
1349 2733 1488 2765 Horatii
1507 2734 1618 2765 locum

917 2785 1031 2818 affert.
1077 2785 1165 2817 Vide
1188 2784 1313 2816 Euseb.
1329 2784 1455 2816 Chron.
1475 2784 1618 2816 Sueten.

917 2837 1008 2870 Vell.
1023 2835 1202 2869 Patercul.
1219 2835 1309 2867 Flor.
1324 2836 1389 2867 ὅτε.
