1904 3256
305 267 388 306 600
768 278 811 315 Q.
842 276 1047 306 floRA‘rn
1080 275 1248 305 remeet

476 368 645 409 Clarum
666 368 922 420 Tyndaridae
945 368 1069 408 sidus
1090 367 1147 407 ab
1167 365 1324 406 infimis

473 432 668 482 Quassas
688 433 871 484 eripiunt
891 432 1141 484 aequoribus
1161 437 1274 471 rates
1292 443 1302 470 :

473 497 661 538 Ornatus
680 497 806 537 viridi
826 501 1020 549 tempora
1038 496 1244 548 pampino

475 563 605 603 Liber
623 568 726 604 vota
745 564 884 604 bonos
902 562 1022 603 ducit
1039 562 1096 603 ad
1116 563 1273 603 exitus.

302 678 454 709 accumbit
461 677 560 715 sortis
582 679 740 709 Hercules.
784 679 837 709 Ita
847 677 916 718 filii
934 677 1069 718 Tyndari
1081 678 1182 709 lucido
1201 678 1303 709 sidera
1319 688 1334 709 e
1349 678 1428 708 nturi
1448 676 1597 716 profundo
1618 675 1720 706 vindi-

307 724 377 751 cant
387 729 477 750 noves
487 720 660 757 labefactas.
682 720 734 750 Itu
749 720 895 755 Bacchus,
906 720 1045 759 pampino
1055 719 1168 751 virenti
1181 723 1356 750 coronatum
1365 720 1475 750 habens
1487 721 1589 759 capue,
1595 717 1721 756 felicem

309 761 365 792 dat
378 765 516 792 eremum
528 762 665 800 precibus
679 761 863 792 mortalium.

899 831 1131 845 eeeeeeeeeee

307 883 384 914 uad.
398 884 436 914 ab
456 884 586 923 intimis,
598 885 806 925 improbante
820 885 911 918 Jani.
934 886 972 916 ab
985 886 1094 925 inseris
1111 894 1180 918 var.
1194 886 1274 917 lect.
1291 894 1344 925 ap.
1359 885 1562 917 Jeme-32
1584 883 1676 924 Lips.
1689 886 1722 915 3.

307 925 478 964 aequoribun
489 926 635 966 eripiunt.

944 979 1086 1010 NOTAE

349 1041 387 1069 31
415 1039 540 1070 Clarum
556 1040 738 1079 Tyndaridoe
747 1039 923 1079 sidus,85c‚]
937 1040 990 1071 Sic
1045 1043 1205 1076 meratur,
1231 1040 1445 1080 crediturque
1466 1038 1632 1069 hominum
1648 1041 1726 1068 vota

309 1088 412 1119 etiam
425 1087 544 1119 Castor
556 1093 591 1118 et
603 1088 724 1118 Pollux
739 1089 905 1120 habentur
923 1090 993 1128 Dii,
1044 1090 1226 1130 suscipere,
1240 1093 1404 1128 etoptata
1419 1087 1544 1128 largiri.
1565 1086 1654 1117 Vide
1668 1095 1725 1117 ιιι.

308 1142 538 1177 putanturque
552 1137 784 1176 periclitantes
797 1137 828 1167 in
845 1138 990 1178 mariju-
1045 1137 1113 1168 Od.
1128 1140 1180 1168 25.
1198 1137 1309 1177 ibique
1325 1136 1406 1167 Not.

310 1195 401 1216 vare.
426 1194 450 1216 r.
466 1185 533 1216 Od.
548 1188 579 1215 3.
594 1188 626 1216 2.
641 1190 676 1216 et
692 1186 759 1216 Od.
777 1189 826 1216 12.
839 1188 893 1216 25.
1087 1186 1223 1218 Quanta
1252 1185 1382 1214 demum
1409 1183 1572 1213 varietate
1594 1183 1726 1221 longam

351 1236 391 1264 33
418 1227 558 1263 oritanus
582 1233 688 1268 viridi,
709 1235 761 1272 &a
787 1233 862 1264 Hae
891 1233 988 1264 deni·
1044 1233 1267 1263 narrationem
1288 1231 1396 1262 Poeta
1416 1230 1601 1270 distinguat
1619 1235 1654 1261 et
1670 1239 1728 1261 ex-

310 1292 374 1324 que
400 1282 529 1313 ratione
551 1283 701 1313 Bacchus
720 1283 809 1313 inter
826 1282 919 1313 Deos
934 1291 993 1313 nu·
1046 1285 1157 1320 ornet,
1170 1280 1324 1316 observa,
1336 1280 1445 1311 lector
1462 1279 1624 1310 studiose.

898 1410 1025 1451 ODE
1064 1409 1156 1451 IX.

857 1497 924 1526 AD
957 1495 1191 1526 nonnum.

311 1571 440 1611 Nequit
465 1571 528 1603 sibi
554 1575 746 1612 temperare
772 1570 950 1610 Horatius,
973 1570 1053 1611 quin
1076 1569 1225 1602 Poeticae
1252 1569 1396 1608 laudem,
1422 1567 1482 1599 sibi
1506 1575 1582 1598 cum
1606 1564 1729 1596 ceteris

353 1623 468 1654 Poetis
483 1633 704 1659 communem,
720 1622 810 1662 apud
826 1623 979 1653 Marcum
996 1621 1150 1662 Lollium,
1166 1621 1238 1652 Caii
1254 1620 1397 1652 Caesaris
1411 1618 1655 1650 moderatorem
1674 1617 1731 1656 ju-

353 1678 476 1715 ventoe,
491 1674 622 1715 sibique
646 1673 856 1712 familiarem,
879 1674 957 1704 dum
981 1673 1117 1705 eximias
1139 1674 1227 1704 illius
1244 1664 1307 1704 viri
1329 1673 1469 1703 virtutes
1493 1669 1627 1711 egregio
1651 1667 1732 1699 Car-

353 1725 441 1756 mine
453 1729 623 1765 recenset,
636 1724 700 1757 sibi
714 1723 860 1756 fidenter
874 1733 1027 1765 arrogare
1042 1729 1193 1756 conetur.

538 1798 615 1840 ΝΕ
637 1799 747 1839 forte
768 1798 926 1839 credas
942 1798 1182 1847 interitura,
1202 1810 1304 1850 quae

536 1863 686 1915 Longe
704 1866 932 1903 sonantem
952 1867 1082 1903 natus
1103 1863 1159 1903 ad
1178 1862 1400 1911 Aufidum,

597 1928 639 1969 N
645 1941 700 1968 on
716 1931 817 1968 ante
837 1927 1039 1979 vulgatas
1060 1939 1138 1980 per
1155 1930 1269 1967 artes

653 1993 797 2034 Verba
817 1993 978 2045 loquor
998 1991 1207 2034 socianda
1225 1990 1410 2032 chordis.

358 2091 407 2121 Ne
420 2091 558 2128 sortasse
575 2089 732 2121 existimes
744 2088 899 2128 perituros
914 2097 1075 2127 sermones,
1088 2096 1163 2127 quos
1182 2096 1236 2126 ego
1258 2089 1349 2116 natus
1361 2085 1401 2116 ud
1417 2083 1470 2115 Au
1514 2092 1564 2115 um
1577 2084 1638 2114 late
1656 2091 1739 2114 reso-

315 2135 436 2163 nantem
448 2132 551 2172 loquor
568 2140 622 2172 per
636 2134 719 2162 artes
733 2139 828 2161 novas
841 2128 961 2171 fidibus
975 2129 1160 2168 jungendos.
1204 2127 1276 2159 Etsi
1291 2126 1443 2158 Homerus
1494 2125 1605 2156 oeonius
1622 2123 1740 2164 prium

911 2210 1146 2224 oooooooooo

360 2266 437 2298 Ode
462 2266 593 2298 decima
618 2266 712 2297 Libri
741 2266 849 2306 quinti
874 2266 907 2297 in
935 2265 999 2297 Ed.
1026 2264 1149 2296 Sanad.
1191 2260 1424 2302 Antiquissimi
1452 2258 1550 2290 codd.
1571 2257 1738 2289 Torrentii

320 2307 531 2348 inscribitur,
555 2308 607 2339 Aa
631 2308 681 2338 M.
709 2307 853 2339 Lollium.
907 2307 1033 2338 Venet.
1063 2309 1154 2337 1492.
1200 2302 1339 2335 Locber.
1365 2300 1506 2332 Ascens.
1526 2300 1578 2331 Aa
1596 2298 1738 2345 Lollium,

318 2349 509 2382 aon-abendam
537 2351 675 2382 essm-3
699 2350 800 2381 Dess.
827 2351 859 2380 2.
895 2349 968 2379 Non
992 2351 1063 2379 ante
1087 2346 1296 2385 vulgata—4
1333 2342 1430 2374 Verba
1456 2343 1561 2381 loquar
1587 2339 1739 2371 nonnoni

956 2419 1101 2451 NOTAE

361 2485 511 2516 Mettum
528 2483 615 2515 idem
631 2483 719 2525 quod
735 2492 761 2515 ι.
776 2483 846 2515 Od.
861 2486 892 2515 9.
1057 2480 1179 2521 strepit
1190 2483 1225 2510 et
1238 2478 1431 2509 murmurat.
1443 2472 1531 2505 Vide
1540 2471 1741 2504 111.0d.u1t.

364 2536 381 2563 1
407 2535 457 2565 Ne
468 2535 567 2573 sorte,
589 2531 658 2573 afa]
682 2532 869 2564 Artificium
894 2531 1005 2572 singu·
1099 2532 1118 2560 3
1142 2529 1214 2560 Non
1235 2529 1307 2558 aute
1329 2525 1471 2563 vulgatas
1487 2531 1544 2563 per
1556 2521 1653 2560 arten]
1675 2521 1740 2562 Ly-

322 2582 392 2611 lare
415 2583 551 2614 exhibet
571 2583 643 2614 baec
660 2581 750 2622 Ode,
773 2585 1005 2622 argumentum
1058 2578 1134 2610 ricis
1147 2576 1296 2610 versibus
1307 2584 1326 2605 a
1339 2582 1390 2604 me
1403 2572 1510 2613 primo
1520 2571 1638 2603 Latine
1650 2580 1741 2602 com-

323 2639 402 2661 vero
418 2639 477 2670 par
491 2639 567 2662 eum
577 2631 757 2671 superiori.
1059 2628 1175 2669 positis
1201 2634 1257 2658 m.
1280 2623 1343 2656 Od.
1367 2622 1429 2653 ult.
1451 2625 1487 2652 et
1507 2629 1558 2652 ιν.
1578 2618 1645 2651 Od.
1661 2619 1742 2652 &in

364 2681 384 2710 2
408 2679 510 2710 Natus
528 2681 568 2710 ed
583 2680 745 2720 Aufidum]
769 2680 878 2712 Natus
903 2677 937 2709 in
960 2676 1006 2708 A·
1059 2677 1136 2708 fine.

326 2728 422 2769 putiae
439 2727 638 2769 finibus,ubi
653 2727 772 2760 fluvius
782 2725 921 2759 Aufidus
937 2726 1006 2758 alte
1100 2728 1122 2757 4
1143 2723 1296 2755 Socanda
1310 2719 1445 2760 chordis]
1469 2719 1567 2758 Lyra»,
1583 2716 1744 2759 aptanda,
