1904 3256
614 327 887 360 CARMthsM
922 327 1017 359 me.
1051 326 1116 356 iv.
1146 316 1188 356 6.

377 423 586 465 Lesbium
608 425 784 463 servate
804 420 980 474 pedem,
1001 420 1174 473 meique

1552 418 1610 458 35

718 489 907 530 Pollicis
927 488 1066 530 ictum
1082 500 1094 539 ;

377 557 483 599 Rite
503 557 687 598 Latonae
708 569 891 610 puerum
912 559 1133 603 canentes,

378 624 484 665 Rite
504 627 773 665 crescentem
794 623 894 665 face
923 622 1224 669 Noctilucam,

374 690 644 744 Prosper-am
665 690 855 743 frugum,
870 690 1152 743 celeremque
1177 699 1346 741 pronos

724 757 916 799 Volvere
935 769 1132 797 menses.

1556 755 1612 798 40

380 824 538 878 Nupta
560 824 658 879 jam
678 824 819 876 dices,
840 824 937 876 Ego
959 822 1044 864 Dis
1064 824 1272 875 amicum,

379 892 558 934 Saeculo
577 891 720 934 festas
740 891 951 934 referente
971 890 1108 941 luces,

153 1032 332 1055 masuram
345 1023 534 1065 Sapphicum
558 1028 590 1056 et
610 1024 730 1065 pollicis
744 1024 805 1055 mei
825 1033 955 1055 sonum:
979 1023 1041 1054 rite
1065 1022 1254 1055 celebrantes
1266 1022 1375 1064 filium
1390 1022 1533 1059 Latonoe,
1555 1019 1618 1050 rite

154 1066 299 1098 Dianam
317 1066 431 1098 lumine
450 1071 675 1107 augescentem,
682 1067 834 1107 frugibus
847 1066 1029 1107 propitiam,
1035 1065 1139 1106 fluxis
1153 1066 1307 1096 mensibus
1320 1064 1495 1096 evolvendis
1513 1072 1617 1103 prom-

154 1110 230 1140 tam.
276 1109 455 1149 Aliquando
482 1109 630 1141 connubio
652 1109 766 1149 juncta
790 1108 900 1140 dices:
938 1109 1010 1148 Ego
1034 1109 1134 1149 poe'loe
1165 1108 1299 1140 Horatii
1327 1107 1466 1139 versibus
1494 1105 1618 1137 erudita

760 1203 902 1217 eeeeeee

157 1278 248 1316 gine

904 1203 1002 1218 eeeee

266 1276 378 1316 prime
404 1276 476 1308 Ait.
497 1279 618 1308 2.—35
642 1278 742 1308 Dess.
756 1280 789 1308 2.
812 1278 958 1308 Lesbium
977 1280 1200 1308 servare—37
1224 1275 1418 1309 Helmstad.
1432 1277 1620 1307 colentes.—

161 1321 204 1351 38
227 1318 336 1351 Codd.
353 1318 488 1350 Marcil.
504 1319 585 1350 Sax.
602 1320 700 1350 Gon.
714 1319 859 1350 Mentel.
875 1319 967 1358 Lips.
986 1322 1015 1350 l.
1031 1322 1063 1350 2.
1077 1322 1108 1349 3.
1123 1322 1154 1351 4.
1186 1319 1375 1351 Helmstad.
1392 1327 1412 1349 a
1427 1328 1471 1348 m.
1490 1328 1540 1358 pr.
1554 1318 1620 1347 Ve-

159 1365 247 1392 nett.
266 1363 361 1392 1478.
385 1364 422 1392 et
441 1360 589 1392 Mediol.
609 1363 705 1391 1477.
730 1364 826 1392 1486.
849 1361 1014 1396 noctiluca,
1031 1366 1192 1402 tanquam
1210 1361 1426 1401 jungendum
1444 1369 1521 1391 cum
1536 1359 1623 1397 sace.

158 1402 339 1434 Pulmanni
355 1402 472 1434 Hunn.
495 1403 782 1433 'coaetaneum-39
805 1403 962 1442 Prospera
986 1403 1081 1433 Gott.

809 1493 951 1527 NOTAE

156 1558 346 1591 cervarium
362 1558 467 1600 aliqui
483 1559 625 1600 dicunt3
641 1560 735 1600 jure,
750 1569 794 1591 an
810 1559 860 1590 in-

151 1608 271 1649 juria?
292 1607 381 1640 Vide
403 1608 548 1642 Gesner.
571 1609 615 1640 de
638 1609 862 1651 Quadruped.

159 1659 253 1691 Plin.
270 1667 410 1692 xxvm.
426 1661 492 1692 &c-
526 1660 583 1692 De
597 1659 637 1692 iis
647 1660 719 1702 jam
734 1669 776 1693 11.
793 1659 861 1691 Od.

158 1711 212 1740 1³.
227 1718 279 1741 vs.
294 1709 358 1742 ult.

201 1760 243 1789 85
258 1757 405 1790 Lesbium
418 1762 537 1791 servate
547 1760 667 1800 pedem,
682 1758 752 1799 85c.]
778 1758 862 1799 Sap-

157 1807 248 1854 phici
263 1807 328 1840 mei
345 1807 511 1840 Carminis
528 1808 710 1840 observate
728 1817 861 1840 mensu-

160 1865 246 1896 ram,
261 1860 297 1889 et
312 1856 355 1889 ad
371 1867 457 1889 meae
473 1858 559 1899 lyrae
574 1868 692 1890 sonum
709 1868 810 1890 voces
826 1863 863 1889 et

159 1911 281 1938 cantus
291 1911 423 1940 vestros
434 1912 552 1949 aptate
563 1908 760 1950 diligenter.
780 1908 864 1948 Sap-

159 1956 241 1998 plro,
262 1965 283 1988 e
302 1957 417 1989 Lesbo
437 1958 560 1998 insula,
576 1967 699 1990 nomen
715 1957 810 1990 dedit
827 1962 863 1989 et

159 2007 324 2048 originem
337 2007 508 2048 Sapphico
524 2007 683 2040 Carmiui.
721 2007 808 2039 Vide
822 2015 864 2039 11.

162 2055 231 2088 od.
243 2059 297 2088 13.
313 2057 371 2089 cit.
388 2057 506 2099 ibique
523 2059 606 2090 Not.

204 2106 332 2148 Meique
347 2107 478 2139 Pollio-is
492 2107 604 2148 ictum]
628 2107 736 2141 Quasi
751 2107 865 2148 pulset

162 2155 238 2197 ipse
251 2156 430 2197 citharam,
441 2157 514 2188 haec
530 2157 593 2198 ait,
608 2167 647 2189 ac
663 2157 770 2188 veluti
786 2158 865 2189 clio-

163 2204 409 2247 rodidascalus,
424 2207 580 2247 exemplo
602 2206 751 2239 Graeciae
770 2207 865 2247 Lyri-

164 2255 432 2288 corumsrheod.
446 2256 582 2288 Marcii.

207 2306 249 2336 87
277 2305 368 2346 Rite]
404 2306 456 2337 Ex
487 2305 555 2337 ritu
584 2306 723 2348 antiquo
749 2310 785 2338 et
816 2316 868 2338 so-

164 2355 271 2387 leonia

201 2408 244 2438 38
255 2407 526 2446 Crescentemsace
537 2407 748 2449 Noctilucam]
760 2407 871 2439 Diana

167 2455 286 2488 eadem
304 2466 379 2498 quae
394 2457 503 2499 Luna,
514 2462 617 2490 nocte
628 2458 756 2493 lucens,
766 2469 868 2488 νυκτι-

167 2505 292 2546 mar-hs
307 2507 474 2540 Simonidi
491 2507 583 2549 apud
596 2508 738 2549 Dionys.
757 2507 870 2541 Halic.

166 2554 389 2589 Incrementa
402 2558 489 2589 lucis
513 2568 552 2595 ac
569 2557 790 2590 decrementa
803 2558 870 2589 sin-

170 2606 258 2646 gulis
280 2607 453 2640 mensibus
476 2608 606 2640 habere
629 2609 868 2650 cognoscitur:

170 2655 286 2688 orbem
308 2667 406 2690 suum
427 2657 569 2690 conficit
590 2657 710 2689 diebus
732 2657 872 2689 circiter

172 2705 227 2735 28.
262 2707 351 2738 unde
374 2709 384 2725 ‘
402 2717 536 2740 menses
559 2717 684 2749 pronos
708 2707 872 2739 celeriter

174 2752 330 2785 volvere'
354 2756 479 2788 dieitur
498 2767 588 2790 mox.
624 2757 697 2789 Cic.
720 2757 764 2788 de
787 2757 871 2789 Nat.

175 2802 284 2834 Deor.
299 2811 341 2836 11.
354 2813 388 2837 n.
403 2809 457 2838 68.
480 2811 489 2825 ⁸
500 2808 595 2840 Luna
611 2819 631 2840 a
650 2808 796 2840 lucendo
812 2818 871 2840 no-

174 2851 302 2884 minata
315 2863 324 2884 :
342 2853 460 2886 eadem
473 2860 526 2888 est
537 2857 627 2889 enim
639 2858 777 2890 Lucina.
801 2857 871 2890 lta-

916 1562 1043 1599 que,ut
1057 1558 1147 1600 apud
1162 1559 1305 1591 Graecos
1317 1557 1464 1589 Dianam
1478 1566 1621 1599 eamque

916 1608 1123 1648 Luciferam,
1136 1609 1186 1641 sic
1199 1609 1289 1650 apud
1308 1613 1441 1640 nostros
1450 1608 1621 1641 Junonem

916 1659 1086 1691 Lucinam
1103 1659 1137 1691 in
1150 1659 1318 1700 pariendo
1331 1659 1504 1690 invocant.
1534 1659 1622 1691 Qnae

916 1709 1036 1742 eadem
1058 1709 1172 1741 Diana
1193 1710 1376 1749 omnivaga
1396 1708 1535 1749 dicitur,
1556 1718 1623 1739 non

916 1769 936 1791 a
952 1759 1123 1799 venando,
1145 1759 1206 1790 sed
1228 1758 1318 1800 quod
1345 1758 1379 1788 in
1406 1762 1540 1798 septem
1564 1767 1624 1789 nu-

917 1813 1068 1841 meratur
1085 1814 1246 1850 tanquam
1262 1807 1461 1847 vagantibus.
1514 1807 1625 1839 Diana

917 1859 1023 1899 dicta,
1049 1858 1128 1899 quia
1154 1862 1259 1889 noctu
1283 1858 1380 1898 quasi
1402 1856 1492 1888 diem
1510 1856 1623 1889 effice-

917 1913 983 1940 ret.
1029 1907 1224 1939 Adhibetur
1259 1911 1374 1938 autem
1409 1905 1451 1937 ad
1495 1911 1625 1947 partus,

915 1957 1005 2000 quod
1024 1958 1047 1989 ii
1065 1960 1298 1988 maturescunt
1313 1960 1372 1986 aut
1392 1960 1525 1996 septem
1542 1966 1625 1987 nou-

917 2017 1102 2049 nunquam,
1119 2012 1190 2047 aut,
1211 2011 1249 2038 ut
1266 2007 1482 2047 plerumque,
1502 2015 1624 2037 novem

918 2060 1022 2091 Lunae
1038 2058 1213 2090 cursibus:
1231 2057 1303 2098 qui,
1319 2056 1400 2097 quia
1415 2065 1531 2087 mensa
1547 2066 1625 2097 spa-

918 2107 969 2138 tia
982 2106 1181 2144 conficiunt,
1196 2114 1332 2137 menses
1347 2105 1590 2137 nominantur.’

960 2159 1003 2189 39
1018 2157 1208 2197 Prosperam
1214 2155 1367 2196 frugum]
1383 2156 1553 2196 Frugibus
1572 2167 1627 2187 ve-

919 2206 1061 2248 getandi
1091 2206 1159 2238 vim
1189 2207 1332 2238 humore
1372 2215 1434 2237 suo
1472 2206 1627 2247 impertit

922 2257 1032 2288 Luna.

965 2308 1005 2337 41
1025 2305 1210 2346 Nuptajam
1221 2305 1318 2342 dices,
1333 2305 1404 2347 ssa]
1422 2306 1507 2338 Cum
1518 2310 1627 2348 nupta

923 2355 1002 2387 olim
1019 2355 1099 2395 eris,
1115 2359 1186 2386 tum
1202 2363 1268 2386 non
1285 2354 1357 2386 sine
1371 2356 1496 2396 gaudio
1512 2356 1626 2387 dices:

924 2407 998 2448 Ego
1025 2406 1158 2447 pridem
1188 2406 1445 2439 adolescentula
1476 2411 1511 2438 et
1535 2407 1626 2446 virgo

924 2457 1068 2488 Carmen
1084 2457 1255 2488 Saeculare
1269 2457 1312 2488 ab
1325 2457 1474 2488 Horatio
1489 2465 1627 2496 compo-

923 2507 1023 2539 situm
1052 2507 1196 2539 recitavi
1224 2517 1302 2539 cum
1330 2506 1412 2537 meis
1432 2504 1628 2546 aequalibus.

923 2557 1001 2588 Hoc
1016 2556 1094 2588 ideo
1111 2556 1172 2595 ait,
1189 2556 1279 2597 quod
1300 2565 1342 2586 ea
1366 2555 1539 2586 veteribus
1555 2554 1628 2595 opi-

924 2607 981 2638 nio
995 2607 1197 2646 inoleverat,
1207 2606 1413 2637 connubium
1428 2605 1573 2636 celerius
1587 2614 1627 2636 ac

923 2656 1056 2688 felicius
1082 2656 1124 2687 iis
1149 2655 1341 2696 provenire,
1367 2664 1387 2685 a
1410 2655 1531 2696 quibus
1555 2654 1627 2685 Sae-

924 2707 1042 2738 culare
1067 2706 1224 2746 Carmen,
1246 2706 1281 2736 in
1303 2704 1463 2737 honorem
1493 2705 1628 2736 seilicet

925 2757 1096 2798 Apollinis
1120 2766 1160 2788 ac
1176 2755 1314 2794 Dianae,
1339 2755 1558 2787 decantatum
1575 2754 1626 2787 fu-

926 2808 1011 2840 isset
1026 2807 1060 2839 in
1078 2806 1180 2838 Ludis
1196 2806 1436 2839 Saecularibus.

970 2860 1013 2888 42
1050 2856 1172 2888 Soeculo
1200 2856 1306 2893 festas
1341 2855 1495 2895 referente
1531 2854 1626 2894 luces]
