1904 3256
397 271 481 312 788
871 287 914 321 Q.
944 282 1149 311 Hous'rn
1183 280 1351 310 misem

398 372 486 423 Qui
506 375 688 416 moechis
707 387 792 415 non
810 374 958 421 vultis,
979 375 1029 412 ut
1047 372 1160 412 omni
1180 376 1300 424 parte
1314 373 1536 426 laborent3

395 438 545 491 thue
566 440 651 480 illis
673 440 808 479 multo
829 440 1036 489 corrupta
1056 437 1207 477 dolore
1223 438 1444 491 voluptas,

394 503 543 556 Atque
565 505 658 544 haec
678 516 774 543 rara
794 503 924 542 cadat
943 502 1051 542 dura
1069 503 1183 542 inter
1196 515 1315 555 saepe
1333 505 1512 556 pericla.

395 568 486 609 Hic
507 581 554 608 se
576 568 846 619 praecipitem
866 571 985 608 tecto
1004 567 1148 607 dedit:
1179 568 1251 608 ille
1267 568 1452 620 flagellis

393 632 465 673 Ad
481 635 657 673 mortem
679 644 844 682 caesus;
873 631 1043 684 fugiens
1061 632 1132 672 hic
1151 632 1310 672 decidit
1328 646 1467 674 acrem

1759 508 1815 548 40

394 777 445 798 vos
459 768 510 807 qui
522 770 673 808 exoptatis
686 780 746 800 non
753 769 880 807 felicem
893 780 957 801 esse
971 771 1119 802 adulteris
1139 772 1269 810 exitum,
1288 781 1348 803 mm
1367 772 1513 812 poenitent
1534 774 1702 810 attendere,
1714 772 1815 812 quales

394 810 655 847 ‹erumnasserant
670 821 885 851 usquequaque,
899 816 929 843 et
943 813 1021 852 quod
1035 814 1173 852 voluptas
1186 813 1232 843 eis
1245 814 1362 844 eveniat
1374 815 1512 854 plurimis
1525 813 1732 845 anxietatibus
1746 822 1815 853 per-

395 849 530 887 turbata,
542 855 572 881 et
587 852 708 891 quidem
722 852 904 892 infrequens,
919 863 954 883 ac
967 853 1079 892 soepius
1093 864 1152 884 non
1167 854 1233 885 sine
1245 855 1392 892 gravibus
1404 854 1555 894 periculis.
1601 856 1686 894 Ergo
1697 855 1814 885 nucul-

395 893 470 920 tate.
514 892 580 923 Iste
594 893 721 924 moechus
733 903 750 924 e
764 897 842 924 tecto
856 904 887 925 se
899 894 1117 934 precipitavit.
1162 895 1349 936 Hicflagrin
1359 898 1521 928 mulctatus
1541 900 1587 928 est
1599 897 1640 927 ud
1651 905 1752 927 necem
1765 904 1815 926 ιω-

989 987 1006 998 0
1013 986 1223 999 00000000000

394 1067 446 1096 ap.
463 1058 568 1088 Zeun.
585 1063 618 1088 et
635 1058 875 1089 mamam-38
898 1058 1078 1090 Parodiam
1100 1059 1183 1091 hanc
1206 1069 1278 1090 esse
1303 1069 1344 1090 ex
1369 1060 1516 1091 versibus
1539 1060 1631 1092 hisce
1654 1060 1814 1091 Ennianis

394 1104 531 1130 monent
547 1099 764 1131 Scholiastoe:
788 1101 798 1118 ‘
812 1099 941 1131 Audire
965 1107 1016 1131 est
1035 1110 1146 1140 operae
1170 1101 1328 1140 pretium,
1343 1102 1526 1140 procedere
1541 1106 1634 1132 recte
1654 1101 1719 1133 Qui
1745 1111 1814 1132 rem

396 1140 590 1179 Romanam,
621 1142 818 1181 Latiumque
842 1150 1022 1180 augescere
1047 1141 1167 1172 vultis:
1218 1141 1315 1172 Unde
1339 1141 1440 1172 facile
1463 1147 1536 1172 erat
1561 1142 1724 1179 divinare,
1749 1152 1814 1181 quo

395 1181 532 1220 propior
553 1187 642 1212 esset
666 1188 702 1213 et
725 1182 907 1222 perfectior
922 1182 1078 1222 imitatio,
1092 1183 1141 1213 sic
1155 1182 1266 1222 potius
1280 1183 1454 1222 scripsisse
1466 1184 1639 1220 Nostrum,
1657 1184 1816 1222 procedere

392 1226 474 1252 recte
491 1223 554 1257 Qui
569 1224 694 1254 moechos
707 1233 766 1254 non
780 1224 883 1255 vultis.
927 1222 1041 1264 Atque
1065 1225 1112 1254 ita
1137 1228 1256 1263 postea
1278 1224 1387 1263 reperi
1409 1225 1441 1254 in
1466 1224 1581 1255 codice
1597 1223 1766 1259 Leidensi,
1780 1228 1817 1254 et

394 1263 427 1293 in
444 1264 625 1303 Excerptis
641 1265 842 1299 Bodleiauis.
858 1269 893 1296 et
908 1264 1048 1304 Collegii
1063 1265 1235 1296 Trinitatis
1248 1264 1364 1296 codice
1379 1274 1439 1304 pro
1455 1265 1548 1296 varia
1562 1266 1719 1303 lectione,
1734 1270 1768 1295 et
1781 1264 1814 1295 in

394 1304 573 1344 Reginensi
595 1315 614 1335 a
637 1315 735 1336 manu
751 1306 908 1337 secunda.
955 1307 1073 1346 Neque
1096 1307 1192 1337 aliter
1215 1306 1333 1345 legisse
1356 1305 1535 1343 Acronem,
1558 1316 1601 1337 ex
1623 1306 1698 1346 ejus
1719 1315 1815 1345 para-

394 1345 520 1384 phrasi,
535 1347 745 1386 quantumvis
762 1347 879 1385 inepta
904 1352 940 1378 et
965 1347 1120 1384 absurda,
1147 1347 1228 1378 licet
1253 1347 1529 1378 animadvertere.
1571 1347 1732 1387 ‘Operae,
1755 1347 1816 1385 ait,

395 1386 539 1424 pretium
555 1391 606 1417 est
629 1387 746 1418 audire
767 1388 924 1426 muschus,
941 1388 994 1427 qui
1013 1397 1078 1418 non
1095 1387 1195 1418 vultis
1211 1388 1395 1427 procedere
1417 1393 1510 1419 recte
1526 1389 1567 1419 ed
1584 1388 1819 1419 meretricem!

394 1427 515 1466 Porro,
531 1427 618 1468 quod
636 1427 676 1458 ad
692 1428 892 1458 sententiam
909 1429 1044 1466 attinet,
1059 1428 1175 1459 eodem
1191 1429 1323 1463 recidit,
1339 1428 1409 1459 sive
1423 1429 1550 1459 moechos
1563 1432 1643 1460 recte
1656 1429 1816 1468 procedere

396 1468 533 1503 dixeris,
547 1468 617 1499 sive
640 1472 721 1499 recte
733 1470 892 1508 procedere
905 1469 1038 1500 moechis.
1081 1469 1259 1500 Terentius
1274 1469 1420 1508 Adelph.
1436 1469 1514 1500 Act.
1528 1473 1563 1500 et
1575 1469 1674 1500 Scen.
1690 1469 1750 1499 nit.
1767 1479 1814 1500 vs.

395 1511 448 1539 22.
472 1509 589 1548 ‘Syre‚
617 1510 810 1548 processisti
833 1509 931 1541 hodie
957 1511 1092 1550 pulchre
1106 1510 1126 1541 ε’
1151 1510 1238 1549 quod
1265 1511 1405 1550 perinde
1430 1515 1493 1547 est,
1516 1521 1554 1542 ac
1576 1511 1736 1550 ‘pulchre
1754 1510 1815 1540 tibi

396 1549 495 1581 hodie
511 1550 718 1590 processit.''
740 1551 847 1582 Bentl.
890 1552 1018 1582 moechos
1032 1552 1132 1582 etiam
1149 1551 1288 1582 Ascens.
1304 1551 1447 1592 Cuning.
1469 1551 1615 1590 Francis,
1638 1550 1816 1590 Heindorf,

1042 1640 1179 1672 NOTIE

438 1704 480 1732 39
498 1702 650 1741 corrupta
662 1702 763 1733 dolore
773 1702 926 1743 voluptas]
938 1701 992 1732 Ad
1004 1701 1081 1741 Epi·
1136 1701 1290 1732 Attienus
1306 1711 1324 1732 a
1337 1701 1493 1740 Vibieno‚
1513 1701 1592 1732 item
1609 1701 1658 1732 M.
1674 1701 1814 1733 Pontius

396 1750 468 1781 curi
484 1754 628 1781 mentem
643 1750 807 1781 adulteria
823 1750 1002 1790 proscribit
1018 1759 1082 1781 non
1135 1760 1155 1781 a
1179 1750 1267 1782 Pub.
1293 1751 1414 1782 Cernio
1443 1750 1643 1791 deprehensi
1677 1750 1816 1782 castrati

395 1799 488 1829 velut
514 1799 638 1838 turpia,
661 1798 720 1828 sed
744 1799 838 1839 quasi
861 1807 1009 1829 remorae
1025 1807 1081 1829 vo·
1134 1799 1236 1838 suut‚'
1253 1801 1316 1830 ὅτε.

395 1846 548 1886 luptatis,
578 1846 707 1876 scilicet
740 1846 898 1886 periculis
923 1850 959 1876 et
986 1847 1081 1877 malis
1174 1846 1215 1883 Se
1238 1847 1429 1887 proecipitem
1453 1849 1531 1877 tecto
1551 1847 1649 1887 dedit]
1669 1846 1815 1887 Fugiens

396 1895 631 1933 circumsepta.
689 1894 862 1925 Praeelare
894 1894 1013 1930 Cicero
1048 1894 1082 1924 in

396 1943 522 1974 Anton.
544 1946 554 1960 ‘
569 1941 765 1977 Libidinosi,
786 1941 890 1980 avari,
905 1941 1087 1973 facinorosi

396 1999 486 2023 verse
503 1990 610 2020 laudis
623 1994 753 2028 gustum
766 1999 830 2021 non
845 1990 994 2021 habent!
1035 1990 1083 2023 At

398 2038 573 2069 debuisset
588 2038 744 2068 damnare
759 2039 876 2069 saltem
899 2043 937 2069 ut
955 2038 1081 2078 iniqua,

397 2091 432 2118 et
459 2086 574 2117 lumini
605 2087 749 2117 natm-ali
778 2086 941 2118 adversa:
971 2087 1080 2128 ‘quod

397 2135 458 2167 tibi
474 2136 559 2166 nolis
575 2134 660 2174 fieri,
677 2135 773 2166 alteri
793 2145 833 2166 ne
845 2134 992 2167 feceris-²

440 2187 480 2215 ss
504 2184 569 2215 Hic
595 2194 625 2216 se
653 2185 854 2224 proecipitem,
883 2185 951 2225 ξω]
990 2184 1080 2216 Quo-

397 2233 497 2272 niam,
522 2237 559 2264 ut
583 2242 657 2263 mox
673 2242 691 2263 e
709 2233 874 2264 Cicerone
889 2233 972 2273 dixi,
986 2234 1080 2264 luxu-

397 2281 476 2313 riosi
497 2290 563 2311 non
585 2281 754 2312 ducuntur
769 2291 881 2312 amore
905 2282 1002 2320 recti,
1017 2283 1080 2314 sal-

397 2333 465 2360 tem
483 2339 653 2369 poenarum
668 2335 760 2361 metu
775 2339 1007 2372 nonnunquam
1023 2331 1080 2362 de·

397 2382 579 2408 terrentur.
622 2377 697 2408 Val.
721 2377 814 2408 Μιικ.
837 2386 886 2409 vr.
912 2381 940 2407 1.
968 2387 1001 2409 n.
1029 2381 1079 2409 13.

398 2425 484 2457 ‘Sed
510 2430 549 2457 ut
574 2425 654 2465 eos,'
681 2426 800 2467 inquit,
823 2427 982 2457 ‘strictim
1005 2435 1078 2466 per-

397 2485 540 2514 curram,
555 2475 610 2516 qui
636 2475 670 2505 in
695 2475 894 2506 vindicanda
918 2475 1078 2516 pudicitia

397 2524 511 2555 dolore
526 2533 585 2555 suo
602 2533 660 2564 pro
675 2523 811 2563 publica
825 2524 899 2563 lege
914 2523 964 2554 usi
978 2527 1076 2555 sunt:

398 2575 572 2615 Sempron.
594 2575 712 2606 Musca
737 2575 777 2606 C.
792 2575 939 2607 Gallium
962 2575 1077 2615 depre-

397 2622 534 2656 hensum
551 2623 584 2653 in
599 2623 764 2654 adulterio
778 2621 918 2664 flagellis
935 2623 1075 2655 cecidit:

398 2672 436 2703 C.
451 2672 629 2702 Memmius
654 2672 693 2703 L.
717 2671 897 2703 Octavium
926 2673 1078 2703 similiter

395 2720 637 2761 deprehensum
653 2721 763 2752 nervis
775 2721 946 2753 contudit:
969 2719 1077 2752 Carbo

1133 1894 1294 1926 vindicem
1309 1895 1474 1926 maritum.

1173 1944 1232 1974 Ille
1247 1943 1388 1983 flagellis
1399 1944 1450 1974 Ad
1464 1947 1588 1974 mortem
1602 1944 1712 1984 cecus]
1737 1943 1815 1974 Gel-

1130 1992 1194 2022 lius
1208 2000 1297 2023 xvn.
1316 1995 1364 2023 18.
1379 2001 1421 2023 ex
1430 1992 1600 2024 Varrone:
1621 1992 1631 2009 ‘
1643 1993 1681 2023 C.
1691 1992 1814 2023 Sallus-

1132 2040 1198 2071 tius
1222 2041 1367 2080 scriptor
1395 2041 1490 2072 seriae
1517 2041 1604 2072 illius
1629 2045 1664 2072 et
1687 2050 1813 2072 severae

1132 2088 1304 2127 orationis,
1330 2089 1362 2119 in
1385 2089 1477 2129 cujus
1502 2089 1640 2121 historia
1664 2090 1814 2121 notiones

1134 2137 1309 2168 Censorias
1333 2138 1406 2168 fieri
1427 2142 1527 2179 atque
1549 2138 1700 2169 exerceri
1722 2138 1813 2169 vide-

1133 2194 1217 2223 mus,
1245 2184 1279 2214 in
1308 2185 1472 2216 adulterio
1502 2186 1742 2225 deprehensus,
1769 2186 1812 2216 ab

1134 2232 1242 2262 Annio
1258 2232 1385 2263 Milone
1395 2233 1486 2270 ‚loris
1507 2232 1593 2263 bene
1615 2241 1721 2263 caesus
1736 2236 1810 2264 est:

1133 2285 1169 2311 et
1183 2289 1258 2311 eum
1273 2280 1424 2311 dedisset
1444 2280 1616 2320 pecuniam
1635 2279 1812 2311 dimissus:

1133 2328 1226 2359 Idem
1253 2327 1359 2359 refert
1386 2328 1558 2358 Asconius.
1602 2327 1756 2360 Juvenal.
1772 2337 1810 2360 x.

1132 2381 1205 2410 311.
1229 2382 1238 2396 ‘
1250 2378 1308 2409 fiet
1322 2377 1454 2408 adulter
1465 2377 1635 2417 Publicus,
1645 2381 1680 2408 et
1695 2387 1810 2418 poenas

1132 2430 1262 2458 metuet
1281 2435 1503 2467 quascumque
1530 2426 1667 2456 maritus
1695 2426 1811 2466 Exigit

1131 2477 1234 2508 iratus
1248 2487 1256 2507 :
1280 2486 1341 2508 nec
1351 2477 1414 2508 erit
1427 2476 1558 2508 felicior
1571 2481 1660 2507 astro
1674 2476 1808 2518 Martis,

1131 2530 1169 2557 ut
1191 2525 1224 2556 in
1249 2525 1383 2565 laqueos
1408 2534 1573 2565 nunqnam
1592 2524 1718 2556 incidat
1733 2546 1742 2555 .
1755 2546 1764 2556 .
1777 2547 1786 2556 .
1799 2547 1808 2556 .

1130 2577 1230 2605 necat
1253 2574 1306 2604 hic
1328 2573 1437 2604 ferro:
1460 2578 1554 2604 secat
1578 2573 1634 2604 ille
1660 2574 1807 2604 cruentis

1130 2622 1354 2655 Verberibus:
1400 2621 1557 2663 quosdam
1593 2622 1737 2653 moechos
1771 2625 1808 2653 et

1130 2670 1260 2711 mugilis
1275 2670 1400 2702 intrat.¹
