<?xml version="1.0" encoding="UTF-8"?>
<!DOCTYPE html PUBLIC "-//W3C//DTD XHTML 1.0 Transitional//EN"
    "http://www.w3.org/TR/xhtml1/DTD/xhtml1-transitional.dtd">
<html xmlns="http://www.w3.org/1999/xhtml" xml:lang="en" lang="en">
 <head>
  <title>
</title>
<meta http-equiv="Content-Type" content="text/html;charset=utf-8" />
  <meta name='ocr-system' content='tesseract 3.04.00' />
  <meta name='ocr-capabilities' content='ocr_page ocr_carea ocr_par ocr_line ocrx_word'/>
</head>
<body>
  <div class='ocr_page' id='page_1' title='image "./operazeune02horauoft_0202.png"; bbox 0 0 1904 3256; ppageno 0'>
   <div class='ocr_carea' id='block_1_1' title="bbox 339 296 1289 348">
    <p class='ocr_par' dir='ltr' id='par_1_1' title="bbox 339 296 1289 348">
     <span class='ocr_line' id='line_1_1' title="bbox 339 296 1289 348; baseline -0.002 -12"><span class='ocrx_word' id='word_1_1' title='bbox 339 296 423 338; x_wconf 79' lang='lat'>742</span> <span class='ocrx_word' id='word_1_2' title='bbox 807 311 852 346; x_wconf 84' lang='lat' dir='ltr'>Q.</span> <span class='ocrx_word' id='word_1_3' title='bbox 881 307 1085 348; x_wconf 67' lang='lat' dir='ltr'>noRA‘rit</span> <span class='ocrx_word' id='word_1_4' title='bbox 1120 305 1289 336; x_wconf 47' lang='lat' dir='ltr'>Franco!</span> 
     </span>
    </p>
   </div>
   <div class='ocr_carea' id='block_1_2' title="bbox 562 396 1437 582">
    <p class='ocr_par' dir='ltr' id='par_1_2' title="bbox 562 396 1437 582">
     <span class='ocr_line' id='line_1_2' title="bbox 563 396 1326 444; baseline -0.004 -4"><span class='ocrx_word' id='word_1_5' title='bbox 563 399 779 440; x_wconf 84' lang='lat' dir='ltr'><strong>Lucidum</strong></span> <span class='ocrx_word' id='word_1_6' title='bbox 802 398 903 438; x_wconf 87' lang='lat' dir='ltr'>coeli</span> <span class='ocrx_word' id='word_1_7' title='bbox 924 397 1074 444; x_wconf 73' lang='lat' dir='ltr'>decue,</span> <span class='ocrx_word' id='word_1_8' title='bbox 1097 396 1136 437; x_wconf 94' lang='grc' dir='ltr'><strong>Ο</strong></span> <span class='ocrx_word' id='word_1_9' title='bbox 1157 397 1326 437; x_wconf 87' lang='lat' dir='ltr'>colendi</span> 
     </span>
     <span class='ocr_line' id='line_1_3' title="bbox 562 462 1437 516; baseline -0.005 -10"><span class='ocrx_word' id='word_1_10' title='bbox 562 466 742 516; x_wconf 85' lang='lat' dir='ltr'>Semper</span> <span class='ocrx_word' id='word_1_11' title='bbox 762 467 807 502; x_wconf 88' lang='lat' dir='ltr'>et</span> <span class='ocrx_word' id='word_1_12' title='bbox 826 462 950 511; x_wconf 87' lang='lat' dir='ltr'>culti,</span> <span class='ocrx_word' id='word_1_13' title='bbox 974 462 1072 503; x_wconf 82' lang='lat' dir='ltr'>date</span> <span class='ocrx_word' id='word_1_14' title='bbox 1093 475 1193 516; x_wconf 86' lang='lat' dir='ltr'>quae</span> <span class='ocrx_word' id='word_1_15' title='bbox 1214 475 1437 516; x_wconf 84' lang='lat' dir='ltr'>precamur</span> 
     </span>
     <span class='ocr_line' id='line_1_4' title="bbox 892 529 1306 582; baseline 0 -13"><span class='ocrx_word' id='word_1_16' title='bbox 892 529 1112 582; x_wconf 80' lang='lat' dir='ltr'>Tempore</span> <span class='ocrx_word' id='word_1_17' title='bbox 1134 529 1306 582; x_wconf 89' lang='lat' dir='ltr'>prisco;</span> 
     </span>
    </p>
   </div>
   <div class='ocr_carea' id='block_1_3' title="bbox 334 647 1760 752">
    <p class='ocr_par' dir='ltr' id='par_1_3' title="bbox 334 647 1760 752">
     <span class='ocr_line' id='line_1_5' title="bbox 334 647 1760 688; baseline -0.001 -9"><span class='ocrx_word' id='word_1_18' title='bbox 334 649 425 679; x_wconf 83' lang='lat' dir='ltr'>randi</span> <span class='ocrx_word' id='word_1_19' title='bbox 440 652 469 679; x_wconf 78' lang='lat' dir='ltr'>et</span> <span class='ocrx_word' id='word_1_20' title='bbox 485 648 637 688; x_wconf 79' lang='lat' dir='ltr'>honorati,</span> <span class='ocrx_word' id='word_1_21' title='bbox 653 647 806 678; x_wconf 83' lang='lat' dir='ltr'><em>concedite</em></span> <span class='ocrx_word' id='word_1_22' title='bbox 822 657 889 687; x_wconf 80' lang='lat' dir='ltr'>quae</span> <span class='ocrx_word' id='word_1_23' title='bbox 903 656 1047 686; x_wconf 76' lang='lat' dir='ltr'><strong><em>rogamus</em></strong></span> <span class='ocrx_word' id='word_1_24' title='bbox 1057 647 1166 679; x_wconf 76' lang='lat' dir='ltr'>diebus</span> <span class='ocrx_word' id='word_1_25' title='bbox 1178 648 1349 679; x_wconf 71' lang='lat' dir='ltr'><strong><em>solennibus</em></strong></span> <span class='ocrx_word' id='word_1_26' title='bbox 1360 649 1445 680; x_wconf 80' lang='lat' dir='ltr'>istis.-</span> <span class='ocrx_word' id='word_1_27' title='bbox 1461 647 1492 679; x_wconf 82' lang='lat' dir='ltr'>in</span> <span class='ocrx_word' id='word_1_28' title='bbox 1506 647 1611 688; x_wconf 76' lang='lat' dir='ltr'>quibus</span> <span class='ocrx_word' id='word_1_29' title='bbox 1624 647 1760 678; x_wconf 75' lang='lat' dir='ltr'>carmina</span> 
     </span>
     <span class='ocr_line' id='line_1_6' title="bbox 930 739 1162 752; baseline 0.004 -1"><span class='ocrx_word' id='word_1_30' title='bbox 930 739 950 751; x_wconf 62' lang='grc' dir='ltr'><em>Ο</em></span> <span class='ocrx_word' id='word_1_31' title='bbox 953 739 1162 752; x_wconf 63' lang='lat' dir='ltr'>OOOOOOOOOOO</span> 
     </span>
    </p>
   </div>
   <div class='ocr_carea' id='block_1_4' title="bbox 332 793 1762 1208">
    <p class='ocr_par' dir='ltr' id='par_1_4' title="bbox 332 793 1762 1208">
     <span class='ocr_line' id='line_1_7' title="bbox 334 793 1761 832; baseline -0.001 -9"><span class='ocrx_word' id='word_1_32' title='bbox 334 796 386 824; x_wconf 83' lang='lat'>21.</span> <span class='ocrx_word' id='word_1_33' title='bbox 421 794 593 824; x_wconf 75' lang='lat' dir='ltr'><em>concentus</em></span> <span class='ocrx_word' id='word_1_34' title='bbox 620 793 742 830; x_wconf 72' lang='lat' dir='ltr'>tertius,</span> <span class='ocrx_word' id='word_1_35' title='bbox 769 793 833 824; x_wconf 88' lang='lat' dir='ltr'>hoc</span> <span class='ocrx_word' id='word_1_36' title='bbox 858 798 1086 826; x_wconf 65' lang='lat' dir='ltr'>nostrum—4</span> <span class='ocrx_word' id='word_1_37' title='bbox 1108 795 1256 826; x_wconf 88' lang='lat' dir='ltr'>‘Omnes</span> <span class='ocrx_word' id='word_1_38' title='bbox 1283 795 1374 826; x_wconf 83' lang='lat' dir='ltr'><strong>Libri</strong></span> <span class='ocrx_word' id='word_1_39' title='bbox 1402 794 1589 825; x_wconf 81' lang='lat' dir='ltr'>habebant:</span> <span class='ocrx_word' id='word_1_40' title='bbox 1619 793 1761 832; x_wconf 78' lang='lat' dir='ltr'><strong><em>Tempore</em></strong></span> 
     </span>
     <span class='ocr_line' id='line_1_8' title="bbox 333 835 1758 876; baseline -0.001 -11"><span class='ocrx_word' id='word_1_41' title='bbox 333 845 431 873; x_wconf 80' lang='lat' dir='ltr'>sacro,</span> <span class='ocrx_word' id='word_1_42' title='bbox 447 845 506 864; x_wconf 87' lang='lat' dir='ltr'>nos</span> <span class='ocrx_word' id='word_1_43' title='bbox 525 840 635 866; x_wconf 87' lang='lat' dir='ltr'>tamen</span> <span class='ocrx_word' id='word_1_44' title='bbox 652 845 694 865; x_wconf 87' lang='lat' dir='ltr'>ex</span> <span class='ocrx_word' id='word_1_45' title='bbox 710 836 787 865; x_wconf 89' lang='lat' dir='ltr'>Vet.</span> <span class='ocrx_word' id='word_1_46' title='bbox 801 836 910 867; x_wconf 88' lang='lat' dir='ltr'>Schol.</span> <span class='ocrx_word' id='word_1_47' title='bbox 926 837 1133 875; x_wconf 84' lang='lat' dir='ltr'><strong>reposuimus</strong></span> <span class='ocrx_word' id='word_1_48' title='bbox 1149 837 1266 876; x_wconf 79' lang='lat' dir='ltr'>priseo.-</span> <span class='ocrx_word' id='word_1_49' title='bbox 1289 839 1298 854; x_wconf 93' lang='lat'>‘</span> <span class='ocrx_word' id='word_1_50' title='bbox 1312 838 1478 876; x_wconf 59' lang='lat' dir='ltr'>Tempore</span> <span class='ocrx_word' id='word_1_51' title='bbox 1490 835 1499 849; x_wconf 83' lang='lat'><em>&#39;</em></span> <span class='ocrx_word' id='word_1_52' title='bbox 1519 835 1623 866; x_wconf 79' lang='grc' dir='ltr'><strong>ἅπλῶς</strong></span> <span class='ocrx_word' id='word_1_53' title='bbox 1643 835 1758 865; x_wconf 86' lang='lat' dir='ltr'>dicun-</span> 
     </span>
     <span class='ocr_line' id='line_1_9' title="bbox 335 876 1760 918; baseline -0.001 -12"><span class='ocrx_word' id='word_1_54' title='bbox 335 882 390 906; x_wconf 85' lang='lat' dir='ltr'>tur</span> <span class='ocrx_word' id='word_1_55' title='bbox 412 878 421 893; x_wconf 79' lang='lat'><strong><em>⁴</em></strong></span> <span class='ocrx_word' id='word_1_56' title='bbox 436 876 554 906; x_wconf 87' lang='lat' dir='ltr'>Festa&#39;</span> <span class='ocrx_word' id='word_1_57' title='bbox 579 877 680 907; x_wconf 85' lang='lat' dir='ltr'>etiam</span> <span class='ocrx_word' id='word_1_58' title='bbox 704 876 828 908; x_wconf 90' lang='lat' dir='ltr'>Ovidio</span> <span class='ocrx_word' id='word_1_59' title='bbox 854 877 887 907; x_wconf 89' lang='lat' dir='ltr'>in</span> <span class='ocrx_word' id='word_1_60' title='bbox 915 878 1035 908; x_wconf 79' lang='lat' dir='ltr'>Fastis.</span> <span class='ocrx_word' id='word_1_61' title='bbox 1079 879 1234 909; x_wconf 81' lang='lat' dir='ltr'>Bentleio</span> <span class='ocrx_word' id='word_1_62' title='bbox 1251 879 1376 918; x_wconf 80' lang='lat' dir='ltr'>placuit</span> <span class='ocrx_word' id='word_1_63' title='bbox 1389 887 1485 915; x_wconf 83' lang='lat' dir='ltr'>sacro,</span> <span class='ocrx_word' id='word_1_64' title='bbox 1500 887 1541 907; x_wconf 88' lang='lat' dir='ltr'>ex</span> <span class='ocrx_word' id='word_1_65' title='bbox 1557 877 1760 916; x_wconf 77' lang='lat' dir='ltr'>interpreta-</span> 
     </span>
     <span class='ocr_line' id='line_1_10' title="bbox 335 917 1759 951; baseline 0.001 -5"><span class='ocrx_word' id='word_1_66' title='bbox 335 922 459 948; x_wconf 83' lang='lat' dir='ltr'>mento.</span> <span class='ocrx_word' id='word_1_67' title='bbox 504 917 633 949; x_wconf 85' lang='lat' dir='ltr'>Glossis</span> <span class='ocrx_word' id='word_1_68' title='bbox 660 918 802 949; x_wconf 81' lang='lat' dir='ltr'>maxime</span> <span class='ocrx_word' id='word_1_69' title='bbox 827 919 1016 950; x_wconf 71' lang='lat' dir='ltr'>delectatur</span> <span class='ocrx_word' id='word_1_70' title='bbox 1044 920 1242 951; x_wconf 65' lang='lat' dir='ltr'>Bennoius:</span> <span class='ocrx_word' id='word_1_71' title='bbox 1265 920 1363 951; x_wconf 77' lang='lat' dir='ltr'>anl.</span> <span class='ocrx_word' id='word_1_72' title='bbox 1408 920 1492 950; x_wconf 83' lang='lat' dir='ltr'>Exc.</span> <span class='ocrx_word' id='word_1_73' title='bbox 1518 920 1594 948; x_wconf 76' lang='lat' dir='ltr'>Sax.</span> <span class='ocrx_word' id='word_1_74' title='bbox 1616 917 1759 948; x_wconf 88' lang='lat' dir='ltr'>Gesneri</span> 
     </span>
     <span class='ocr_line' id='line_1_11' title="bbox 333 958 1759 1000; baseline 0 -13"><span class='ocrx_word' id='word_1_75' title='bbox 333 958 436 990; x_wconf 85' lang='lat' dir='ltr'>habet</span> <span class='ocrx_word' id='word_1_76' title='bbox 450 959 548 990; x_wconf 84' lang='lat' dir='ltr'>etiam</span> <span class='ocrx_word' id='word_1_77' title='bbox 563 962 686 998; x_wconf 77' lang='lat' dir='ltr'>prisco,-</span> <span class='ocrx_word' id='word_1_78' title='bbox 708 964 743 990; x_wconf 89' lang='lat' dir='ltr'>et</span> <span class='ocrx_word' id='word_1_79' title='bbox 758 960 805 991; x_wconf 87' lang='lat' dir='ltr'>sic</span> <span class='ocrx_word' id='word_1_80' title='bbox 828 961 965 991; x_wconf 81' lang='lat' dir='ltr'>edidere</span> <span class='ocrx_word' id='word_1_81' title='bbox 987 961 1090 992; x_wconf 86' lang='lat' dir='ltr'>Gesn.</span> <span class='ocrx_word' id='word_1_82' title='bbox 1107 961 1212 992; x_wconf 86' lang='lat' dir='ltr'>Zeun.</span> <span class='ocrx_word' id='word_1_83' title='bbox 1231 962 1370 1000; x_wconf 87' lang='lat' dir='ltr'>Bipont.</span> <span class='ocrx_word' id='word_1_84' title='bbox 1386 967 1420 991; x_wconf 89' lang='lat' dir='ltr'>et</span> <span class='ocrx_word' id='word_1_85' title='bbox 1437 960 1553 991; x_wconf 91' lang='lat' dir='ltr'>Comb.</span> <span class='ocrx_word' id='word_1_86' title='bbox 1597 960 1607 977; x_wconf 92' lang='lat'>‘</span> <span class='ocrx_word' id='word_1_87' title='bbox 1623 960 1759 990; x_wconf 82' lang='lat' dir='ltr'>Utinam</span> 
     </span>
     <span class='ocr_line' id='line_1_12' title="bbox 333 1000 1762 1042; baseline 0 -12"><span class='ocrx_word' id='word_1_88' title='bbox 333 1000 468 1031; x_wconf 81' lang='lat' dir='ltr'>tandem</span> <span class='ocrx_word' id='word_1_89' title='bbox 487 1010 618 1032; x_wconf 81' lang='lat' dir='ltr'>causam</span> <span class='ocrx_word' id='word_1_90' title='bbox 636 1002 871 1041; x_wconf 72' lang='lat' dir='ltr'>intelligerem,</span> <span class='ocrx_word' id='word_1_91' title='bbox 893 1012 952 1033; x_wconf 88' lang='lat' dir='ltr'>cur</span> <span class='ocrx_word' id='word_1_92' title='bbox 965 1003 1145 1033; x_wconf 84' lang='lat' dir='ltr'>maluerint</span> <span class='ocrx_word' id='word_1_93' title='bbox 1161 1003 1217 1033; x_wconf 78' lang='lat' dir='ltr'>alii</span> <span class='ocrx_word' id='word_1_94' title='bbox 1229 1003 1341 1042; x_wconf 79' lang='lat' dir='ltr'>prisco.</span> <span class='ocrx_word' id='word_1_95' title='bbox 1385 1003 1431 1040; x_wconf 92' lang='lat' dir='ltr'>Si,</span> <span class='ocrx_word' id='word_1_96' title='bbox 1447 1001 1676 1042; x_wconf 75' lang='lat' dir='ltr'>praejudicatis</span> <span class='ocrx_word' id='word_1_97' title='bbox 1693 1000 1762 1039; x_wconf 88' lang='lat' dir='ltr'>opi-</span> 
     </span>
     <span class='ocr_line' id='line_1_13' title="bbox 332 1042 1761 1082; baseline -0.001 -10"><span class='ocrx_word' id='word_1_98' title='bbox 332 1042 486 1073; x_wconf 87' lang='lat' dir='ltr'>nionibus</span> <span class='ocrx_word' id='word_1_99' title='bbox 503 1043 656 1082; x_wconf 83' lang='lat' dir='ltr'>abjectis,</span> <span class='ocrx_word' id='word_1_100' title='bbox 671 1053 740 1073; x_wconf 89' lang='lat' dir='ltr'>rem</span> <span class='ocrx_word' id='word_1_101' title='bbox 754 1043 1111 1082; x_wconf 82' lang='lat' dir='ltr'>consideres‚videbis,</span> <span class='ocrx_word' id='word_1_102' title='bbox 1125 1045 1248 1075; x_wconf 82' lang='lat' dir='ltr'>nullum</span> <span class='ocrx_word' id='word_1_103' title='bbox 1262 1045 1348 1074; x_wconf 86' lang='lat' dir='ltr'>aliud</span> <span class='ocrx_word' id='word_1_104' title='bbox 1363 1044 1500 1074; x_wconf 84' lang='lat' dir='ltr'>verbum</span> <span class='ocrx_word' id='word_1_105' title='bbox 1511 1044 1620 1074; x_wconf 92' lang='lat' dir='ltr'>locum</span> <span class='ocrx_word' id='word_1_106' title='bbox 1637 1042 1761 1072; x_wconf 83' lang='lat' dir='ltr'>habere</span> 
     </span>
     <span class='ocr_line' id='line_1_14' title="bbox 334 1084 1761 1124; baseline -0.001 -11"><span class='ocrx_word' id='word_1_107' title='bbox 334 1093 448 1122; x_wconf 84' lang='lat' dir='ltr'>posse.</span> <span class='ocrx_word' id='word_1_108' title='bbox 490 1085 577 1114; x_wconf 92' lang='lat' dir='ltr'>Illud</span> <span class='ocrx_word' id='word_1_109' title='bbox 602 1086 704 1124; x_wconf 81' lang='lat' dir='ltr'>prisco</span> <span class='ocrx_word' id='word_1_110' title='bbox 720 1085 845 1116; x_wconf 87' lang='lat' dir='ltr'>nullum</span> <span class='ocrx_word' id='word_1_111' title='bbox 871 1095 1003 1115; x_wconf 87' lang='lat' dir='ltr'>sensum</span> <span class='ocrx_word' id='word_1_112' title='bbox 1025 1085 1139 1116; x_wconf 81' lang='lat' dir='ltr'>habet.</span> <span class='ocrx_word' id='word_1_113' title='bbox 1183 1086 1284 1116; x_wconf 83' lang='lat' dir='ltr'>Certe</span> <span class='ocrx_word' id='word_1_114' title='bbox 1300 1085 1443 1116; x_wconf 85' lang='lat' dir='ltr'>difficilis</span> <span class='ocrx_word' id='word_1_115' title='bbox 1465 1086 1527 1116; x_wconf 83' lang='lat' dir='ltr'>lioc</span> <span class='ocrx_word' id='word_1_116' title='bbox 1549 1084 1652 1114; x_wconf 91' lang='lat' dir='ltr'>verbo</span> <span class='ocrx_word' id='word_1_117' title='bbox 1667 1084 1761 1114; x_wconf 86' lang='lat' dir='ltr'>locus</span> 
     </span>
     <span class='ocr_line' id='line_1_15' title="bbox 334 1122 1759 1167; baseline 0 -13"><span class='ocrx_word' id='word_1_118' title='bbox 334 1125 500 1165; x_wconf 83' lang='lat' dir='ltr'>redditur,</span> <span class='ocrx_word' id='word_1_119' title='bbox 516 1128 585 1156; x_wconf 87' lang='lat' dir='ltr'>sine</span> <span class='ocrx_word' id='word_1_120' title='bbox 601 1127 827 1157; x_wconf 64' lang='lat' dir='ltr'>necessitate!</span> <span class='ocrx_word' id='word_1_121' title='bbox 849 1128 956 1157; x_wconf 76' lang='lat' dir='ltr'>Klotz.</span> <span class='ocrx_word' id='word_1_122' title='bbox 999 1122 1085 1157; x_wconf 59' lang='lat' dir='ltr'>sacr‘o</span> <span class='ocrx_word' id='word_1_123' title='bbox 1101 1126 1286 1167; x_wconf 69' lang='lat' dir='ltr'>praefemnt</span> <span class='ocrx_word' id='word_1_124' title='bbox 1304 1127 1400 1157; x_wconf 79' lang='lat' dir='ltr'>Harl.</span> <span class='ocrx_word' id='word_1_125' title='bbox 1418 1130 1446 1157; x_wconf 83' lang='lat' dir='ltr'>l.</span> <span class='ocrx_word' id='word_1_126' title='bbox 1461 1129 1493 1157; x_wconf 81' lang='lat'>2.</span> <span class='ocrx_word' id='word_1_127' title='bbox 1506 1129 1536 1156; x_wconf 79' lang='grc'>3.</span> <span class='ocrx_word' id='word_1_128' title='bbox 1550 1128 1582 1156; x_wconf 79' lang='grc'>4.</span> <span class='ocrx_word' id='word_1_129' title='bbox 1595 1128 1628 1155; x_wconf 83' lang='grc'>6.</span> <span class='ocrx_word' id='word_1_130' title='bbox 1643 1130 1679 1155; x_wconf 84' lang='lat' dir='ltr'>et</span> <span class='ocrx_word' id='word_1_131' title='bbox 1691 1133 1759 1155; x_wconf 90' lang='lat' dir='ltr'>om·</span> 
     </span>
     <span class='ocr_line' id='line_1_16' title="bbox 332 1166 1761 1208; baseline 0 -12"><span class='ocrx_word' id='word_1_132' title='bbox 332 1175 391 1197; x_wconf 84' lang='lat' dir='ltr'>nes</span> <span class='ocrx_word' id='word_1_133' title='bbox 413 1167 481 1207; x_wconf 80' lang='lat' dir='ltr'>alii,</span> <span class='ocrx_word' id='word_1_134' title='bbox 504 1167 584 1198; x_wconf 90' lang='lat' dir='ltr'>item</span> <span class='ocrx_word' id='word_1_135' title='bbox 607 1168 683 1199; x_wconf 83' lang='lat' dir='ltr'>edd.</span> <span class='ocrx_word' id='word_1_136' title='bbox 698 1172 776 1199; x_wconf 83' lang='lat' dir='ltr'>ante</span> <span class='ocrx_word' id='word_1_137' title='bbox 792 1169 894 1199; x_wconf 83' lang='lat' dir='ltr'>Baxt.</span> <span class='ocrx_word' id='word_1_138' title='bbox 912 1178 986 1199; x_wconf 90' lang='lat' dir='ltr'>cum</span> <span class='ocrx_word' id='word_1_139' title='bbox 1003 1168 1115 1199; x_wconf 88' lang='lat' dir='ltr'>Bentl.</span> <span class='ocrx_word' id='word_1_140' title='bbox 1133 1168 1256 1199; x_wconf 79' lang='lat' dir='ltr'>Sanad.</span> <span class='ocrx_word' id='word_1_141' title='bbox 1271 1168 1415 1208; x_wconf 85' lang='lat' dir='ltr'>Cuning.</span> <span class='ocrx_word' id='word_1_142' title='bbox 1439 1167 1593 1206; x_wconf 75' lang='lat' dir='ltr'>Francis,</span> <span class='ocrx_word' id='word_1_143' title='bbox 1613 1166 1761 1201; x_wconf 83' lang='lat' dir='ltr'>Towers.</span> 
     </span>
    </p>
   </div>
   <div class='ocr_carea' id='block_1_5' title="bbox 975 1261 1118 1295">
    <p class='ocr_par' dir='ltr' id='par_1_5' title="bbox 975 1261 1118 1295">
     <span class='ocr_line' id='line_1_17' title="bbox 975 1261 1118 1295; baseline -0.021 0"><span class='ocrx_word' id='word_1_144' title='bbox 975 1261 1118 1295; x_wconf 81' lang='lat' dir='ltr'>NOTAE</span> 
     </span>
    </p>
   </div>
   <div class='ocr_carea' id='block_1_6' title="bbox 331 1324 1027 2839">
    <p class='ocr_par' dir='ltr' id='par_1_6' title="bbox 331 1324 1027 2839">
     <span class='ocr_line' id='line_1_18' title="bbox 333 1324 1022 1368; baseline 0.004 -13"><span class='ocrx_word' id='word_1_145' title='bbox 333 1324 497 1366; x_wconf 81' lang='lat' dir='ltr'>ediderat,</span> <span class='ocrx_word' id='word_1_146' title='bbox 530 1327 677 1366; x_wconf 86' lang='lat' dir='ltr'>spectati</span> <span class='ocrx_word' id='word_1_147' title='bbox 712 1330 807 1358; x_wconf 84' lang='lat' dir='ltr'>sunt.</span> <span class='ocrx_word' id='word_1_148' title='bbox 822 1348 829 1357; x_wconf 94' lang='lat'>.</span> <span class='ocrx_word' id='word_1_149' title='bbox 844 1326 1022 1368; x_wconf 87' lang='lat' dir='ltr'>.(sedente</span> 
     </span>
     <span class='ocr_line' id='line_1_19' title="bbox 331 1374 1021 1416; baseline 0.003 -12"><span class='ocrx_word' id='word_1_150' title='bbox 331 1374 473 1405; x_wconf 82' lang='lat' dir='ltr'>Claudio</span> <span class='ocrx_word' id='word_1_151' title='bbox 488 1375 702 1405; x_wconf 81' lang='lat' dir='ltr'>Circensibus</span> <span class='ocrx_word' id='word_1_152' title='bbox 718 1375 831 1414; x_wconf 89' lang='lat' dir='ltr'>Ludis,</span> <span class='ocrx_word' id='word_1_153' title='bbox 845 1375 925 1416; x_wconf 66' lang='grc' dir='ltr'>διο.)</span> <span class='ocrx_word' id='word_1_154' title='bbox 951 1378 1021 1406; x_wconf 93' lang='lat' dir='ltr'>Do-</span> 
     </span>
     <span class='ocr_line' id='line_1_20' title="bbox 331 1423 1020 1462; baseline 0.004 -10"><span class='ocrx_word' id='word_1_155' title='bbox 331 1423 489 1453; x_wconf 86' lang='lat' dir='ltr'>mitianus</span> <span class='ocrx_word' id='word_1_156' title='bbox 505 1432 635 1462; x_wconf 85' lang='lat' dir='ltr'>quoque</span> <span class='ocrx_word' id='word_1_157' title='bbox 652 1423 760 1453; x_wconf 88' lang='lat' dir='ltr'>edidit</span> <span class='ocrx_word' id='word_1_158' title='bbox 778 1424 889 1454; x_wconf 91' lang='lat' dir='ltr'>Ludos</span> <span class='ocrx_word' id='word_1_159' title='bbox 907 1425 1020 1455; x_wconf 64' lang='lat' dir='ltr'>Samu-</span> 
     </span>
     <span class='ocr_line' id='line_1_21' title="bbox 331 1471 1019 1512; baseline 0.001 -10"><span class='ocrx_word' id='word_1_160' title='bbox 331 1472 440 1502; x_wconf 84' lang='lat' dir='ltr'>lares:</span> <span class='ocrx_word' id='word_1_161' title='bbox 465 1471 569 1512; x_wconf 87' lang='lat' dir='ltr'>iisque</span> <span class='ocrx_word' id='word_1_162' title='bbox 589 1473 751 1502; x_wconf 79' lang='lat' dir='ltr'>attentius</span> <span class='ocrx_word' id='word_1_163' title='bbox 769 1471 847 1502; x_wconf 81' lang='lat' dir='ltr'>affui</span> <span class='ocrx_word' id='word_1_164' title='bbox 863 1473 1019 1503; x_wconf 81' lang='lat' dir='ltr'>sacerdo-</span> 
     </span>
     <span class='ocr_line' id='line_1_22' title="bbox 332 1520 1018 1560; baseline 0.003 -10"><span class='ocrx_word' id='word_1_165' title='bbox 332 1521 380 1551; x_wconf 86' lang='lat' dir='ltr'>tio</span> <span class='ocrx_word' id='word_1_166' title='bbox 395 1520 691 1552; x_wconf 80' lang='lat' dir='ltr'>Quindecimvirali</span> <span class='ocrx_word' id='word_1_167' title='bbox 708 1521 882 1560; x_wconf 87' lang='lat' dir='ltr'>praeditus,</span> <span class='ocrx_word' id='word_1_168' title='bbox 894 1531 932 1552; x_wconf 80' lang='lat' dir='ltr'>ac</span> <span class='ocrx_word' id='word_1_169' title='bbox 949 1526 1018 1552; x_wconf 89' lang='lat' dir='ltr'>tum</span> 
     </span>
     <span class='ocr_line' id='line_1_23' title="bbox 332 1568 1019 1608; baseline 0.001 -9"><span class='ocrx_word' id='word_1_170' title='bbox 332 1569 479 1600; x_wconf 76' lang='lat' dir='ltr'>Praetor.</span> <span class='ocrx_word' id='word_1_171' title='bbox 515 1568 612 1601; x_wconf 82' lang='lat' dir='ltr'>Quod</span> <span class='ocrx_word' id='word_1_172' title='bbox 631 1578 693 1599; x_wconf 92' lang='lat' dir='ltr'>non</span> <span class='ocrx_word' id='word_1_173' title='bbox 705 1569 874 1608; x_wconf 74' lang='lat' dir='ltr'>jactantia</span> <span class='ocrx_word' id='word_1_174' title='bbox 890 1569 1019 1600; x_wconf 87' lang='lat' dir='ltr'>refero:</span> 
     </span>
     <span class='ocr_line' id='line_1_24' title="bbox 333 1618 1024 1658; baseline 0.001 -9"><span class='ocrx_word' id='word_1_175' title='bbox 333 1618 392 1649; x_wconf 85' lang='lat' dir='ltr'>sed</span> <span class='ocrx_word' id='word_1_176' title='bbox 427 1618 505 1658; x_wconf 84' lang='lat' dir='ltr'>quia</span> <span class='ocrx_word' id='word_1_177' title='bbox 542 1618 684 1657; x_wconf 82' lang='lat' dir='ltr'>collegio</span> <span class='ocrx_word' id='word_1_178' title='bbox 714 1619 1024 1650; x_wconf 86' lang='lat' dir='ltr'>Quindecimvirum</span> 
     </span>
     <span class='ocr_line' id='line_1_25' title="bbox 334 1668 1022 1707; baseline 0.001 -9"><span class='ocrx_word' id='word_1_179' title='bbox 334 1668 524 1707; x_wconf 83' lang='lat' dir='ltr'>antiquitus</span> <span class='ocrx_word' id='word_1_180' title='bbox 551 1676 593 1697; x_wconf 83' lang='lat' dir='ltr'>ea</span> <span class='ocrx_word' id='word_1_181' title='bbox 622 1676 721 1704; x_wconf 84' lang='lat' dir='ltr'>cura;</span> <span class='ocrx_word' id='word_1_182' title='bbox 745 1671 781 1697; x_wconf 87' lang='lat' dir='ltr'>et</span> <span class='ocrx_word' id='word_1_183' title='bbox 807 1668 1022 1706; x_wconf 71' lang='lat' dir='ltr'>magistratus</span> 
     </span>
     <span class='ocr_line' id='line_1_26' title="bbox 332 1715 1023 1758; baseline 0.001 -11"><span class='ocrx_word' id='word_1_184' title='bbox 332 1717 541 1758; x_wconf 84' lang='lat' dir='ltr'>potissimum</span> <span class='ocrx_word' id='word_1_185' title='bbox 558 1716 814 1757; x_wconf 83' lang='lat' dir='ltr'>exequebantur</span> <span class='ocrx_word' id='word_1_186' title='bbox 833 1715 943 1748; x_wconf 89' lang='lat' dir='ltr'>officia</span> <span class='ocrx_word' id='word_1_187' title='bbox 959 1727 1023 1748; x_wconf 57' lang='lat' dir='ltr'>‹³ae-</span> 
     </span>
     <span class='ocr_line' id='line_1_27' title="bbox 332 1765 1022 1807; baseline -0.001 -11"><span class='ocrx_word' id='word_1_188' title='bbox 332 1765 570 1796; x_wconf 68' lang='lat' dir='ltr'>rimontarum!</span> <span class='ocrx_word' id='word_1_189' title='bbox 613 1766 753 1796; x_wconf 86' lang='lat' dir='ltr'>Sueton.</span> <span class='ocrx_word' id='word_1_190' title='bbox 790 1766 909 1798; x_wconf 88' lang='lat' dir='ltr'>Claud.</span> <span class='ocrx_word' id='word_1_191' title='bbox 945 1776 1022 1807; x_wconf 84' lang='lat' dir='ltr'>cap.</span> 
     </span>
     <span class='ocr_line' id='line_1_28' title="bbox 331 1814 1022 1855; baseline 0.003 -11"><span class='ocrx_word' id='word_1_192' title='bbox 331 1817 384 1845; x_wconf 79' lang='lat'>21.</span> <span class='ocrx_word' id='word_1_193' title='bbox 407 1817 416 1831; x_wconf 90' lang='lat'>‘</span> <span class='ocrx_word' id='word_1_194' title='bbox 430 1814 524 1844; x_wconf 88' lang='lat' dir='ltr'>Fecit</span> <span class='ocrx_word' id='word_1_195' title='bbox 541 1819 576 1845; x_wconf 90' lang='lat' dir='ltr'>et</span> <span class='ocrx_word' id='word_1_196' title='bbox 591 1815 776 1845; x_wconf 66' lang='lat' dir='ltr'>Saeculares</span> <span class='ocrx_word' id='word_1_197' title='bbox 792 1815 904 1845; x_wconf 87' lang='lat' dir='ltr'>Ludos</span> <span class='ocrx_word' id='word_1_198' title='bbox 927 1816 1022 1855; x_wconf 86' lang='lat' dir='ltr'>quasi</span> 
     </span>
     <span class='ocr_line' id='line_1_29' title="bbox 333 1862 1021 1903; baseline 0 -9"><span class='ocrx_word' id='word_1_199' title='bbox 333 1862 539 1902; x_wconf 80' lang='lat' dir='ltr'>anticipatos</span> <span class='ocrx_word' id='word_1_200' title='bbox 556 1863 598 1893; x_wconf 78' lang='lat' dir='ltr'>ab</span> <span class='ocrx_word' id='word_1_201' title='bbox 614 1863 781 1903; x_wconf 85' lang='lat' dir='ltr'>Augusto,</span> <span class='ocrx_word' id='word_1_202' title='bbox 796 1873 858 1894; x_wconf 85' lang='lat' dir='ltr'>nec</span> <span class='ocrx_word' id='word_1_203' title='bbox 874 1864 1021 1903; x_wconf 85' lang='lat' dir='ltr'>legitimo</span> 
     </span>
     <span class='ocr_line' id='line_1_30' title="bbox 331 1912 1020 1952; baseline 0 -10"><span class='ocrx_word' id='word_1_204' title='bbox 331 1913 475 1951; x_wconf 83' lang='lat' dir='ltr'>tempori</span> <span class='ocrx_word' id='word_1_205' title='bbox 501 1917 712 1942; x_wconf 82' lang='lat' dir='ltr'>reservatos:</span> <span class='ocrx_word' id='word_1_206' title='bbox 737 1913 886 1952; x_wconf 75' lang='lat' dir='ltr'>quumvis</span> <span class='ocrx_word' id='word_1_207' title='bbox 903 1912 1020 1952; x_wconf 79' lang='lat' dir='ltr'>ipsein</span> 
     </span>
     <span class='ocr_line' id='line_1_31' title="bbox 332 1960 1021 2000; baseline -0.004 -7"><span class='ocrx_word' id='word_1_208' title='bbox 332 1961 479 1993; x_wconf 80' lang='lat' dir='ltr'>historiis</span> <span class='ocrx_word' id='word_1_209' title='bbox 502 1961 567 1991; x_wconf 88' lang='lat' dir='ltr'>suis</span> <span class='ocrx_word' id='word_1_210' title='bbox 584 1960 718 2000; x_wconf 87' lang='lat' dir='ltr'>prodat,</span> <span class='ocrx_word' id='word_1_211' title='bbox 734 1961 941 1991; x_wconf 87' lang='lat' dir='ltr'>intermissos</span> <span class='ocrx_word' id='word_1_212' title='bbox 965 1969 1021 1991; x_wconf 84' lang='lat' dir='ltr'>eos</span> 
     </span>
     <span class='ocr_line' id='line_1_32' title="bbox 331 2009 1021 2050; baseline -0.001 -9"><span class='ocrx_word' id='word_1_213' title='bbox 331 2010 520 2050; x_wconf 74' lang='lat' dir='ltr'>Augustum</span> <span class='ocrx_word' id='word_1_214' title='bbox 538 2010 642 2040; x_wconf 89' lang='lat' dir='ltr'>multo</span> <span class='ocrx_word' id='word_1_215' title='bbox 659 2014 749 2049; x_wconf 88' lang='lat' dir='ltr'>post,</span> <span class='ocrx_word' id='word_1_216' title='bbox 765 2009 1021 2048; x_wconf 84' lang='lat' dir='ltr'>diligentissime</span> 
     </span>
     <span class='ocr_line' id='line_1_33' title="bbox 335 2057 1020 2092; baseline -0.003 -2"><span class='ocrx_word' id='word_1_217' title='bbox 335 2068 495 2090; x_wconf 80' lang='lat' dir='ltr'>annorum</span> <span class='ocrx_word' id='word_1_218' title='bbox 522 2059 652 2090; x_wconf 80' lang='lat' dir='ltr'>ratione</span> <span class='ocrx_word' id='word_1_219' title='bbox 679 2057 857 2092; x_wconf 86' lang='lat' dir='ltr'>subducta,</span> <span class='ocrx_word' id='word_1_220' title='bbox 880 2058 911 2088; x_wconf 87' lang='lat' dir='ltr'>in</span> <span class='ocrx_word' id='word_1_221' title='bbox 932 2058 1020 2089; x_wconf 89' lang='lat' dir='ltr'>ordi-</span> 
     </span>
     <span class='ocr_line' id='line_1_34' title="bbox 335 2107 1024 2147; baseline 0 -9"><span class='ocrx_word' id='word_1_222' title='bbox 335 2117 409 2139; x_wconf 88' lang='lat' dir='ltr'>nem</span> <span class='ocrx_word' id='word_1_223' title='bbox 428 2108 611 2147; x_wconf 78' lang='lat' dir='ltr'>redegisse.</span> <span class='ocrx_word' id='word_1_224' title='bbox 647 2107 760 2138; x_wconf 80' lang='lat' dir='ltr'>Quare</span> <span class='ocrx_word' id='word_1_225' title='bbox 778 2116 842 2137; x_wconf 89' lang='lat' dir='ltr'>vox</span> <span class='ocrx_word' id='word_1_226' title='bbox 858 2108 1024 2146; x_wconf 79' lang='lat' dir='ltr'>praecouis</span> 
     </span>
     <span class='ocr_line' id='line_1_35' title="bbox 334 2157 1025 2199; baseline 0.003 -11"><span class='ocrx_word' id='word_1_227' title='bbox 334 2158 432 2189; x_wconf 77' lang='lat' dir='ltr'>irrisa</span> <span class='ocrx_word' id='word_1_228' title='bbox 447 2157 523 2197; x_wconf 86' lang='lat' dir='ltr'>est,&#39;</span> <span class='ocrx_word' id='word_1_229' title='bbox 537 2158 707 2199; x_wconf 82' lang='lat' dir='ltr'>(observa,</span> <span class='ocrx_word' id='word_1_230' title='bbox 722 2158 844 2197; x_wconf 88' lang='lat' dir='ltr'>lector,</span> <span class='ocrx_word' id='word_1_231' title='bbox 859 2159 958 2189; x_wconf 89' lang='lat' dir='ltr'>ritum</span> <span class='ocrx_word' id='word_1_232' title='bbox 975 2169 1025 2190; x_wconf 87' lang='lat' dir='ltr'>so-</span> 
     </span>
     <span class='ocr_line' id='line_1_36' title="bbox 334 2206 1025 2247; baseline 0 -8"><span class='ocrx_word' id='word_1_233' title='bbox 334 2206 498 2247; x_wconf 85' lang='lat' dir='ltr'>lennen1,)</span> <span class='ocrx_word' id='word_1_234' title='bbox 511 2211 519 2225; x_wconf 77' lang='lat'>⁸</span> <span class='ocrx_word' id='word_1_235' title='bbox 533 2207 706 2237; x_wconf 86' lang='lat' dir='ltr'>invitantis</span> <span class='ocrx_word' id='word_1_236' title='bbox 729 2215 821 2237; x_wconf 82' lang='lat' dir='ltr'>more</span> <span class='ocrx_word' id='word_1_237' title='bbox 837 2208 968 2238; x_wconf 85' lang='lat' dir='ltr'>solenni</span> <span class='ocrx_word' id='word_1_238' title='bbox 983 2208 1025 2239; x_wconf 85' lang='lat' dir='ltr'>ad</span> 
     </span>
     <span class='ocr_line' id='line_1_37' title="bbox 334 2257 1025 2298; baseline 0 -10"><span class='ocrx_word' id='word_1_239' title='bbox 334 2257 443 2293; x_wconf 81' lang='lat' dir='ltr'>ludos,</span> <span class='ocrx_word' id='word_1_240' title='bbox 458 2266 540 2298; x_wconf 86' lang='lat' dir='ltr'>quos</span> <span class='ocrx_word' id='word_1_241' title='bbox 558 2266 620 2287; x_wconf 88' lang='lat' dir='ltr'>nec</span> <span class='ocrx_word' id='word_1_242' title='bbox 636 2260 824 2295; x_wconf 84' lang='lat' dir='ltr'>spectasset</span> <span class='ocrx_word' id='word_1_243' title='bbox 839 2257 1025 2298; x_wconf 86' lang='lat' dir='ltr'>quisquam,</span> 
     </span>
     <span class='ocr_line' id='line_1_38' title="bbox 334 2311 1025 2348; baseline -0.001 -9"><span class='ocrx_word' id='word_1_244' title='bbox 334 2317 398 2339; x_wconf 87' lang='lat' dir='ltr'>nec</span> <span class='ocrx_word' id='word_1_245' title='bbox 425 2311 643 2348; x_wconf 80' lang='lat' dir='ltr'>spectaturus</span> <span class='ocrx_word' id='word_1_246' title='bbox 669 2311 779 2336; x_wconf 81' lang='lat' dir='ltr'>esset:</span> <span class='ocrx_word' id='word_1_247' title='bbox 804 2316 878 2336; x_wconf 88' lang='lat' dir='ltr'>cum</span> <span class='ocrx_word' id='word_1_248' title='bbox 909 2316 1025 2347; x_wconf 89' lang='lat' dir='ltr'>super-</span> 
     </span>
     <span class='ocr_line' id='line_1_39' title="bbox 337 2356 1024 2396; baseline -0.003 -7"><span class='ocrx_word' id='word_1_249' title='bbox 337 2363 450 2389; x_wconf 79' lang='lat' dir='ltr'>essent</span> <span class='ocrx_word' id='word_1_250' title='bbox 478 2357 587 2388; x_wconf 83' lang='lat' dir='ltr'>adhuc</span> <span class='ocrx_word' id='word_1_251' title='bbox 620 2356 677 2396; x_wconf 90' lang='lat' dir='ltr'>qui</span> <span class='ocrx_word' id='word_1_252' title='bbox 712 2361 961 2396; x_wconf 79' lang='lat' dir='ltr'>spectaverant,</span> <span class='ocrx_word' id='word_1_253' title='bbox 989 2362 1024 2387; x_wconf 87' lang='lat' dir='ltr'>et</span> 
     </span>
     <span class='ocr_line' id='line_1_40' title="bbox 336 2405 1025 2449; baseline -0.004 -11"><span class='ocrx_word' id='word_1_254' title='bbox 336 2406 472 2449; x_wconf 81' lang='lat' dir='ltr'>quidam</span> <span class='ocrx_word' id='word_1_255' title='bbox 505 2406 703 2437; x_wconf 87' lang='lat' dir='ltr'>histrionum</span> <span class='ocrx_word' id='word_1_256' title='bbox 740 2405 895 2445; x_wconf 88' lang='lat' dir='ltr'>producti</span> <span class='ocrx_word' id='word_1_257' title='bbox 933 2406 1025 2445; x_wconf 88' lang='lat' dir='ltr'>olim,</span> 
     </span>
     <span class='ocr_line' id='line_1_41' title="bbox 336 2455 1025 2498; baseline -0.007 -9"><span class='ocrx_word' id='word_1_258' title='bbox 336 2463 418 2489; x_wconf 89' lang='lat' dir='ltr'>tunc</span> <span class='ocrx_word' id='word_1_259' title='bbox 433 2465 563 2498; x_wconf 85' lang='lat' dir='ltr'>quoque</span> <span class='ocrx_word' id='word_1_260' title='bbox 584 2455 874 2495; x_wconf 76' lang='lat' dir='ltr'>producerentur-¹</span> <span class='ocrx_word' id='word_1_261' title='bbox 917 2455 1025 2494; x_wconf 84' lang='lat' dir='ltr'>Idem,</span> 
     </span>
     <span class='ocr_line' id='line_1_42' title="bbox 336 2504 1025 2545; baseline -0.004 -7"><span class='ocrx_word' id='word_1_262' title='bbox 336 2507 519 2538; x_wconf 81' lang='lat' dir='ltr'>Domitian.</span> <span class='ocrx_word' id='word_1_263' title='bbox 549 2515 623 2545; x_wconf 87' lang='lat' dir='ltr'>cap.</span> <span class='ocrx_word' id='word_1_264' title='bbox 649 2508 680 2536; x_wconf 75' lang='lat'>4.</span> <span class='ocrx_word' id='word_1_265' title='bbox 703 2506 713 2522; x_wconf 77' lang='lat'><strong><em>⁴</em></strong></span> <span class='ocrx_word' id='word_1_266' title='bbox 728 2505 824 2535; x_wconf 77' lang='lat' dir='ltr'>Fecit</span> <span class='ocrx_word' id='word_1_267' title='bbox 848 2509 883 2536; x_wconf 88' lang='lat' dir='ltr'>et</span> <span class='ocrx_word' id='word_1_268' title='bbox 915 2504 1025 2536; x_wconf 86' lang='lat' dir='ltr'>Ludos</span> 
     </span>
     <span class='ocr_line' id='line_1_43' title="bbox 336 2554 1025 2594; baseline -0.004 -8"><span class='ocrx_word' id='word_1_269' title='bbox 336 2556 536 2594; x_wconf 71' lang='lat' dir='ltr'>Saeculares,</span> <span class='ocrx_word' id='word_1_270' title='bbox 545 2557 742 2593; x_wconf 85' lang='lat' dir='ltr'>computata</span> <span class='ocrx_word' id='word_1_271' title='bbox 754 2554 884 2584; x_wconf 88' lang='lat' dir='ltr'>ratione</span> <span class='ocrx_word' id='word_1_272' title='bbox 897 2558 1025 2594; x_wconf 87' lang='lat' dir='ltr'>tempo·</span> 
     </span>
     <span class='ocr_line' id='line_1_44' title="bbox 338 2601 1026 2643; baseline -0.003 -9"><span class='ocrx_word' id='word_1_273' title='bbox 338 2614 411 2635; x_wconf 87' lang='lat' dir='ltr'>rum</span> <span class='ocrx_word' id='word_1_274' title='bbox 424 2604 465 2635; x_wconf 87' lang='lat' dir='ltr'>ab</span> <span class='ocrx_word' id='word_1_275' title='bbox 478 2613 578 2642; x_wconf 88' lang='lat' dir='ltr'>anno,</span> <span class='ocrx_word' id='word_1_276' title='bbox 592 2612 655 2633; x_wconf 91' lang='lat' dir='ltr'>non</span> <span class='ocrx_word' id='word_1_277' title='bbox 668 2612 733 2643; x_wconf 89' lang='lat' dir='ltr'>quo</span> <span class='ocrx_word' id='word_1_278' title='bbox 746 2602 902 2633; x_wconf 87' lang='lat' dir='ltr'>Claudius</span> <span class='ocrx_word' id='word_1_279' title='bbox 914 2601 1026 2642; x_wconf 86' lang='lat' dir='ltr'>proxi-</span> 
     </span>
     <span class='ocr_line' id='line_1_45' title="bbox 338 2651 1027 2694; baseline -0.001 -10"><span class='ocrx_word' id='word_1_280' title='bbox 338 2663 404 2691; x_wconf 87' lang='lat' dir='ltr'>me,</span> <span class='ocrx_word' id='word_1_281' title='bbox 421 2653 480 2683; x_wconf 87' lang='lat' dir='ltr'>sed</span> <span class='ocrx_word' id='word_1_282' title='bbox 497 2662 566 2694; x_wconf 70' lang='lat' dir='ltr'>quo,</span> <span class='ocrx_word' id='word_1_283' title='bbox 575 2653 652 2683; x_wconf 89' lang='lat' dir='ltr'>olim</span> <span class='ocrx_word' id='word_1_284' title='bbox 667 2652 838 2692; x_wconf 87' lang='lat' dir='ltr'>Augustus</span> <span class='ocrx_word' id='word_1_285' title='bbox 850 2651 1027 2683; x_wconf 82' lang='lat' dir='ltr'>ediderat.’</span> 
     </span>
     <span class='ocr_line' id='line_1_46' title="bbox 339 2700 1024 2733; baseline -0.003 -1"><span class='ocrx_word' id='word_1_286' title='bbox 339 2702 427 2733; x_wconf 75' lang='lat' dir='ltr'>vide</span> <span class='ocrx_word' id='word_1_287' title='bbox 457 2702 560 2732; x_wconf 93' lang='lat' dir='ltr'>Dion.</span> <span class='ocrx_word' id='word_1_288' title='bbox 588 2701 646 2732; x_wconf 82' lang='lat' dir='ltr'>tib.</span> <span class='ocrx_word' id='word_1_289' title='bbox 674 2710 746 2733; x_wconf 79' lang='lat' dir='ltr'>mv.</span> <span class='ocrx_word' id='word_1_290' title='bbox 779 2701 952 2732; x_wconf 88' lang='lat' dir='ltr'>Censorin.</span> <span class='ocrx_word' id='word_1_291' title='bbox 981 2700 1024 2730; x_wconf 87' lang='lat' dir='ltr'>de</span> 
     </span>
     <span class='ocr_line' id='line_1_47' title="bbox 339 2750 1024 2790; baseline -0.006 -8"><span class='ocrx_word' id='word_1_292' title='bbox 339 2751 404 2782; x_wconf 89' lang='lat' dir='ltr'>Die</span> <span class='ocrx_word' id='word_1_293' title='bbox 433 2751 545 2782; x_wconf 84' lang='lat' dir='ltr'>Natali</span> <span class='ocrx_word' id='word_1_294' title='bbox 569 2760 645 2790; x_wconf 84' lang='lat' dir='ltr'>cap.</span> <span class='ocrx_word' id='word_1_295' title='bbox 660 2760 695 2781; x_wconf 84' lang='lat' dir='ltr'>v.</span> <span class='ocrx_word' id='word_1_296' title='bbox 711 2751 787 2781; x_wconf 87' lang='lat' dir='ltr'>Val.</span> <span class='ocrx_word' id='word_1_297' title='bbox 812 2750 905 2780; x_wconf 83' lang='lat' dir='ltr'>Max.</span> <span class='ocrx_word' id='word_1_298' title='bbox 932 2758 971 2780; x_wconf 83' lang='lat'>11.</span> <span class='ocrx_word' id='word_1_299' title='bbox 993 2751 1024 2779; x_wconf 84' lang='grc'>4.</span> 
     </span>
     <span class='ocr_line' id='line_1_48' title="bbox 341 2798 1025 2839; baseline -0.006 -7"><span class='ocrx_word' id='word_1_300' title='bbox 341 2802 440 2832; x_wconf 81' lang='lat' dir='ltr'>Alex.</span> <span class='ocrx_word' id='word_1_301' title='bbox 470 2801 512 2831; x_wconf 75' lang='lat' dir='ltr'>ab</span> <span class='ocrx_word' id='word_1_302' title='bbox 534 2799 631 2830; x_wconf 87' lang='lat' dir='ltr'>Alex.</span> <span class='ocrx_word' id='word_1_303' title='bbox 660 2808 710 2830; x_wconf 78' lang='lat' dir='ltr'>vt.</span> <span class='ocrx_word' id='word_1_304' title='bbox 734 2802 783 2830; x_wconf 85' lang='lat'>19.</span> <span class='ocrx_word' id='word_1_305' title='bbox 808 2808 878 2839; x_wconf 85' lang='lat' dir='ltr'>prae</span> <span class='ocrx_word' id='word_1_306' title='bbox 901 2798 1025 2829; x_wconf 82' lang='lat' dir='ltr'>ceteris</span> 
     </span>
    </p>
   </div>
   <div class='ocr_carea' id='block_1_7' title="bbox 1072 1322 1769 2832">
    <p class='ocr_par' dir='ltr' id='par_1_7' title="bbox 1072 1322 1763 1699">
     <span class='ocr_line' id='line_1_49' title="bbox 1075 1322 1763 1366; baseline -0.007 -8"><span class='ocrx_word' id='word_1_307' title='bbox 1075 1331 1186 1358; x_wconf 87' lang='lat' dir='ltr'>autem</span> <span class='ocrx_word' id='word_1_308' title='bbox 1200 1326 1334 1366; x_wconf 86' lang='lat' dir='ltr'>Onuph.</span> <span class='ocrx_word' id='word_1_309' title='bbox 1350 1324 1492 1356; x_wconf 86' lang='lat' dir='ltr'>Panvin.</span> <span class='ocrx_word' id='word_1_310' title='bbox 1505 1332 1634 1355; x_wconf 85' lang='lat' dir='ltr'>necnon</span> <span class='ocrx_word' id='word_1_311' title='bbox 1643 1322 1763 1363; x_wconf 81' lang='lat' dir='ltr'>Sibyll.</span> 
     </span>
     <span class='ocr_line' id='line_1_50' title="bbox 1075 1371 1760 1414; baseline -0.007 -8"><span class='ocrx_word' id='word_1_312' title='bbox 1075 1377 1186 1407; x_wconf 84' lang='lat' dir='ltr'>Carm.</span> <span class='ocrx_word' id='word_1_313' title='bbox 1223 1375 1265 1406; x_wconf 78' lang='lat' dir='ltr'>ab</span> <span class='ocrx_word' id='word_1_314' title='bbox 1295 1375 1468 1414; x_wconf 80' lang='lat' dir='ltr'>opsopaeo</span> <span class='ocrx_word' id='word_1_315' title='bbox 1498 1372 1603 1411; x_wconf 77' lang='lat' dir='ltr'>edita,</span> <span class='ocrx_word' id='word_1_316' title='bbox 1635 1371 1760 1402; x_wconf 85' lang='lat' dir='ltr'>Zosim.</span> 
     </span>
     <span class='ocr_line' id='line_1_51' title="bbox 1074 1418 1762 1454; baseline -0.007 0"><span class='ocrx_word' id='word_1_317' title='bbox 1074 1424 1202 1454; x_wconf 86' lang='lat' dir='ltr'>Histor.</span> <span class='ocrx_word' id='word_1_318' title='bbox 1219 1423 1276 1454; x_wconf 91' lang='lat' dir='ltr'>lib.</span> <span class='ocrx_word' id='word_1_319' title='bbox 1302 1431 1342 1453; x_wconf 83' lang='lat'>¹1.</span> <span class='ocrx_word' id='word_1_320' title='bbox 1368 1422 1423 1453; x_wconf 88' lang='lat' dir='ltr'>ubi</span> <span class='ocrx_word' id='word_1_321' title='bbox 1439 1421 1487 1452; x_wconf 86' lang='lat' dir='ltr'>sic</span> <span class='ocrx_word' id='word_1_322' title='bbox 1503 1420 1603 1452; x_wconf 81' lang='lat' dir='ltr'>etiam</span> <span class='ocrx_word' id='word_1_323' title='bbox 1618 1418 1738 1450; x_wconf 78' lang='lat' dir='ltr'>scribit</span> <span class='ocrx_word' id='word_1_324' title='bbox 1753 1429 1762 1449; x_wconf 79' lang='lat' dir='ltr'>z</span> 
     </span>
     <span class='ocr_line' id='line_1_52' title="bbox 1073 1467 1761 1508; baseline -0.009 -5"><span class='ocrx_word' id='word_1_325' title='bbox 1073 1475 1082 1490; x_wconf 87' lang='lat'>‘</span> <span class='ocrx_word' id='word_1_326' title='bbox 1096 1472 1225 1503; x_wconf 87' lang='lat' dir='ltr'>Eodem</span> <span class='ocrx_word' id='word_1_327' title='bbox 1245 1469 1410 1502; x_wconf 83' lang='lat' dir='ltr'>sacrificio</span> <span class='ocrx_word' id='word_1_328' title='bbox 1427 1469 1467 1500; x_wconf 80' lang='lat' dir='ltr'>ad</span> <span class='ocrx_word' id='word_1_329' title='bbox 1483 1473 1615 1508; x_wconf 87' lang='lat' dir='ltr'>tempus</span> <span class='ocrx_word' id='word_1_330' title='bbox 1629 1467 1761 1506; x_wconf 81' lang='lat' dir='ltr'>neglec-</span> 
     </span>
     <span class='ocr_line' id='line_1_53' title="bbox 1074 1515 1762 1558; baseline -0.009 -6"><span class='ocrx_word' id='word_1_331' title='bbox 1074 1525 1122 1558; x_wconf 81' lang='lat' dir='ltr'>to,</span> <span class='ocrx_word' id='word_1_332' title='bbox 1139 1531 1212 1552; x_wconf 86' lang='lat' dir='ltr'>cum</span> <span class='ocrx_word' id='word_1_333' title='bbox 1231 1530 1347 1551; x_wconf 86' lang='lat' dir='ltr'>rursus</span> <span class='ocrx_word' id='word_1_334' title='bbox 1362 1518 1493 1550; x_wconf 80' lang='lat' dir='ltr'>adversi</span> <span class='ocrx_word' id='word_1_335' title='bbox 1509 1526 1606 1548; x_wconf 77' lang='lat' dir='ltr'>casus</span> <span class='ocrx_word' id='word_1_336' title='bbox 1619 1515 1762 1547; x_wconf 75' lang='lat' dir='ltr'>accidis-</span> 
     </span>
     <span class='ocr_line' id='line_1_54' title="bbox 1072 1566 1763 1608; baseline -0.009 -7"><span class='ocrx_word' id='word_1_337' title='bbox 1072 1576 1159 1608; x_wconf 87' lang='lat' dir='ltr'>sent,</span> <span class='ocrx_word' id='word_1_338' title='bbox 1177 1570 1300 1601; x_wconf 83' lang='lat' dir='ltr'>Oetav.</span> <span class='ocrx_word' id='word_1_339' title='bbox 1329 1569 1503 1608; x_wconf 83' lang='lat' dir='ltr'>Augustus</span> <span class='ocrx_word' id='word_1_340' title='bbox 1529 1566 1640 1597; x_wconf 83' lang='lat' dir='ltr'>Ludos</span> <span class='ocrx_word' id='word_1_341' title='bbox 1666 1574 1763 1596; x_wconf 85' lang='lat' dir='ltr'>reno-</span> 
     </span>
     <span class='ocr_line' id='line_1_55' title="bbox 1073 1614 1763 1658; baseline -0.009 -8"><span class='ocrx_word' id='word_1_342' title='bbox 1073 1620 1176 1658; x_wconf 78' lang='lat' dir='ltr'>vavit,</span> <span class='ocrx_word' id='word_1_343' title='bbox 1196 1618 1303 1649; x_wconf 81' lang='lat' dir='ltr'>factos</span> <span class='ocrx_word' id='word_1_344' title='bbox 1327 1622 1440 1652; x_wconf 82' lang='lat' dir='ltr'>autea,</span> <span class='ocrx_word' id='word_1_345' title='bbox 1466 1617 1504 1647; x_wconf 82' lang='lat' dir='ltr'>L.</span> <span class='ocrx_word' id='word_1_346' title='bbox 1520 1614 1706 1647; x_wconf 86' lang='lat' dir='ltr'>Censorino</span> <span class='ocrx_word' id='word_1_347' title='bbox 1725 1618 1763 1645; x_wconf 90' lang='lat' dir='ltr'>et</span> 
     </span>
     <span class='ocr_line' id='line_1_56' title="bbox 1073 1663 1532 1699; baseline -0.009 0"><span class='ocrx_word' id='word_1_348' title='bbox 1073 1669 1123 1699; x_wconf 91' lang='lat' dir='ltr'>M.</span> <span class='ocrx_word' id='word_1_349' title='bbox 1141 1667 1268 1699; x_wconf 86' lang='lat' dir='ltr'>Manlio</span> <span class='ocrx_word' id='word_1_350' title='bbox 1287 1668 1410 1698; x_wconf 89' lang='lat' dir='ltr'>Puelio</span> <span class='ocrx_word' id='word_1_351' title='bbox 1425 1663 1532 1697; x_wconf 68' lang='lat' dir='ltr'>coss!</span> 
     </span>
    </p>

    <p class='ocr_par' dir='ltr' id='par_1_8' title="bbox 1075 1711 1766 2246">
     <span class='ocr_line' id='line_1_57' title="bbox 1116 1711 1763 1758; baseline -0.009 -9"><span class='ocrx_word' id='word_1_352' title='bbox 1116 1721 1132 1749; x_wconf 92' lang='lat'>1</span> <span class='ocrx_word' id='word_1_353' title='bbox 1158 1717 1270 1749; x_wconf 83' lang='lat' dir='ltr'>Phoebe</span> <span class='ocrx_word' id='word_1_354' title='bbox 1285 1718 1497 1758; x_wconf 76' lang='lat' dir='ltr'>sylvarumque</span> <span class='ocrx_word' id='word_1_355' title='bbox 1516 1719 1624 1755; x_wconf 79' lang='lat' dir='ltr'>potens</span> <span class='ocrx_word' id='word_1_356' title='bbox 1641 1711 1763 1751; x_wconf 76' lang='lat' dir='ltr'><strong><em>Diana]</em></strong></span> 
     </span>
     <span class='ocr_line' id='line_1_58' title="bbox 1075 1761 1764 1808; baseline -0.01 -9"><span class='ocrx_word' id='word_1_357' title='bbox 1075 1767 1131 1798; x_wconf 89' lang='lat' dir='ltr'>Dii</span> <span class='ocrx_word' id='word_1_358' title='bbox 1145 1767 1279 1808; x_wconf 89' lang='lat' dir='ltr'>quidem</span> <span class='ocrx_word' id='word_1_359' title='bbox 1296 1775 1409 1798; x_wconf 89' lang='lat' dir='ltr'>omnes</span> <span class='ocrx_word' id='word_1_360' title='bbox 1423 1765 1458 1796; x_wconf 87' lang='lat' dir='ltr'>in</span> <span class='ocrx_word' id='word_1_361' title='bbox 1474 1763 1575 1796; x_wconf 82' lang='lat' dir='ltr'>Ludis</span> <span class='ocrx_word' id='word_1_362' title='bbox 1588 1761 1764 1794; x_wconf 81' lang='lat' dir='ltr'>Saeculari-</span> 
     </span>
     <span class='ocr_line' id='line_1_59' title="bbox 1075 1813 1763 1854; baseline -0.013 -6"><span class='ocrx_word' id='word_1_363' title='bbox 1075 1817 1136 1848; x_wconf 88' lang='lat' dir='ltr'>bus</span> <span class='ocrx_word' id='word_1_364' title='bbox 1165 1817 1231 1848; x_wconf 88' lang='lat' dir='ltr'>coli</span> <span class='ocrx_word' id='word_1_365' title='bbox 1259 1815 1431 1847; x_wconf 82' lang='lat' dir='ltr'>debebant</span> <span class='ocrx_word' id='word_1_366' title='bbox 1447 1825 1456 1846; x_wconf 90' lang='lat'>:</span> <span class='ocrx_word' id='word_1_367' title='bbox 1481 1813 1655 1854; x_wconf 79' lang='lat' dir='ltr'>praecipue</span> <span class='ocrx_word' id='word_1_368' title='bbox 1684 1819 1763 1841; x_wconf 86' lang='lat' dir='ltr'>vero</span> 
     </span>
     <span class='ocr_line' id='line_1_60' title="bbox 1075 1859 1763 1903; baseline -0.009 -7"><span class='ocrx_word' id='word_1_369' title='bbox 1075 1865 1319 1896; x_wconf 87' lang='lat' dir='ltr'>invocabantur</span> <span class='ocrx_word' id='word_1_370' title='bbox 1343 1864 1396 1894; x_wconf 86' lang='lat' dir='ltr'>isti</span> <span class='ocrx_word' id='word_1_371' title='bbox 1416 1867 1577 1903; x_wconf 74' lang='lat' dir='ltr'>tan‘quam</span> <span class='ocrx_word' id='word_1_372' title='bbox 1591 1859 1763 1899; x_wconf 71' lang='grc' dir='ltr'>ἀλεξίκακοι</span> 
     </span>
     <span class='ocr_line' id='line_1_61' title="bbox 1075 1908 1763 1949; baseline -0.009 -5"><span class='ocrx_word' id='word_1_373' title='bbox 1075 1919 1110 1944; x_wconf 91' lang='lat' dir='ltr'>et</span> <span class='ocrx_word' id='word_1_374' title='bbox 1141 1913 1318 1944; x_wconf 87' lang='lat' dir='ltr'>averrunci</span> <span class='ocrx_word' id='word_1_375' title='bbox 1349 1912 1511 1942; x_wconf 79' lang='lat' dir='ltr'>malorum</span> <span class='ocrx_word' id='word_1_376' title='bbox 1529 1922 1536 1939; x_wconf 87' lang='lat'><em>=</em></span> <span class='ocrx_word' id='word_1_377' title='bbox 1575 1914 1646 1940; x_wconf 87' lang='lat' dir='ltr'>turn</span> <span class='ocrx_word' id='word_1_378' title='bbox 1673 1908 1763 1949; x_wconf 87' lang='lat' dir='ltr'>quod</span> 
     </span>
     <span class='ocr_line' id='line_1_62' title="bbox 1075 1958 1764 1999; baseline -0.007 -6"><span class='ocrx_word' id='word_1_379' title='bbox 1075 1971 1197 1993; x_wconf 83' lang='lat' dir='ltr'>annum</span> <span class='ocrx_word' id='word_1_380' title='bbox 1213 1962 1272 1997; x_wconf 88' lang='lat' dir='ltr'>sol,</span> <span class='ocrx_word' id='word_1_381' title='bbox 1290 1970 1420 1992; x_wconf 88' lang='lat' dir='ltr'>menses</span> <span class='ocrx_word' id='word_1_382' title='bbox 1442 1961 1520 1991; x_wconf 79' lang='lat' dir='ltr'>luna</span> <span class='ocrx_word' id='word_1_383' title='bbox 1535 1962 1642 1999; x_wconf 80' lang='lat' dir='ltr'>regat.</span> <span class='ocrx_word' id='word_1_384' title='bbox 1685 1958 1764 1988; x_wconf 86' lang='lat' dir='ltr'>Tes-</span> 
     </span>
     <span class='ocr_line' id='line_1_63' title="bbox 1076 2006 1766 2048; baseline -0.007 -7"><span class='ocrx_word' id='word_1_385' title='bbox 1076 2015 1167 2041; x_wconf 80' lang='lat' dir='ltr'>tatur</span> <span class='ocrx_word' id='word_1_386' title='bbox 1190 2009 1315 2040; x_wconf 86' lang='lat' dir='ltr'>Zosim.</span> <span class='ocrx_word' id='word_1_387' title='bbox 1339 2010 1396 2040; x_wconf 91' lang='lat' dir='ltr'>cit.</span> <span class='ocrx_word' id='word_1_388' title='bbox 1420 2008 1610 2048; x_wconf 84' lang='lat' dir='ltr'>ibidemque</span> <span class='ocrx_word' id='word_1_389' title='bbox 1631 2006 1766 2037; x_wconf 71' lang='lat' dir='ltr'>numina</span> 
     </span>
     <span class='ocr_line' id='line_1_64' title="bbox 1076 2055 1766 2098; baseline -0.006 -8"><span class='ocrx_word' id='word_1_390' title='bbox 1076 2059 1180 2091; x_wconf 85' lang='lat' dir='ltr'>sacris</span> <span class='ocrx_word' id='word_1_391' title='bbox 1193 2059 1257 2090; x_wconf 87' lang='lat' dir='ltr'>illis</span> <span class='ocrx_word' id='word_1_392' title='bbox 1272 2057 1464 2090; x_wconf 85' lang='lat' dir='ltr'>solennibus</span> <span class='ocrx_word' id='word_1_393' title='bbox 1476 2055 1642 2098; x_wconf 78' lang='lat' dir='ltr'>placanda</span> <span class='ocrx_word' id='word_1_394' title='bbox 1650 2064 1766 2087; x_wconf 87' lang='lat' dir='ltr'>reeen-</span> 
     </span>
     <span class='ocr_line' id='line_1_65' title="bbox 1077 2103 1765 2148; baseline -0.006 -9"><span class='ocrx_word' id='word_1_395' title='bbox 1077 2113 1206 2146; x_wconf 74' lang='lat' dir='ltr'>semar,</span> <span class='ocrx_word' id='word_1_396' title='bbox 1219 2108 1370 2148; x_wconf 83' lang='lat' dir='ltr'>Jupiter,</span> <span class='ocrx_word' id='word_1_397' title='bbox 1384 2107 1486 2145; x_wconf 85' lang='lat' dir='ltr'>Juno,</span> <span class='ocrx_word' id='word_1_398' title='bbox 1502 2106 1645 2143; x_wconf 77' lang='lat' dir='ltr'>Latona,</span> <span class='ocrx_word' id='word_1_399' title='bbox 1661 2103 1765 2144; x_wconf 84' lang='lat' dir='ltr'>Apol-</span> 
     </span>
     <span class='ocr_line' id='line_1_66' title="bbox 1078 2153 1766 2197; baseline -0.006 -9"><span class='ocrx_word' id='word_1_400' title='bbox 1078 2158 1122 2197; x_wconf 93' lang='lat' dir='ltr'>lo,</span> <span class='ocrx_word' id='word_1_401' title='bbox 1138 2158 1262 2196; x_wconf 84' lang='lat' dir='ltr'>Diana,</span> <span class='ocrx_word' id='word_1_402' title='bbox 1278 2157 1411 2196; x_wconf 75' lang='lat' dir='ltr'>Parcae,</span> <span class='ocrx_word' id='word_1_403' title='bbox 1428 2155 1667 2195; x_wconf 85' lang='lat' dir='ltr'>Ceres‚Pluto,</span> <span class='ocrx_word' id='word_1_404' title='bbox 1682 2153 1766 2184; x_wconf 89' lang='lat' dir='ltr'>Pro-</span> 
     </span>
     <span class='ocr_line' id='line_1_67' title="bbox 1079 2206 1224 2246; baseline 0 -9"><span class='ocrx_word' id='word_1_405' title='bbox 1079 2206 1224 2246; x_wconf 75' lang='lat' dir='ltr'>serpina.</span> 
     </span>
    </p>

    <p class='ocr_par' dir='ltr' id='par_1_9' title="bbox 1077 2249 1765 2391">
     <span class='ocr_line' id='line_1_68' title="bbox 1120 2249 1765 2290; baseline -0.011 -4"><span class='ocrx_word' id='word_1_406' title='bbox 1120 2258 1140 2286; x_wconf 80' lang='lat'>2</span> <span class='ocrx_word' id='word_1_407' title='bbox 1163 2253 1315 2285; x_wconf 80' lang='lat' dir='ltr'>Lucidum</span> <span class='ocrx_word' id='word_1_408' title='bbox 1345 2253 1411 2283; x_wconf 77' lang='lat' dir='ltr'>coeli</span> <span class='ocrx_word' id='word_1_409' title='bbox 1437 2250 1543 2290; x_wconf 79' lang='lat' dir='ltr'>decus]</span> <span class='ocrx_word' id='word_1_410' title='bbox 1575 2249 1765 2290; x_wconf 85' lang='lat' dir='ltr'>Apollinem</span> 
     </span>
     <span class='ocr_line' id='line_1_69' title="bbox 1080 2299 1765 2345; baseline -0.01 -9"><span class='ocrx_word' id='word_1_411' title='bbox 1080 2305 1207 2345; x_wconf 80' lang='lat' dir='ltr'>pariter</span> <span class='ocrx_word' id='word_1_412' title='bbox 1223 2307 1258 2334; x_wconf 87' lang='lat' dir='ltr'>et</span> <span class='ocrx_word' id='word_1_413' title='bbox 1274 2302 1432 2339; x_wconf 80' lang='lat' dir='ltr'>Dianam,</span> <span class='ocrx_word' id='word_1_414' title='bbox 1444 2311 1503 2332; x_wconf 87' lang='lat' dir='ltr'>seu</span> <span class='ocrx_word' id='word_1_415' title='bbox 1518 2300 1629 2331; x_wconf 87' lang='lat' dir='ltr'>Solem</span> <span class='ocrx_word' id='word_1_416' title='bbox 1646 2308 1685 2330; x_wconf 77' lang='lat' dir='ltr'>ac</span> <span class='ocrx_word' id='word_1_417' title='bbox 1701 2299 1765 2330; x_wconf 85' lang='lat' dir='ltr'>Lu-</span> 
     </span>
     <span class='ocr_line' id='line_1_70' title="bbox 1077 2351 1420 2391; baseline -0.017 -6"><span class='ocrx_word' id='word_1_418' title='bbox 1077 2363 1153 2385; x_wconf 88' lang='lat' dir='ltr'>nam</span> <span class='ocrx_word' id='word_1_419' title='bbox 1170 2354 1216 2384; x_wconf 73' lang='lat' dir='ltr'>ita</span> <span class='ocrx_word' id='word_1_420' title='bbox 1228 2351 1420 2391; x_wconf 82' lang='lat' dir='ltr'>compellat.</span> 
     </span>
    </p>

    <p class='ocr_par' dir='ltr' id='par_1_10' title="bbox 1078 2397 1769 2640">
     <span class='ocr_line' id='line_1_71' title="bbox 1122 2397 1765 2440; baseline -0.009 -7"><span class='ocrx_word' id='word_1_421' title='bbox 1122 2403 1250 2434; x_wconf 82' lang='lat' dir='ltr'>Colendi</span> <span class='ocrx_word' id='word_1_422' title='bbox 1265 2401 1391 2440; x_wconf 80' lang='lat' dir='ltr'>Semper</span> <span class='ocrx_word' id='word_1_423' title='bbox 1405 2402 1435 2430; x_wconf 75' lang='lat' dir='ltr'>et</span> <span class='ocrx_word' id='word_1_424' title='bbox 1457 2397 1548 2437; x_wconf 74' lang='lat' dir='ltr'>culti]</span> <span class='ocrx_word' id='word_1_425' title='bbox 1572 2397 1618 2428; x_wconf 87' lang='lat' dir='ltr'>Hi</span> <span class='ocrx_word' id='word_1_426' title='bbox 1638 2398 1765 2438; x_wconf 87' lang='lat' dir='ltr'>quippe</span> 
     </span>
     <span class='ocr_line' id='line_1_72' title="bbox 1079 2447 1767 2486; baseline -0.009 -3"><span class='ocrx_word' id='word_1_427' title='bbox 1079 2451 1121 2483; x_wconf 85' lang='lat' dir='ltr'>ab</span> <span class='ocrx_word' id='word_1_428' title='bbox 1137 2450 1224 2482; x_wconf 88' lang='lat' dir='ltr'>omni</span> <span class='ocrx_word' id='word_1_429' title='bbox 1242 2459 1314 2480; x_wconf 83' lang='lat' dir='ltr'>aevo</span> <span class='ocrx_word' id='word_1_430' title='bbox 1327 2447 1484 2479; x_wconf 78' lang='lat' dir='ltr'>Romanis</span> <span class='ocrx_word' id='word_1_431' title='bbox 1499 2447 1655 2486; x_wconf 82' lang='lat' dir='ltr'>religiose</span> <span class='ocrx_word' id='word_1_432' title='bbox 1670 2447 1767 2485; x_wconf 84' lang='lat' dir='ltr'>culti,</span> 
     </span>
     <span class='ocr_line' id='line_1_73' title="bbox 1079 2494 1768 2534; baseline -0.009 -3"><span class='ocrx_word' id='word_1_433' title='bbox 1079 2500 1172 2531; x_wconf 86' lang='lat' dir='ltr'>velut</span> <span class='ocrx_word' id='word_1_434' title='bbox 1210 2497 1349 2530; x_wconf 83' lang='lat' dir='ltr'>Romani</span> <span class='ocrx_word' id='word_1_435' title='bbox 1390 2495 1583 2527; x_wconf 82' lang='lat' dir='ltr'>conditores</span> <span class='ocrx_word' id='word_1_436' title='bbox 1618 2494 1768 2534; x_wconf 88' lang='lat' dir='ltr'>Imperii.</span> 
     </span>
     <span class='ocr_line' id='line_1_74' title="bbox 1078 2545 1769 2589; baseline -0.009 -8"><span class='ocrx_word' id='word_1_437' title='bbox 1078 2549 1176 2582; x_wconf 87' lang='lat' dir='ltr'>Unde</span> <span class='ocrx_word' id='word_1_438' title='bbox 1200 2552 1327 2589; x_wconf 84' lang='lat' dir='ltr'>postea,</span> <span class='ocrx_word' id='word_1_439' title='bbox 1356 2547 1366 2564; x_wconf 90' lang='lat'>‘</span> <span class='ocrx_word' id='word_1_440' title='bbox 1379 2546 1482 2577; x_wconf 87' lang='lat' dir='ltr'>Roma</span> <span class='ocrx_word' id='word_1_441' title='bbox 1506 2545 1533 2575; x_wconf 90' lang='lat' dir='ltr'>si</span> <span class='ocrx_word' id='word_1_442' title='bbox 1553 2548 1699 2576; x_wconf 83' lang='lat' dir='ltr'>vestrum</span> <span class='ocrx_word' id='word_1_443' title='bbox 1715 2549 1769 2575; x_wconf 88' lang='lat' dir='ltr'>est</span> 
     </span>
     <span class='ocr_line' id='line_1_75' title="bbox 1079 2597 1262 2640; baseline -0.022 -9"><span class='ocrx_word' id='word_1_444' title='bbox 1079 2597 1185 2640; x_wconf 77' lang='lat' dir='ltr'>opus‚’</span> <span class='ocrx_word' id='word_1_445' title='bbox 1200 2599 1262 2628; x_wconf 72' lang='grc' dir='ltr'>ὅτε.</span> 
     </span>
    </p>

    <p class='ocr_par' dir='ltr' id='par_1_11' title="bbox 1078 2641 1767 2832">
     <span class='ocr_line' id='line_1_76' title="bbox 1120 2641 1767 2685; baseline -0.008 -7"><span class='ocrx_word' id='word_1_446' title='bbox 1120 2651 1140 2678; x_wconf 83' lang='grc'>4</span> <span class='ocrx_word' id='word_1_447' title='bbox 1157 2647 1299 2685; x_wconf 78' lang='lat' dir='ltr'>Tempore</span> <span class='ocrx_word' id='word_1_448' title='bbox 1311 2643 1412 2684; x_wconf 76' lang='lat' dir='ltr'>prisco</span> <span class='ocrx_word' id='word_1_449' title='bbox 1433 2642 1549 2682; x_wconf 78' lang='lat' dir='ltr'>[sacro]</span> <span class='ocrx_word' id='word_1_450' title='bbox 1575 2641 1676 2673; x_wconf 82' lang='lat' dir='ltr'>Hisce</span> <span class='ocrx_word' id='word_1_451' title='bbox 1697 2641 1767 2673; x_wconf 85' lang='lat' dir='ltr'>die-</span> 
     </span>
     <span class='ocr_line' id='line_1_77' title="bbox 1079 2692 1767 2732; baseline -0.009 -5"><span class='ocrx_word' id='word_1_452' title='bbox 1079 2698 1139 2728; x_wconf 88' lang='lat' dir='ltr'>bus</span> <span class='ocrx_word' id='word_1_453' title='bbox 1152 2695 1250 2726; x_wconf 80' lang='lat' dir='ltr'>festis</span> <span class='ocrx_word' id='word_1_454' title='bbox 1272 2693 1508 2731; x_wconf 81' lang='lat' dir='ltr'>Saecularibus,</span> <span class='ocrx_word' id='word_1_455' title='bbox 1531 2692 1650 2732; x_wconf 85' lang='lat' dir='ltr'>quibus</span> <span class='ocrx_word' id='word_1_456' title='bbox 1670 2701 1767 2722; x_wconf 70' lang='lat' dir='ltr'>secra</span> 
     </span>
     <span class='ocr_line' id='line_1_78' title="bbox 1078 2742 1766 2782; baseline -0.009 -4"><span class='ocrx_word' id='word_1_457' title='bbox 1078 2747 1204 2778; x_wconf 80' lang='lat' dir='ltr'>flebant</span> <span class='ocrx_word' id='word_1_458' title='bbox 1220 2746 1253 2775; x_wconf 91' lang='lat' dir='ltr'>in</span> <span class='ocrx_word' id='word_1_459' title='bbox 1269 2743 1421 2774; x_wconf 85' lang='lat' dir='ltr'>omnibus</span> <span class='ocrx_word' id='word_1_460' title='bbox 1446 2742 1547 2782; x_wconf 81' lang='lat' dir='ltr'>fanis,</span> <span class='ocrx_word' id='word_1_461' title='bbox 1567 2751 1606 2773; x_wconf 77' lang='lat' dir='ltr'>ac</span> <span class='ocrx_word' id='word_1_462' title='bbox 1623 2742 1766 2782; x_wconf 72' lang='lat' dir='ltr'>populus</span> 
     </span>
     <span class='ocr_line' id='line_1_79' title="bbox 1080 2791 1691 2832; baseline -0.01 -6"><span class='ocrx_word' id='word_1_463' title='bbox 1080 2795 1255 2826; x_wconf 84' lang='lat' dir='ltr'>universus</span> <span class='ocrx_word' id='word_1_464' title='bbox 1271 2791 1424 2832; x_wconf 80' lang='lat' dir='ltr'>religioni</span> <span class='ocrx_word' id='word_1_465' title='bbox 1443 2791 1591 2822; x_wconf 86' lang='lat' dir='ltr'>intentus</span> <span class='ocrx_word' id='word_1_466' title='bbox 1606 2793 1691 2821; x_wconf 78' lang='lat' dir='ltr'>erat.</span> 
     </span>
    </p>
   </div>
  </div>
 </body>
</html>
