1904 3256
346 273 429 313 744
815 290 857 325 Q.
890 288 1092 317 uoRA'rn
1130 288 1299 317 unaco}

566 376 667 416 Rite
687 382 877 417 maturos
899 377 1064 429 aperire
1083 382 1232 430 partus

567 442 699 482 Lenis
724 442 914 494 Ilithyia‚
936 446 1051 483 tuere
1072 447 1256 494 matres;

569 509 670 548 Sive
687 512 734 547 tu
757 506 924 546 Lucina
944 509 1106 560 probas
1127 510 1290 559 vocari,

903 573 987 614 Seu
1010 573 1240 615 Genitalis.

563 638 694 686 Diva,
714 638 930 690 producas
951 641 1160 690 sobolem,
1179 641 1443 695 Patrumque

565 703 807 754 Prosperes,
824 703 993 744 decreta
1014 718 1142 758 super
1157 706 1360 759 jugandis

563 768 790 818 Foeminis,
812 771 1034 823 prolisque
1053 784 1179 813 novae
1197 772 1331 814 feraci

898 837 1017 889 Lege
1037 839 1213 879 marita:

1709 513 1764 552 15

1706 839 1762 881 20

337 942 399 972 tius
413 943 538 974 civitate
552 944 700 976 Romanu.
737 946 765 975 0
781 945 911 986 Ilithyia
926 947 1054 986 benigne
1063 958 1228 987 procurans
1238 948 1429 989 tempestivos
1443 951 1560 988 partus,
1575 957 1629 978 seu
1643 947 1763 978 Lucina

336 993 388 1013 seu
399 986 546 1022 genitalis
559 996 644 1017 amas
658 987 822 1026 nominari,
836 987 962 1026 defende
977 992 1100 1020 matres.
1135 991 1164 1020 Ο
1179 991 1248 1021 Dea
1261 991 1375 1030 prolem
1390 991 1559 1021 Romanam
1571 989 1742 1028 multiplica
1750 998 1762 1025 ,-

337 1028 366 1055 et
379 1036 517 1065 promove
529 1027 799 1059 Senatuscomulm
813 1030 849 1061 de
856 1030 1026 1069 jungendis
1039 1031 1184 1062 connubio
1197 1033 1381 1072 mulieribus,
1396 1035 1426 1062 et
1440 1033 1506 1071 lege
1520 1030 1658 1062 maruan
1677 1038 1762 1062 novae

935 1120 1169 1134 Oeeeeoaeeooee

338 1176 480 1211 quatuor
496 1172 641 1203 Blandd.
661 1178 696 1203 et
721 1173 798 1205 Div.
823 1174 973 1215 Cruquii,
991 1179 1026 1206 et
1040 1175 1138 1207 Harl.
1155 1178 1184 1206 1.
1200 1178 1232 1206 2.
1250 1178 1281 1205 3.
1297 1178 1328 1206 4.
1342 1178 1458 1206 ὃ.-13
1482 1175 1558 1206 Rite
1571 1185 1611 1206 m.
1625 1174 1764 1213 mfoetue

335 1223 405 1243 var.
421 1214 499 1244 lect.
511 1214 545 1244 in
557 1214 610 1245 ed.
629 1214 906 1246 Gesnero-Zeun.
932 1217 1019 1256 Lips.
1033 1219 1210 1248 1815.-—14
1233 1216 1328 1247 Gott.
1345 1217 1494 1247 Florem.
1510 1219 1603 1248 1482.
1626 1216 1668 1247 al.
1683 1217 1763 1256 liily-

334 1255 422 1284 thia.-
447 1265 516 1287 var.
542 1257 621 1287 lect.
647 1266 701 1295 ap.
720 1257 823 1287 Kidd.
840 1257 1027 1289 [heim—16
1049 1258 1110 1289 Seu
1128 1259 1299 1298 Genetyllis
1321 1267 1362 1288 ex
1385 1258 1473 1298 conj.
1488 1258 1604 1289 Bentl.
1620 1266 1767 1298 eumque·

333 1297 440 1326 secuti
457 1297 583 1328 Sanad.
599 1298 748 1334 Towers,
762 1299 911 1337 Francis,
923 1304 958 1330 et
974 1299 1079 1330 Kidd.
1123 1301 1132 1316 ⁶
1146 1301 1278 1330 Nollem
1295 1299 1553 1330 eruditissimum
1570 1299 1759 1330 Bentleium

336 1337 376 1368 de
393 1339 461 1368 sola
477 1339 675 1379 conjectura
699 1341 887 1379 reposuisse
903 1341 1088 1381 Genetyllis,
1105 1351 1178 1372 cum
1204 1341 1309 1380 possit
1333 1341 1507 1382 Genetyllis
1523 1340 1643 1371 Latine
1667 1339 1762 1371 reddi

335 1379 377 1409 sb
394 1379 538 1411 Horatio
553 1381 633 1410 satis
648 1381 768 1411 idonee
785 1382 963 1413 Genitalis.-
985 1383 1063 1422 quin
1087 1387 1123 1413 et
1145 1383 1349 1413 Scholiastes
1364 1383 1436 1413 liaec
1452 1381 1575 1412 firmat.
1617 1381 1684 1412 Sed
1707 1381 1762 1412 ille

335 1421 488 1460 vulgaria
503 1420 644 1453 temnit..⁹
658 1422 760 1453 Baxt.
794 1424 804 1440 ‘
819 1422 891 1454 Nee
907 1432 970 1462 ego
986 1424 1087 1454 ausim
1107 1424 1281 1454 Genitalem
1295 1423 1437 1462 genendi
1454 1427 1488 1453 et
1504 1421 1659 1461 pariendi
1676 1431 1761 1462 prm-

334 1461 439 1492 sidem
455 1462 626 1502 damnare,
641 1472 736 1503 quam
759 1472 871 1494 omnes
886 1464 918 1494 in
936 1465 1125 1495 universnm
1149 1465 1223 1496 libri
1246 1468 1448 1503 agnoscant:
1473 1473 1546 1494 cum
1573 1463 1762 1503 praesertim

336 1502 509 1544 Genetyllie
533 1504 576 1534 sit
600 1505 726 1536 Latinis
756 1505 954 1540 inauditum,
971 1510 1005 1536 et
1022 1506 1150 1537 Graecis
1169 1506 1371 1546 turpiculum
1387 1505 1471 1544 fere,
1486 1505 1627 1536 Veneris
1649 1505 1760 1545 potius

334 1545 508 1584 epitheton
534 1546 681 1584 lasciva»,
705 1555 803 1586 quam
831 1547 976 1577 Dianae?
1001 1548 1096 1578 Gesn.
1141 1548 1289 1578 Genium
1304 1547 1389 1585 conj.
1414 1547 1555 1586 Cuning.
1576 1546 1633 1576 sed
1657 1546 1766 1577 edidit

336 1586 498 1618 Genitalis.
540 1586 628 1618 Vide
645 1587 758 1618 Lamb.
772 1588 813 1619 ad
830 1589 929 1619 Luer.
944 1597 969 1619 1.
985 1592 1015 1619 7.
1061 1589 1236 1620 Heinsium
1253 1588 1294 1619 ad
1312 1588 1412 1620 Ovid.
1429 1588 1544 1619 Amor.
1557 1596 1597 1619 n.
1613 1590 1664 1618 1³.
1681 1589 1712 1620 7.
1728 1593 1766 1618 et

977 1682 1115 1714 NOTAE

375 1743 414 1772 14
431 1741 576 1782 Ilithyia]
592 1743 678 1773 Haee
693 1743 780 1774 inter
795 1745 1021 1784 generationis

333 1791 493 1830 praesides
507 1798 714 1831 recensetur,
729 1793 828 1824 immo
840 1794 956 1824 eadem
971 1800 1022 1825 est

332 1849 407 1886 eum
439 1841 566 1871 Lucina
595 1842 680 1880 Dea,
709 1852 782 1882 quae
811 1843 1020 1883 parientibus

331 1889 529 1928 opitulatur,
545 1898 602 1920 seu
618 1891 741 1927 Diana,
761 1901 819 1922 seu
838 1893 937 1922 etiam
959 1892 1021 1924 Ju-

331 1946 430 1968 none.
452 1938 595 1970 Junonis
610 1939 711 1970 filiam
730 1940 863 1980 quidam
880 1940 1021 1979 faciunt,

333 1986 474 2018 Homer.
490 1987 634 2018 Pansan.
653 1988 792 2028 Dionys,
817 1989 926 2020 Halic.
944 1990 1019 2020 Pla-

332 2039 379 2066 to.
406 2036 489 2067 Coel.
507 2036 646 2076 Rliodig.
658 2045 793 2068 xxvni.
808 2041 860 2070 24.
877 2038 922 2069 ita
938 2038 1020 2068 scri-

333 2083 405 2114 bit:
431 2085 439 2100 ‘
456 2084 603 2125 Ilithyia,
620 2085 690 2116 sive
714 2085 868 2117 Εἰλείθυια
885 2097 926 2117 ex
950 2087 1020 2128 Hy-

331 2132 503 2170 perboreis
541 2135 682 2174 appulsa
721 2135 844 2167 Delum
885 2137 1019 2167 Latonae

332 2179 429 2212 affuit
445 2182 600 2223 parienti,
613 2187 700 2215 teste
715 2184 896 2216 Pausania.
928 2185 1019 2216 Hinc

332 2240 401 2262 rem
425 2230 572 2262 divinam
599 2232 746 2273 Ilithyiae
770 2233 897 2265 obeunt
917 2234 1021 2270 Delii,

332 2289 351 2310 a
380 2279 500 2320 quibus
530 2280 710 2312 didicerint
738 2283 856 2314 ceteri.
900 2284 1021 2314 Dicta-

331 2338 419 2359 mum
436 2328 570 2359 herbam
581 2328 704 2368 juvare
717 2330 894 2370 insigniter
905 2330 1021 2362 fecun-

332 2378 473 2410 ditatem
495 2383 595 2420 atque
614 2378 771 2418 εὐτοκίανς
794 2386 897 2421 atque
921 2380 964 2411 ob
985 2381 1020 2411 id

332 2428 473 2459 corollas
488 2427 634 2468 Ilithyiae
658 2437 700 2459 ex
721 2428 870 2460 dietamo
885 2429 1020 2459 contexi

332 2482 456 2515 suetas,
478 2477 703 2509 observatum.
748 2478 884 2519 Ilithyia
907 2479 1019 2509 multis

333 2527 427 2558 Luna
443 2526 575 2557 credita
591 2530 665 2566 est;
693 2535 831 2567 eamque
850 2527 964 2558 mitem
981 2536 1020 2558 ac

332 2576 502 2613 lysizonon
520 2575 639 2606 adesse
663 2576 889 2616 parturientes
907 2585 1022 2616 preca-

333 2623 478 2655 bantur.’
524 2625 611 2656 Haec
640 2625 707 2656 ille.
751 2625 834 2666 Ejus
861 2625 1022 2657 memine-

333 2679 411 2704 runt
427 2678 462 2704 et
477 2674 616 2706 Hesiod.
628 2675 752 2716 Theog.
770 2674 906 2707 Pindar.
921 2675 1021 2707 Nem.

334 2723 402 2754 Od.
421 2733 485 2754 vu.
500 2725 574 2755 init.

373 2776 412 2804 15
429 2772 564 2812 Lucina]
578 2773 634 2804 Sic
648 2773 739 2805 dicta
749 2773 836 2815 quod
853 2772 1018 2815 prodeun-

1076 1746 1162 1777 tibus
1179 1747 1211 1777 in
1229 1747 1336 1777 iucem
1351 1745 1464 1778 faveat
1479 1745 1664 1778 infantulis.

1118 1797 1158 1826 16
1176 1795 1347 1835 Genitalis]
1363 1795 1461 1828 Quod
1479 1795 1619 1835 adjuvet
1632 1804 1671 1826 ae
1687 1803 1762 1835 pro-

1075 1848 1207 1874 moveat
1231 1844 1496 1883 generationem}
1537 1844 1583 1874 Et
1603 1843 1762 1884 quemad-

1074 1892 1206 1922 modum
1231 1893 1309 1923 solis
1331 1893 1442 1923 calore
1458 1891 1559 1923 foetus
1581 1893 1762 1932 animatur,

1073 1941 1120 1971 sic
1135 1941 1283 1971 nutritur
1297 1941 1432 1971 humore
1449 1941 1535 1971 lunae
1552 1945 1585 1971 et
1601 1941 1761 1982 gignitur.

1073 1989 1123 2019 Ex
1139 1989 1189 2019 his
1205 1988 1408 2028 intelligitur
1418 1999 1476 2020 cur
1493 1999 1511 2020 a
1524 1989 1632 2020 Poeta
1647 1994 1761 2022 nostro

1071 2028 1203 2068 dicotur
1221 2039 1230 2055 ‘
1247 2042 1394 2068 maturos
1418 2038 1550 2078 aperire
1567 2043 1682 2078 partus
1701 2039 1763 2070 Le·

1070 2087 1143 2117 nis!
1186 2086 1273 2117 Vide
1288 2095 1344 2117 ιιι.
1360 2086 1428 2118 Od.
1445 2089 1498 2118 22.
1521 2091 1557 2118 et
1578 2096 1627 2120 ιν.
1643 2087 1710 2119 od.
1726 2090 1760 2120 6.

1072 2139 1123 2168 38.
1143 2137 1224 2168 Not.

1115 2187 1154 2216 17
1186 2185 1345 2215 Proetum
1383 2185 1526 2225 sobolem]
1575 2185 1760 2216 Romanam

1073 2239 1205 2273 gentem
1242 2234 1393 2274 adeoque
1438 2234 1621 2274 potentiam
1662 2243 1761 2275 auge,

1074 2281 1250 2323 amplifica.

1120 2334 1156 2362 18
1179 2325 1314 2363 Decreta
1334 2339 1424 2370 super
1433 2330 1585 2369 jugandis
1599 2331 1762 2371 Faemim‘s,

1071 2381 1140 2420 ξω]
1164 2381 1216 2411 De
1242 2379 1413 2411 connubiis
1437 2380 1503 2409 rite
1526 2379 1761 2411 contrahendis

1073 2430 1113 2460 ad
1137 2429 1359 2469 generandam
1384 2428 1523 2467 prolem,
1535 2421 1761 2468 supplendos·

1072 2488 1138 2519 que
1154 2477 1338 2508 exercitus.
1370 2477 1553 2508 Censorum
1564 2475 1622 2516 jus
1639 2481 1674 2508 et
1689 2476 1760 2508 offi-

1073 2529 1158 2559 cium
1181 2530 1268 2565 erat,
1283 2525 1421 2556 coelibes
1448 2524 1489 2556 ad
1514 2526 1759 2558 matrimonium

1071 2585 1204 2616 cogere.

1114 2628 1155 2656 20
1175 2625 1258 2664 Lege
1281 2622 1410 2663 mama]
1440 2623 1599 2664 Intellige
1626 2632 1689 2655 non
1714 2625 1761 2656 le-

1073 2683 1147 2714 gem
1164 2674 1363 2713 Poppaeam‚
1379 2683 1452 2714 quae
1466 2670 1678 2714 mortuojam
1693 2675 1761 2715 pri-

1071 2723 1147 2753 dem
1170 2722 1338 2759 *Horatim
1367 2726 1403 2752 et
1435 2726 1508 2761 post
1537 2722 1647 2753 Ludos
1675 2723 1763 2762 istos>

1070 2772 1256 2804 Saeculares
1288 2771 1382 2804 annis
1412 2773 1464 2804 25.
1489 2771 1560 2804 latu
1587 2775 1666 2811 est3
1699 2771 1757 2804 sed
