1890 3256
632 307 980 360 Epis'rommmu
1019 307 1113 337 mn.
1145 296 1177 338 ι’.
1206 296 1276 339 12.
1563 294 1673 335 1145
1698 348 1702 351 ἢ

226 401 463 442 Armenius
484 401 667 442 cecidit:
692 401 770 455 jus
790 386 1110 455 imperiumque
1133 399 1347 441 Phraates

227 468 421 510 Caesaris
443 469 618 521 accepit
637 468 822 521 genibus
841 469 1007 509 minor:
1040 479 1173 508 aurea
1193 466 1339 519 fruges

226 531 372 577 It‘aliae
393 535 525 589 pleno
545 533 714 575 defudit
735 534 882 588 Copia
902 547 1051 575 cornu.

224 643 313 695 suns.
339 664 496 697 Phraates
507 666 638 706 supplex
652 665 788 697 subdidit
804 675 837 697 se
849 665 969 705 legibus
983 676 1020 698 ac
1031 666 1182 707 potestati
1199 664 1347 697 Coesaris.
1375 663 1578 698 Abundantia
1590 663 1679 703 pleno

226 707 446 747 cornusruges
459 708 568 739 Italioe
579 707 732 748 profudit.
1368 710 1370 713 '

838 790 975 803 eoum
977 791 1076 803 00000

227 876 326 908 born.
337 878 369 907 2.
381 878 412 908 3.
430 876 588 908 Cantabis.
602 876 784 915 Bamberg.
797 880 831 907 et
842 876 1075 908 Schoenborn.
1085 878 1117 908 4.
1130 875 1354 908 Claudii.—2⁷
1370 874 1560 915 Bentleius,
1572 874 1684 916 inquit

228 917 353 956 Jaeck,
368 919 466 959 legit,
490 919 644 958 Tigranes
658 930 668 950 .-
690 919 753 949 hoc
768 917 907 957 falsum
934 924 1031 950 certe
1047 927 1114 948 non
1132 918 1256 958 legitur
1282 917 1432 957 Tigranes
1450 919 1485 948 in
1500 917 1579 948 edd.
1596 917 1683 948 Can-

230 960 300 992 tab.
323 963 418 992 1711.
435 960 546 991 Amst.
566 963 659 992 1⁷13.
675 963 769 992 1717.
785 961 965 992 phrahates
988 961 1093 992 Baxt.
1112 959 1306 1000 Phraphates
1320 960 1501 1000 Bamberg.
1527 959 1685 990 Phurates

227 1002 463 1034 Schoenborn.
479 1005 599 1034 3.-29
615 1002 695 1033 Vat-
717 1006 750 1034 2.
768 1013 787 1033 a
802 1014 845 1034 m.
860 1012 911 1043 pr.
932 1003 1029 1034 Vatt.
1046 1006 1077 1034 7.
1092 1005 1124 1034 9.
1143 1005 1196 1033 12.
1211 1003 1291 1033 Vat.
1315 1003 1412 1033 Rom.
1426 1005 1458 1033 2.
1480 1001 1636 1033 Vallicel.
1656 1004 1685 1033 1.

228 1044 387 1075 Vallicel.
403 1048 434 1076 3.
452 1055 472 1076 a
486 1054 531 1075 m.
545 1054 600 1085 pr.
614 1048 650 1075 et
661 1045 719 1075 alii
734 1044 834 1076 codd.
849 1054 904 1084 ap.
919 1045 1035 1075 Bentl.
1054 1048 1208 1075 notatum
1224 1052 1270 1074 ex·
1286 1044 1363 1076 cod.
1387 1045 1420 1074 in
1443 1053 1502 1074 ora
1527 1043 1583 1075 ed.
1606 1042 1686 1075 Ald.
1710 1079 1713 1082 ,

230 1089 328 1118 1519.
343 1087 378 1118 in
394 1086 560 1118 Biblioth.
576 1086 734 1126 Angelic.
760 1091 797 1118 et
822 1089 919 1118 1509.
946 1087 979 1117 iu
999 1087 1164 1117 Biblioth.
1184 1086 1365 1117 Barberin.
1395 1086 1546 1117 restituit
1567 1085 1686 1117 Bentl.

229 1128 310 1160 inde
325 1138 508 1170 anonymus
522 1129 617 1169 Traj.
633 1129 674 1160 ad
691 1129 800 1160 Rhen.
827 1131 923 1160 1713.
947 1129 1092 1169 Cuning.
1116 1128 1241 1160 Sanad.
1267 1127 1404 1159 Mervil.
1433 1127 1578 1167 Dorigh.
1604 1127 1686 1166 Fea,

229 1170 354 1212 Bothe,
375 1170 499 1211 Jaeck,
522 1171 677 1209 Francis,
693 1176 729 1202 et
744 1170 850 1202 Kidd.
887 1170 954 1202 Alii
970 1171 1070 1203 codd.
1085 1170 1248 1212 diffundit,
1262 1170 1404 1211 diffudit.
1418 1171 1542 1210 Vulgg.
1554 1169 1687 1208 defudit.

230 1213 242 1236 ‘-
253 1212 408 1245 Annotat
422 1213 612 1250 Bentleius,
628 1214 655 1244 si
671 1214 791 1252 defudit
802 1223 884 1245 vera
895 1214 940 1245 sit
956 1214 1072 1255 lectio,
1085 1217 1162 1254 post
1177 1213 1324 1244 Messem
1341 1212 1501 1253 scriptam
1514 1221 1590 1243 esse
1601 1212 1687 1243 hanc

232 1255 446 1296 Epistulam
474 1255 502 1287 si
526 1255 681 1294 defundit,
708 1256 831 1287 Messis
860 1261 1024 1300 tempore.
1070 1256 1116 1287 At
1131 1256 1217 1286 male
1233 1255 1320 1296 ipse,
1336 1255 1461 1296 aliique
1477 1257 1690 1295 supponunt,

231 1298 400 1330 vocabulo
416 1298 533 1338 fruges
549 1299 700 1330 triticum
717 1302 846 1330 tantum
864 1298 1053 1337 contineri3
1074 1307 1152 1330 cum
1168 1302 1283 1329 notum
1301 1297 1344 1328 sit
1359 1298 1412 1329 vel
1429 1307 1470 1329 ex
1484 1296 1631 1333 henricis,
1646 1305 1688 1327 eo

232 1340 344 1372 omnia
367 1339 537 1372 fructuum
555 1350 683 1381 genera
697 1341 960 1381 comprehendi3
986 1341 1087 1372 etiam
1114 1335 1266 1380 g'landes,
1287 1349 1399 1380 poma,
1422 1349 1532 1378 uvam,
1559 1343 1690 1370 cetera.

234 1381 365 1414 Confer
380 1391 407 1414 1.
423 1383 491 1415 od.
503 1385 556 1415 17.
573 1386 625 1414 14.
638 1393 732 1423 seqq.
745 1392 797 1414 ιν.
809 1383 878 1415 Od.
895 1386 926 1415 7.
945 1385 996 1414 11.
1010 1383 1120 1414 Carm.
1135 1382 1224 1414 Saec.
1234 1385 1288 1414 29.
1302 1391 1327 1413 1.
1341 1383 1449 1423 Epist.
1462 1385 1514 1414 16.
1530 1384 1562 1413 9.
1588 1381 1688 1412 Hanc

233 1423 407 1456 fructuum
431 1426 628 1457 varietatem
655 1426 860 1457 cumulatam
883 1426 1033 1457 videmus
1064 1426 1099 1456 in
1122 1434 1235 1456 cornu.
1255 1424 1383 1465 Copia’,
1404 1425 1492 1466 quod
1519 1425 1691 1462 Fortunae,

235 1466 480 1507 Abundantiae,
502 1471 539 1499 et
565 1468 777 1499 Fluminibus
806 1467 966 1499 tribuitur
988 1468 1023 1498 in
1039 1467 1184 1508 antiquis
1200 1467 1436 1506 monumentis,
1448 1467 1581 1502 statuis,
1596 1475 1691 1496 num-

235 1510 310 1548 mis,
324 1504 390 1541 &m
435 1509 550 1551 Atque
576 1511 653 1542 ideo
676 1509 718 1541 ad
734 1510 850 1541 messis
866 1514 999 1551 tempus
1015 1509 1136 1541 referri
1160 1518 1277 1540 versus
1304 1509 1396 1540 nullo
1423 1509 1523 1540 modo
1543 1508 1690 1549 poterit:

234 1552 340 1592 magis
352 1551 393 1584 ad
411 1552 490 1584 anni
505 1551 620 1592 finem,
634 1562 694 1583 seu
708 1558 784 1593 post
801 1552 1020 1583 Autumnum.
1059 1553 1106 1583 At
1121 1552 1246 1583 rectius
1262 1555 1359 1592 puto,
1373 1556 1480 1583 totum
1490 1560 1611 1582 annum
1625 1549 1693 1581 fru-

234 1593 380 1634 giferum
396 1595 582 1635 respicere,
598 1605 657 1627 seu
674 1595 834 1626 continue
850 1593 1006 1635 frugibus
1023 1594 1266 1634 abundantem,
1287 1594 1513 1634 ‘locupletem
1537 1591 1692 1633 frugibus

236 1636 385 1676 annum,’
399 1646 438 1669 ιι.
454 1638 566 1678 Epist.
583 1641 612 1668 1.
637 1639 712 1668 137.
730 1643 768 1668 ut
784 1638 831 1668 ita
846 1637 949 1669 etiam
963 1638 997 1668 in
1012 1637 1075 1668 hoc
1091 1636 1249 1677 Augusto
1266 1640 1423 1676 gratetur
1439 1635 1563 1674 Poeta,
1577 1643 1694 1676 quem-

237 1678 416 1710 admodum
434 1689 485 1712 iv.
498 1679 566 1711 Od.
583 1683 634 1711 15.
649 1683 681 1711 5.
720 1680 868 1711 Demum
886 1679 995 1719 Copia
1009 1688 1115 1710 cornu
1143 1683 1151 1696 ‘
1164 1677 1355 1710 defundere
1371 1678 1378 1691 ’
1402 1678 1522 1709 melius
1538 1677 1692 1714 dicetur3

237 1720 319 1761 quia
330 1726 382 1753 est
397 1721 439 1752 ab
456 1731 523 1752 uno
539 1731 632 1762 vase,
649 1731 692 1753 ex
709 1721 794 1761 alto,
807 1725 842 1753 et
854 1721 1034 1754 confertim
1049 1720 1212 1760 fundere;
1235 1730 1335 1761 quam
1358 1724 1367 1737 ¹
1379 1719 1693 1760 diffundere‚'quod

237 1767 331 1794 esset
356 1763 431 1803 hac,
458 1764 534 1796 illac
555 1763 775 1803 distribuere,
800 1773 973 1804 spargere.
1018 1764 1159 1795 Petron.
1176 1773 1205 1794 c.
1221 1767 1251 1794 5.
1270 1766 1322 1794 21.
1346 1764 1354 1779 ‘
1369 1763 1426 1794 Sic
1442 1761 1580 1794 flumine
1596 1762 1693 1801 largo

237 1805 366 1836 Plenus
377 1806 493 1838 Pierio
509 1805 676 1839 defundes
693 1811 834 1847 pectore
851 1806 954 1838 verba
967 1806 990 1845 ;'
1006 1807 1061 1837 ubi
1079 1806 1198 1837 eadem
1213 1805 1359 1837 varietas
1377 1805 1411 1836 in
1428 1805 1510 1836 Mss.
1523 1809 1559 1835 et
1575 1803 1696 1836 editis:

237 1850 276 1878 ut
287 1847 379 1888 apud
395 1848 562 1880 Prudent.
578 1859 618 1882 11.
633 1853 752 1880 contra
766 1849 1042 1890 Symmach.675.
1057 1848 1208 1889 aliosque
1220 1847 1414 1888 Scriptores
1428 1847 1563 1887 passim.
1607 1846 1697 1878 Con·

237 1887 290 1963 {ear
306 1899 447 1963 2usupqlue
471 1899 497 1921 1.
521 1891 593 1924 Sat.
626 1895 657 1923 5.
688 1894 739 1923 10.
765 1901 805 1923 11.
826 1892 896 1923 Sat.
914 1894 946 1923 2.
973 1894 1026 1922 58.
1051 1901 1075 1923 1.
1093 1891 1204 1932 Epist.
1220 1893 1250 1922 3.
1267 1893 1297 1921 8.
1325 1890 1437 1931 Epist.
1454 1893 1484 1920 5.
1499 1893 1532 1921 4.
1558 1897 1607 1920 ιν.
1627 1887 1696 1919 Od.

284 1953 293 1964 .
351 1952 359 1962 .
423 1941 471 1963 ea.

901 2016 1043 2048 NOTAE

242 2095 279 2123 to
295 2079 337 2123 ad
351 2090 530 2123 Orientem
544 2089 712 2129 exercitu,
725 2099 866 2130 regnum
880 2089 944 2120 Ar-

242 2141 361 2172 meniae
387 2140 526 2181 Tigrani
550 2139 714 2178 restituit,
737 2149 777 2170 ac
802 2149 863 2179 pro
886 2139 944 2170 tri·

242 2190 359 2222 bunali
384 2189 543 2222 diadema
569 2189 743 2229 imposuit.
796 2189 945 2230 Recepit

243 2245 279 2272 et
301 2241 410 2282 signa,
431 2249 506 2282 quae
534 2239 585 2271 M.
602 2239 725 2270 Crasso
748 2238 946 2270 ademerant

244 2291 393 2324 Parthi!
438 2292 494 2322 De
525 2290 646 2323 Claud.
679 2291 815 2322 Nerone
841 2299 945 2330 supra

243 2351 268 2373 1.
298 2341 410 2381 Epist.
438 2343 469 2371 3.
495 2344 532 2372 et
561 2342 594 2372 9.
638 2340 691 2372 De
719 2339 881 2371 Armenia
904 2349 944 2371 n.

247 2391 318 2423 od.
334 2394 366 2422 9.

285 2443 326 2472 27
343 2439 516 2479 Phraates]
533 2439 716 2471 Persarum
732 2447 793 2470 rex
809 2443 844 2470 et
860 2439 948 2470 Par-

245 2490 392 2521 thorum.
417 2489 506 2519 Vide
525 2498 565 2520 11.
581 2489 650 2521 Od.
666 2492 698 2520 2.

288 2543 330 2573 28
348 2540 487 2572 Genibus
500 2540 616 2580 minor]
639 2540 843 2580 Supplicans
855 2539 945 2580 apud

248 2591 439 2631 Augustum
455 2590 638 2621 Caesarem.
663 2590 751 2621 Plin.
769 2598 810 2621 11.
827 2591 882 2623 25.
899 2589 946 2619 ita

248 2639 387 2672 scribit:
419 2639 428 2656 ‘
446 2638 601 2669 Hominis
626 2639 765 2680 genibus
789 2638 945 2680 quaedam

247 2691 336 2724 inest
365 2689 497 2731 religio,
522 2689 758 2723 observatione
785 2690 949 2732 gentium.

999 2089 1088 2120 Haec
1115 2088 1290 2129 supplices
1319 2089 1514 2128 attingunt:
1554 2087 1596 2119 ad
1625 2088 1698 2119 haec

997 2147 1116 2170 manus
1133 2138 1298 2169 tendunt:
1315 2137 1387 2168 haec
1400 2142 1437 2169 ut
1449 2147 1523 2168 aras
1536 2138 1698 2170 adorant:

997 2186 1144 2219 fortasse
1160 2187 1240 2229 quia
1252 2186 1342 2218 inest
1357 2187 1398 2218 iis
1414 2187 1590 2218 vitalitas.'
1621 2188 1698 2226 Vir-

998 2238 1054 2278 gil.
1073 2237 1147 2267 AEn.
1164 2245 1222 2269 111.
1245 2239 1322 2268 607.
1345 2237 1355 2256 ‘
1374 2236 1497 2268 Genua
1522 2238 1698 2278 amplexus

998 2286 1204 2327 genibusque
1215 2287 1372 2317 volutans
1381 2285 1573 2317 Haerebat-⁹
1589 2287 1698 2320 Quem

995 2336 1029 2367 in
1061 2336 1172 2367 locum
1192 2335 1350 2374 Servius,
1376 2335 1385 2353 ‘
1402 2334 1548 2371 Genua:
1577 2335 1699 2377 inquit,

996 2386 1006 2404 ‘
1023 2385 1269 2418 misericordiae
1299 2390 1511 2424 consecrata,
1537 2390 1573 2416 ut
1600 2395 1698 2417 aures

996 2437 1182 2477 memoriae,
1198 2435 1291 2467 frons
1309 2436 1424 2477 genio,
1441 2435 1560 2466 dextra
1575 2434 1678 2467 fidei.'

1039 2487 1148 2518 Aurea
1168 2486 1297 2525 fruges,
1325 2484 1394 2524 Qun]
1431 2483 1618 2515 Abundans
1643 2488 1697 2515 est

997 2537 1135 2578 frugum
1156 2544 1289 2567 annona
1312 2539 1348 2566 et
1370 2538 1551 2575 proventus
1574 2534 1607 2565 in
1625 2538 1698 2565 tota

999 2587 1115 2620 Italia.

1043 2639 1085 2669 29
1106 2637 1206 2668 Pleno
1230 2635 1328 2676 Copia
1341 2632 1452 2674 cornu]
1477 2631 1562 2666 Vide
1583 2642 1610 2666 1.
1627 2632 1694 2665 Od.

1002 2689 1040 2719 17
1048 2709 1055 2719 .
