1890 3256
575 308 924 340 EPISTOLARUM
963 309 1054 340 mn.
1089 310 1119 339 ι.
1148 300 1191 340 6.
1495 296 1607 337 1111

154 403 247 455 Qui
266 403 434 445 fodicet
452 403 586 453 latu&
606 408 653 444 et
673 407 804 457 cogat
823 407 945 446 trans
966 404 1164 457 pondera
1184 403 1383 444 dextram

153 469 410 524 Porrigere:
442 470 534 512 Hic
555 470 738 511 multum
759 470 803 512 in
825 471 970 512 Fabia
988 471 1121 521 valet,
1149 471 1224 512 ille
1246 470 1435 522 Velina3

154 536 241 578 Cui
260 536 373 578 libet
391 538 432 578 is
451 537 597 578 fasces
617 537 753 587 dabit,
775 539 1021 592 eripietque
1041 538 1189 581 curule

149 667 254 702 gerat,
270 665 324 705 qui
337 665 420 697 batus
432 664 597 696 sinistrum
608 669 740 705 pungat,
754 670 936 707 ‚nouemque
951 676 1078 698 manum
1091 666 1206 707 offerre
1221 668 1308 697 trans
1321 667 1436 702 molen
1451 668 1543 706 atque
1559 665 1607 696 in-

149 710 300 747 suntme,
314 707 539 748 indigitetque:
565 708 630 739 Iste
642 708 812 748 plurimum
822 712 926 749 potest
939 709 974 740 in
993 709 1094 740 Fabia
1109 709 1207 748 tribu,
1222 709 1274 739 Ιιίι·
1286 709 1319 739 in
1341 708 1450 740 Velina
1460 719 1470 739 .·
1493 709 1546 739 ille
1557 707 1608 738 cui

759 801 1001 814 comme

151 864 314 896 Feta—53
335 865 346 883 ‘
359 865 495 897 Cuilibet
508 866 674 905 hiesu-sees
686 866 774 898 dabie
788 866 926 899 codices
942 866 1119 907 proletarii
1146 876 1222 898 cum
1247 866 1451 898 editionibus
1466 878 1473 895 z
1497 874 1608 907 neque

150 907 328 948 quicquam
345 908 511 940 adnotant
524 908 759 949 Interpretes3
774 909 838 940 nisi
851 909 940 950 quod
958 910 1049 940 solus
1062 909 1289 940 Bersmannus
1304 909 1337 939 iu
1354 918 1421 939 uno
1433 917 1493 939 suo
1503 909 1532 939 is
1547 917 1608 949 pro

148 948 202 980 lu'e
213 949 367 982 extitisse
382 955 559 982 memorat.
605 950 654 983 At
669 960 728 982 nos
739 951 773 982 in
787 951 960 983 veteribus
977 952 1116 989 uostris,
1136 951 1335 991 Graeviano,
1350 951 1546 991 Reginensi,
1569 955 1606 982 et

148 990 316 1024 Vos-iano
340 993 390 1024 sic
417 993 630 1024 invenimus:
653 994 704 1024 Ιιὶο
726 994 859 1024 maltum
883 994 917 1025 in
936 994 1033 1025 Fabia
1055 995 1149 1034 valet,
1163 993 1216 1025 ille
1238 994 1366 1025 Velina.-
1392 993 1453 1024 Cui
1474 993 1551 1024 libet
1577 994 1607 1024 is

138 1032 246 1072 sance!
258 1034 358 1073 dabit,
370 1035 538 1076 eripietque
551 1036 657 1067 curule
674 1036 736 1067 Cui
749 1037 830 1067 volet
843 1036 1038 1076 importunus
1053 1035 1139 1066 ebur.
1185 1036 1398 1067 Rectissime.
1443 1035 1524 1074 Hic,
1538 1035 1606 1075 ille,

149 1075 200 1112 tu
223 1076 281 1108 ubi
295 1076 325 1108 is
350 1079 489 1108 tertium
514 1077 683 1118 quendam
700 1077 891 1119 significet:
919 1082 955 1109 nt
969 1078 1019 1109 hic
1034 1077 1123 1109 idem
1141 1078 1208 1109 erit
1223 1078 1280 1119 qui
1304 1079 1446 1118 primns,
1469 1086 1607 1118 prorsus

149 1123 272 1150 eontra
285 1123 434 1150 mentem
449 1120 608 1151 tinctoris.
652 1119 743 1151 Illud
759 1119 885 1151 deinde
904 1120 1041 1152 Cuilibet
1063 1120 1218 1161 ineptum
1236 1120 1336 1160 plane
1357 1125 1410 1151 est
1436 1125 1471 1151 et
1486 1119 1607 1150 absur-

149 1158 244 1192 dum.
288 1159 341 1192 An
357 1161 385 1192 is
398 1161 537 1201 cuilibet,
546 1162 608 1193 boc
622 1167 689 1201 est,
702 1162 815 1202 cuivis,
829 1163 1009 1202 cuia-namque
1022 1162 1122 1202 obvio,
1137 1164 1187 1202 τᾷ
1199 1161 1341 1201 τυχόντι,
1357 1162 1452 1193 dabit
1469 1161 1605 1193 fasces?

149 1210 193 1232 an
209 1203 364 1234 omnibus
379 1213 476 1245 oeque
490 1202 599 1244 favet,
615 1209 651 1236 et
666 1205 832 1236 neminem
849 1205 952 1236 habet
966 1205 1150 1236 eximium?
1185 1205 1291 1236 lmmo
1306 1205 1463 1246 disjunge
1479 1213 1582 1236 voces
1593 1213 1611 1242 ς·

150 1248 189 1275 ut
202 1245 344 1277 cuilibet
370 1246 512 1286 perinde
528 1247 586 1286 sit,
602 1256 642 1278 ac
657 1253 824 1288 sequente
840 1256 940 1278 versu
955 1248 1004 1279 cui
1019 1248 1111 1279 volet.
1156 1247 1302 1280 Ovidius
1317 1249 1421 1280 Trist.
1438 1255 1495 1278 111.
1506 1249 1539 1278 7.
1550 1248 1606 1277 41.

148 1287 159 1303 ‘
171 1286 307 1329 Nempe
323 1287 385 1320 dat
399 1287 456 1320 id:
480 1289 685 1331 cuicumque
700 1289 785 1321 libet
800 1290 953 1321 Fortuna
966 1289 1150 1331 rapitque:
1163 1289 1172 1303 ’
1198 1290 1304 1321 Bentl.
1347 1290 1489 1328 issasces
1501 1290 1606 1320 etiam

806 1385 952 1419 NOTAE

190 1449 231 1478 ⁵1
244 1446 373 1478 Loevum
389 1447 454 1483 Qui
465 1447 586 1486 fodicet
601 1448 700 1489 zatus]
721 1449 849 1480 Servus
944 1451 988 1480 52
1014 1448 1079 1480 Hic
1104 1451 1237 1480 muttum
1265 1447 1299 1479 in
1323 1447 1438 1487 Fabia,
1456 1446 1525 1487 dra]
1549 1445 1606 1477 Sic

145 1497 381 1528 nomenclator
402 1497 565 1528 incedens
593 1498 635 1529 ad
666 1499 753 1530 latus
777 1499 848 1530 beri
902 1500 1137 1531 nomenclator
1162 1499 1247 1530 hero
1273 1496 1460 1529 candidato
1484 1505 1607 1538 sugge-

146 1546 284 1584 laevum,
312 1547 448 1579 honoris
480 1557 598 1587 causa,
629 1549 763 1590 quoties
789 1549 849 1580 ob-

145 1596 224 1629 vius
237 1602 383 1638 repente
397 1596 505 1629 fiebat
516 1597 683 1639 quispiam
700 1599 849 1630 salutan-

146 1644 223 1684 dus,
237 1645 365 1678 domini
380 1647 471 1679 latus
487 1646 606 1678 cubito
623 1647 783 1688 pulsabat
798 1647 848 1679 fo-

146 1694 368 1738 dicabatqne,
391 1701 495 1737 atque
519 1697 752 1728 insusurrabat
773 1698 849 1739 quis

146 1749 184 1776 et
207 1746 317 1786 qualis
340 1751 432 1777 esset
457 1746 516 1777 ille
541 1746 639 1787 civis,
662 1751 701 1779 ut
724 1747 789 1778 rite
813 1753 849 1779 et

145 1793 287 1826 {noneste
302 1795 549 1836 appellaretur.

190 1843 293 1876 stane
319 1847 456 1885 pondera
490 1847 634 1877 dextram
664 1845 849 1886 Por-rigere]

145 1893 252 1926 Varia
275 1893 331 1926 hic
359 1895 445 1925 varii
468 1894 640 1926 effutiunt.
684 1896 772 1927 Sunt
790 1897 848 1937 qni

145 1944 258 1975 notari
294 1944 401 1976 velint
442 1944 638 1975 ambitiosos
681 1945 847 1984 petitores

146 1993 284 2033 publica
300 1992 452 2033 pondera
474 1994 507 2024 in
530 1993 769 2034 largitionibus
783 2003 847 2025 -ex-

146 2041 324 2082 cedentes,
339 2047 375 2074 et
390 2042 470 2082 olei,
491 2043 572 2083 vini,
586 2048 848 2084 ceterorumque

147 2091 338 2132 plusculum
354 2091 533 2122 donantes.
579 2090 646 2122 Alii
670 2091 718 2122 sic
739 2094 848 2132 expll-

147 2146 251 2174 cant:
274 2145 413 2172 moneat
433 2140 609 2172 brachium
632 2149 775 2172 exerere
791 2151 849 2172 ex-

147 2195 203 2222 tra
217 2195 331 2231 togam
349 2190 527 2222 collectam
545 2193 582 2221 et
593 2190 849 2230 complicatam,

146 2241 372 2282 dextramque
403 2240 579 2281 porrigere
608 2239 650 2270 ad
687 2249 848 2280 prensan-

147 2290 228 2323 dum
243 2295 479 2322 occurrentem
495 2293 588 2320 sorte
603 2290 724 2321 civem.
762 2290 848 2321 Haec

145 2349 228 2372 une
244 2341 344 2380 longe
360 2339 503 2381 quaesita
520 2338 713 2371 videantur.
756 2340 849 2370 Vero

146 2390 287 2432 propius
315 2396 389 2421 est:
427 2389 608 2420 admoneat
629 2389 848 2421 candidatum

146 2440 338 2472 occurrenti
354 2439 420 2471 civi
437 2439 572 2471 obviam
588 2439 652 2476 ire,
666 2444 702 2471 et
717 2448 847 2470 manum

147 2489 204 2520 vel
229 2488 421 2529 prensando
444 2488 498 2519 vel
521 2488 715 2528 adjuvando
739 2490 847 2529 porri-

149 2546 251 2579 gere;
272 2538 440 2578 superatis
455 2538 557 2569 etiam
578 2539 847 2581 impedimentis,

148 2590 176 2620 si
193 2596 270 2630 quae
292 2588 538 2630 interveniant,
554 2600 584 2622 v.
601 2601 634 2631 g.
658 2591 729 2622 sive
746 2590 848 2622 turba

147 2638 335 2678 obstiterit,
358 2638 429 2669 sive
453 2639 557 2670 moles
583 2645 644 2672 ant
672 2641 786 2673 trabes
816 2642 850 2672 in

148 2688 206 2720 via
219 2696 366 2729 saxaque
387 2687 575 2728 ponderosa
588 2689 720 2722 fuerint
742 2692 847 2722 inter-

148 2739 272 2780 medie,
298 2748 341 2769 ea
369 2739 606 2777 transiliendo,
633 2746 670 2774 et
698 2743 847 2774 salutan-

149 2790 230 2820 dum
267 2788 376 2821 civem
412 2788 595 2830 diligenter
631 2796 668 2824 et
695 2791 846 2826 officiose

150 2839 320 2872 adeundo.

902 1550 967 1580 rit:
985 1549 1038 1580 En
1054 1549 1112 1580 ille
1130 1547 1214 1580 civis
1230 1549 1263 1579 in
1280 1547 1386 1579 Tribu
1403 1545 1509 1578 Fabia
1520 1546 1607 1577 mul-

901 1603 973 1630 tum
991 1599 1106 1630 valet:
1135 1607 1211 1629 eum
1234 1597 1376 1638 perinde
1396 1595 1512 1627 multis
1533 1593 1607 1626 offi-

902 1648 964 1680 ciis
981 1654 1017 1680 et
1033 1647 1275 1679 blandimentis
1290 1652 1406 1688 capta.

947 1698 1060 1738 Fabia,
1089 1697 1211 1738 Velina]
1248 1697 1334 1737 Pop.
1367 1697 1463 1728 Rom.
1492 1696 1525 1727 in
1552 1698 1607 1727 35.

902 1748 1011 1780 tribus
1035 1757 1095 1779 seu
1117 1748 1247 1778 classes
1268 1751 1328 1778 ant
1353 1745 1497 1777 familias
1519 1745 1606 1776 divi-

903 1809 988 1836 sum,
1003 1803 1127 1831 norunt
1138 1807 1276 1837 omnes;
1292 1801 1328 1828 et
1343 1795 1506 1836 suffragia
1521 1794 1606 1826 ferri

902 1849 1004 1879 solita
1013 1848 1115 1879 modo
1132 1848 1270 1883 viritim,
1285 1855 1345 1877 seu
1362 1855 1425 1887 per
1437 1845 1526 1876 viros
1538 1845 1605 1875 sin-

903 1898 998 1938 gulos
1007 1907 1017 1936 ;
1027 1897 1129 1928 modo
1139 1896 1296 1927 tributim
1307 1901 1365 1926 aut
1375 1894 1607 1933 centuriatim,

902 1945 935 1976 id
953 1950 1020 1985 est,
1031 1955 1093 1986 per
1109 1946 1216 1976 tribus
1233 1949 1293 1975 aut
1305 1943 1489 1976 centurias.
1512 1942 1604 1974 Vide

901 1994 1002 2026 Alex.
1020 1995 1064 2025 ab
1082 1994 1182 2025 Alex.
1197 2002 1246 2026 iv.
1261 1996 1294 2025 3.
1316 1994 1374 2024 ubi
1391 1993 1435 2024 de
1457 1992 1604 2024 comitiis

900 2045 1059 2082 curiatis,
1080 2044 1296 2082 centuriatis,
1314 2043 1468 2081 tributis,
1493 2043 1604 2084 deque

900 2093 998 2124 varia
1012 2093 1156 2125 subinde
1173 2093 1304 2124 ratione
1319 2090 1539 2131 suffragandi.

948 2143 1063 2183 Fabia]
1089 2142 1117 2173 A
1135 2146 1237 2182 gente
1253 2141 1436 2172 Fabiorum
1453 2141 1605 2185 nomina-

901 2192 1032 2224 tissima
1046 2193 1141 2223 dicta
1155 2195 1221 2222 est.

949 2242 1077 2282 Velina]
1107 2242 1176 2273 Seu
1207 2251 1227 2272 a
1253 2241 1365 2280 Velia,
1391 2240 1485 2272 edita
1509 2239 1604 2271 urbis

902 2293 1061 2333 regione3
1085 2300 1144 2322 seu
1162 2300 1182 2322 a
1196 2290 1318 2322 Velino
1334 2291 1424 2329 lacu,
1440 2289 1537 2330 cujus
1554 2289 1603 2320 in-

901 2342 988 2373 colae
1005 2341 1038 2372 in
1052 2341 1228 2373 civitatem
1245 2339 1356 2371 asciti.
1385 2339 1514 2370 Cetera
1526 2338 1604 2368 Tri-

902 2391 1005 2423 buum
1028 2391 1175 2430 nomina,
1194 2398 1438 2430 numerumque
1453 2386 1604 2429 quando-

901 2451 968 2484 que
984 2442 1155 2473 diversum
1173 2441 1249 2481 lege
1266 2439 1356 2480 apud
1368 2439 1426 2470 cit.
1445 2437 1545 2468 Alex.
1559 2436 1603 2468 ab

901 2491 1002 2524 Alex.
1018 2501 1042 2524 1.
1060 2494 1113 2522 1⁷.
1129 2492 1194 2521 διο.

943 2544 985 2572 53
1010 2541 1072 2572 Cui
1093 2540 1167 2570 libet
1193 2539 1222 2569 is
1238 2538 1345 2576 fasces
1363 2535 1466 2576 dabie]
1489 2536 1603 2576 Impe-

906 2590 1003 2626 rium,
1032 2589 1259 2627 consulatum‚
1290 2595 1454 2618 summum
1485 2586 1606 2626 magis-

905 2644 1030 2672 tratum
1053 2639 1106 2670 bic
1129 2638 1225 2670 dabit
1247 2643 1284 2670 et
1308 2642 1440 2668 asseret
1454 2636 1605 2668 cuicum·

905 2699 970 2731 que
986 2690 1045 2720 ille
1060 2687 1240 2729 suffragari
1258 2687 1425 2727 voluerit3
1445 2687 1530 2718 adeo
1545 2696 1603 2718 va-

900 2740 950 2771 let
963 2738 1053 2780 apud
1066 2738 1222 2778 tribules,
1232 2742 1354 2780 totque
1365 2735 1604 2778 suffragatores

900 2799 1016 2822 secum
1033 2788 1151 2820 trahit.
1174 2789 1220 2819 Et
1236 2797 1254 2818 e
1268 2787 1448 2819 contrario.

945 2839 1075 2879 Fasces]
1098 2839 1208 2871 Nemo
1225 2838 1335 2870 nescit
1350 2847 1414 2878 pro
1429 2837 1604 2877 magistra-
