1904 3256
330 290 414 331 610
798 305 841 341 Q.
877 301 1084 334 HORA'rn
1120 302 1289 332 FLACC!

557 393 728 434 Plenus'
745 392 907 434 Albani
928 394 1092 443 cadus3
1124 396 1190 433 est
1208 393 1252 433 in
1272 393 1408 442 horto,

559 459 717 510 Phylli,
741 458 964 498 nectendis
985 458 1131 510 apium
1151 458 1348 509 coronis3
1408 483 1412 489 ι

893 522 973 563 Est
994 523 1163 563 hederae
1187 524 1251 563 vis

561 588 720 637 Multa,
743 600 829 641 qua
849 589 990 629 crines
1010 589 1184 642 religata
1204 589 1344 641 fulges
1361 603 1372 630 :
1727 592 1756 631 5

557 654 691 695 Ridet
711 659 884 706 argento
904 656 1079 696 domus:
1110 668 1186 696 ara
1207 657 1344 696 castis

556 719 715 760 Vincta
736 722 935 761 verbenis
956 726 1058 762 avet
1078 723 1302 762 immolato

893 787 1093 839 Spargier
1114 801 1248 840 agno:

557 850 728 892 Cuncta
746 851 921 892 festinat
942 866 1118 894 manus:
1152 853 1234 894 huc
1255 857 1296 894 et
1315 852 1420 894 illuc

333 961 366 991 in
387 961 474 993 horto
495 963 598 1003 apium
616 964 657 994 ud
678 963 805 994 corollas
828 964 996 994 texendas.-
1018 964 1110 995 habeo
1132 973 1275 1002 magnam
1289 965 1406 995 hederae
1428 964 1556 1004 copiam,
1568 973 1627 1004 qua
1648 962 1759 995 vinctis

333 1004 453 1042 cupillis
467 1005 647 1044 resplendes.
693 1005 806 1035 Niteut
819 1005 898 1034 oedes
911 1006 1067 1043 argenteis
1080 1005 1161 1036 vasis
1172 1016 1182 1035 :
1204 1015 1260 1035 ara
1275 1006 1410 1036 verbenis
1422 1006 1508 1045 puris
1521 1004 1663 1036 coronata
1673 1008 1757 1045 optat

333 1046 471 1085 respergi
496 1055 603 1077 cruore
625 1047 700 1085 agni
723 1046 862 1076 mactati.
910 1047 1022 1077 Manus
1037 1047 1170 1077 omnium
1193 1050 1314 1078 strenue
1339 1047 1496 1078 laborant.-
1513 1046 1642 1085 samuloe
1663 1046 1759 1077 cervis

929 1126 1165 1139 eeeeeeeeeeee

334 1189 459 1228 nescio,
474 1189 534 1220 nisi
551 1190 595 1220 sit
612 1199 671 1229 pro
685 1191 786 1228 horto,
802 1199 851 1220 vs.
866 1193 961 1220 2.—5
985 1189 994 1207 ‘
1015 1190 1158 1221 Haerent
1182 1191 1260 1221 VV.
1282 1192 1366 1222 DD.
1397 1190 1430 1221 in
1443 1192 1562 1230 fulg-es,
1577 1190 1656 1231 quie
1669 1190 1759 1222 domi

333 1230 465 1261 demum
477 1230 611 1261 Horatii
625 1231 753 1270 Phyllis
766 1230 959 1261 coronanda
968 1229 1080 1265 fuerit,
1094 1235 1129 1261 et
1145 1231 1192 1262 sic
1206 1232 1350 1262 nondum
1361 1232 1434 1272 jam
1446 1241 1532 1262 nunc
1546 1231 1678 1272 fulgere
1691 1231 1760 1262 dici

333 1271 496 1312 potnerit.
542 1271 650 1311 Igitur
662 1272 793 1311 fulgeas
817 1272 868 1311 (11.
895 1270 1023 1311 fulgere
1051 1271 1175 1312 possis)
1200 1273 1331 1303 emend.
1354 1273 1406 1303 vir
1425 1273 1542 1304 doctu·
1557 1272 1762 1313 ap.Mar‹·il.

333 1313 459 1344 duabus
482 1313 724 1353 posterioribus
740 1313 874 1353 syllabis
888 1313 921 1342 in
937 1313 1110 1343 scansione
1123 1322 1184 1353 per
1198 1314 1369 1354 Synizesin
1386 1314 1583 1350 contractis,
1598 1314 1694 1353 cujus·
1711 1313 1761 1344 rei

333 1354 478 1393 plurima
492 1355 645 1393 exempla
660 1359 750 1385 sunt.
785 1355 895 1392 fulgus
909 1353 994 1392 conj.
1015 1353 1038 1385 J
1042 1363 1123 1384 auus
1147 1355 1272 1394 Donsa,
1285 1355 1464 1386 Succidan.
1486 1363 1564 1395 app.
1579 1358 1759 1386 comment.

333 1396 368 1426 in
386 1395 468 1426 Hor.
491 1405 521 1425 c.
536 1403 578 1426 ιι.
595 1405 628 1435 p.
641 1398 716 1426 676.
739 1404 813 1426 cum
831 1395 966 1435 antique
982 1394 1027 1425 sit
1048 1397 1057 1412 ‘
1073 1394 1227 1434 fulgere(
1251 1397 1298 1426 nti
1321 1397 1330 1414 ‘
1346 1394 1502 1435 fervere:
1523 1400 1681 1435 correpta
1695 1405 1762 1427 me-

334 1436 403 1473 dia,
420 1436 460 1466 ad
478 1437 615 1467 tertiam
639 1436 911 1477 conjugationem
927 1435 1121 1474 formatum,
1137 1446 1189 1476 ap.
1206 1437 1342 1468 Lucret.
1355 1442 1391 1468 et
1406 1437 1526 1477 Virgil-
1569 1437 1638 1467 Pro
1655 1437 1762 1475 fulgus

333 1477 421 1507 idem
439 1477 550 1508 Dousa
574 1479 730 1518 proponit
749 1477 849 1508 etiam
863 1477 979 1516 fulgis,
995 1477 1148 1508 archaica
1162 1477 1366 1518 conjunctivi
1390 1477 1509 1517 forma,
1526 1487 1588 1518 per
1600 1478 1656 1516 im,
1668 1479 1706 1516 is,
1721 1479 1760 1516 ft,

334 1523 372 1549 ut
388 1519 477 1554 edim,
490 1520 529 1556 is,
546 1520 580 1550 it.
605 1519 670 1550 vid.
682 1519 725 1550 V.
742 1519 777 1550 L.
793 1518 833 1548 ad
852 1519 960 1558 Epod.
978 1527 1033 1550 ιιι.
1049 1521 1079 1550 3.
1122 1519 1158 1549 Si
1185 1519 1418 1550 emendatione
1439 1529 1523 1559 opus
1546 1524 1647 1555 esset,
1674 1519 1759 1549 hanc

334 1566 536 1601 postremam
550 1569 610 1599 ego
626 1559 821 1599 praeferrem
835 1570 843 1597 ;
861 1559 919 1590 sed
938 1560 1021 1590 bene
1036 1559 1137 1590 babet
1150 1560 1279 1599 fulges!
1293 1561 1448 1592 Jani.-9
1461 1561 1539 1591 Nic.
1550 1560 1711 1592 Heinsius
1726 1560 1760 1590 in

336 1601 486 1641 margine
503 1601 579 1632 cod.
596 1602 646 1632 sui
663 1603 794 1632 emend.
807 1601 977 1638 festinant.
1010 1602 1020 1618 ‘
1040 1601 1228 1632 Durissime
1244 1611 1322 1633 sane
1351 1606 1386 1632 et
1411 1611 1544 1641 prorsus
1560 1606 1677 1633 contra
1691 1611 1760 1632 mo-

979 1684 1119 1716 NOTAE

336 1751 391 1778 tur
411 1745 558 1778 efficere.
594 1746 713 1787 Virgil.
735 1748 806 1778 Ecl.
823 1756 877 1778 ιιι.
899 1746 909 1763 ‘
923 1746 1024 1787 Phyl-

333 1795 403 1826 lida
429 1795 524 1826 mitte
553 1795 631 1826 mihi
646 1806 655 1826 ι
687 1805 778 1827 meus
809 1800 861 1826 est
890 1796 1022 1834 natalis,

334 1843 443 1874 Iolla!

379 1892 505 1922 Nonum
518 1891 689 1932 superantia
705 1901 818 1922 annum
837 1892 950 1922 Plenus
965 1892 1021 1922 Az-

335 1941 406 1971 bam‘
430 1941 538 1981 cadus]
576 1940 687 1971 Cadus
710 1941 777 1971 vini
799 1945 875 1971 ante
903 1950 1021 1971 novem

336 1998 440 2021 annos
464 1989 602 2025 conditi,
624 1989 828 2030 proindeque
849 1988 971 2020 maturi
987 1993 1022 2020 et

337 2037 428 2068 boui.

376 2089 396 2117 2
413 2086 543 2126 Albani]
568 2085 666 2118 Quod
690 2094 732 2116 ex
751 2085 880 2116 Italicis
897 2086 1024 2116 suavis-

336 2135 451 2166 simum
477 2140 511 2165 et
536 2135 762 2175 gratissimum
786 2134 904 2165 asserit
919 2135 1023 2165 Athe-

337 2193 441 2221 naeua,
458 2184 515 2214 lib.
534 2193 556 2214 1.
571 2187 623 2214 25.
660 2183 754 2214 Idem
774 2187 917 2214 testatur
931 2183 1022 2214 Plin.

337 2241 414 2263 xiv.
431 2235 462 2263 2.
488 2237 522 2262 et
543 2236 574 2263 6.
593 2236 628 2262 et
647 2231 736 2263 alibi.
773 2232 924 2263 Martial.
941 2240 1024 2262 xm.

338 2284 410 2313 109.

378 2332 397 2360 3
423 2329 542 2370 Phylli]
566 2329 638 2359 Dea
653 2329 772 2368 eajam
787 2337 827 2359 ιι.
842 2331 874 2359 4.

379 2378 510 2418 Apium]
552 2378 628 2408 Hoc
665 2377 773 2408 arceri
810 2377 1020 2416 ebrietatem,

338 2427 528 2468 bonumque
557 2427 689 2466 corpori
715 2426 850 2456 odorem
877 2425 1022 2457 conferri

339 2477 450 2508 aiunt:
464 2476 540 2517 binc
557 2485 598 2510 ex
613 2484 654 2507 eo
666 2468 811 2507 coronae.
837 2475 926 2506 Vide
938 2475 1024 2507 Plin.

340 2533 402 2557 xx.
421 2528 470 2556 11.
488 2529 523 2555 et
536 2533 614 2558 xix.
630 2527 661 2555 8.
675 2524 735 2555 sub
750 2523 861 2555 finem.
886 2523 974 2555 Vide
989 2528 1025 2555 et

341 2582 365 2603 ι.
383 2574 450 2605 011.
465 2577 517 2605 36.
532 2577 623 2610 etu.
636 2572 704 2604 Od.
717 2576 748 2604 7.
764 2575 816 2605 24.
835 2573 914 2604 Not.

383 2624 403 2651 4
428 2622 576 2662 Hederae]
599 2622 686 2654 Haec
702 2621 837 2653 Baccho
853 2631 959 2658 sacra,
976 2626 1024 2653 at-

341 2679 404 2711 que
417 2671 589 2702 ebrietatis
603 2671 900 2711 antipharmacum.
923 2669 1025 2710 Apud

339 2719 486 2751 Tlieocr.
502 2719 602 2760 Idyll.
618 2730 672 2751 ιιι.
690 2725 803 2761 pastor
813 2729 967 2751 coronam
983 2729 1026 2750 ex

341 2769 466 2802 hedera
481 2774 516 2800 et
530 2768 605 2809 apio
618 2769 794 2809 implexam
808 2772 916 2809 gestat
927 2767 1024 2800 Ama-

1075 1747 1201 1788 ryllidis
1217 1757 1284 1778 suae
1301 1747 1420 1787 gratia.

1116 1799 1136 1827 6
1160 1797 1255 1828 Ridet
1268 1800 1395 1835 argento
1408 1794 1528 1835 domus]
1552 1794 1629 1826 Non
1646 1794 1762 1835 displi-

1074 1849 1128 1875 cet
1140 1847 1217 1876 novi
1231 1845 1426 1884 interpretis
1437 1850 1531 1876 mem
1541 1844 1649 1876 locum
1661 1843 1760 1874 istum

1074 1892 1123 1923 sic
1150 1893 1351 1932 explicantis
1369 1903 1377 1923 ε
1415 1893 1506 1923 aedes
1539 1894 1620 1923 meae
1651 1892 1762 1923 nitent

1074 1940 1165 1980 quasi
1189 1946 1384 1980 argentum;
1407 1940 1529 1971 munda
1551 1940 1674 1980 passim
1692 1949 1761 1971 om·

1073 1988 1130 2019 nia
1155 1994 1230 2020 sunt
1245 2000 1254 2027 ;
1288 1998 1350 2020 nec
1374 1990 1462 2020 enim
1493 1993 1598 2020 tantae
1627 1989 1762 2020 Horatii

1073 2047 1168 2077 opes,
1185 2042 1222 2068 ut
1239 2042 1379 2078 argento
1395 2047 1512 2070 revera
1527 2039 1643 2069 domus
1658 2039 1761 2070 collu-

1073 2091 1167 2118 ceret
1182 2098 1191 2125 ;
1216 2093 1251 2117 ut
1272 2087 1405 2118 erudite
1421 2091 1456 2118 et
1472 2087 1652 2127 sagaciter,
1667 2095 1761 2118 more

1073 2135 1206 2175 quidem
1235 2144 1308 2172 suo,
1342 2135 1388 2165 ait
1427 2135 1551 2166 ibidem
1581 2134 1760 2174 Demea-ius,

1073 2193 1170 2224 quem
1187 2183 1317 2214 honoris
1334 2193 1434 2214 causa
1449 2184 1594 2215 nomino.

1116 2231 1182 2262 Ara
1195 2232 1290 2261 castis
1311 2231 1435 2270 Vincta,
1449 2231 1518 2271 Esca]
1547 2232 1576 2262 E
1600 2231 1674 2262 vivo
1689 2241 1761 2262 ces-

1075 2281 1145 2320 pite
1160 2284 1289 2311 structa
1305 2289 1362 2310 ara
1377 2281 1468 2319 puris
1484 2289 1526 2311 ex
1539 2289 1630 2311 more
1644 2280 1758 2311 herbis

1074 2333 1234 2360 coronata
1249 2337 1324 2358 mox
1343 2328 1510 2359 imbuetur
1530 2328 1666 2359 mactati
1684 2329 1762 2368 agni

1075 2378 1247 2417 sanguine.

1118 2430 1137 2457 7
1166 2426 1326 2466 Verbem's]
1346 2425 1431 2457 Vide
1454 2433 1479 2456 1.
1506 2426 1575 2458 Od.
1598 2429 1650 2458 19.
1677 2426 1760 2458 Not.

1077 2475 1117 2506 ad
1135 2485 1182 2505 vs.
1198 2478 1250 2506 24.

1119 2523 1292 2564 Immolato]
1307 2523 1484 2555 Caedendae
1502 2524 1644 2556 victimae
1657 2529 1762 2565 caput

1077 2572 1319 2613 aspergebatur
1331 2572 1419 2603 mola
1434 2572 1531 2611 salsa,
1547 2572 1578 2603 id
1595 2576 1661 2611 est,
1671 2571 1760 2603 farre

1078 2626 1165 2653 tosto
1193 2626 1230 2652 et
1254 2621 1320 2652 sale
1344 2620 1551 2652 commixtis:
1580 2621 1656 2652 binc
1681 2631 1760 2661 vox,

1075 2671 1242 2701 immolare.

1118 2721 1139 2750 9
1152 2719 1270 2749 Cuncta
1275 2717 1411 2755 festinat
1425 2727 1543 2757 manus,
1557 2717 1625 2758 &cd
1639 2718 1759 2750 Cuncti

1077 2767 1277 2808 allaborant,
1303 2766 1433 2799 ancillae
1458 2765 1638 2809 famulique
1663 2766 1758 2800 simul
