1890 3256
295 294 404 335 1132
760 309 801 345 ρ.
836 308 1037 338 HORATH
1074 307 1244 337 FLAccr

1658 397 1714 440 20

295 394 452 438 Purior
471 399 513 438 in
531 399 637 439 vicis
659 412 775 452 aqua
793 398 928 438 tendit
945 410 1143 451 rumpere
1163 399 1401 452 plumbum,

297 462 441 512 Quam
463 476 560 515 quae
581 477 658 516 per
678 475 855 516 pronum
871 463 1066 515 trepidat
1085 476 1182 504 cum
1202 476 1414 505 murmure
1435 465 1570 506 rivum
1583 467 1602 505 'l

298 528 470 581 Nempe
489 529 596 568 inter
611 529 752 568 varias
772 529 953 569 nutritur
973 529 1099 582 sylva
1118 530 1350 579 columnas,

298 593 605 646 Laudaturque
627 594 780 633 domus
799 593 955 644 longos
976 607 1076 646 quae
1097 595 1311 647 prospicit
1332 608 1469 647 agros.

299 659 510 699 Naturam
530 658 723 710 expelles
742 657 879 707 furca,
899 662 1040 698 tamen
1063 672 1198 712 usque
1217 666 1417 710 recurret,

299 724 355 764 Et
375 723 490 763 mala
509 728 760 776 perrumpet
779 723 925 764 furtim
946 723 1125 766 fastidia
1145 725 1315 766 victrix.
1663 726 1720 767 25

288 850 440 887 frangere
454 850 572 880 tubulos
592 850 756 890 plumbeos,
770 850 925 890 limpidior
940 854 984 881 est
1001 860 1090 890 quam
1110 860 1176 891 quoe
1195 861 1342 882 resonans
1355 852 1471 883 labitur
1491 851 1575 883 alveo
1590 851 1723 882 declivi?

298 889 423 922 Scilicet
445 901 548 922 nemus
563 891 689 929 fovetur
707 891 789 922 inter
803 893 955 922 columnas
969 893 1178 923 versicolores:
1200 896 1231 924 et
1245 894 1388 923 laudatur
1403 895 1505 924 domus
1519 892 1631 924 habens
1649 903 1720 933 pro-

296 935 430 969 spectum
443 934 484 963 ad
497 942 614 972 campos
627 936 766 963 remotos.
795 933 909 964 Verum
925 934 1046 964 tametsi
1052 934 1148 970 furca
1161 938 1304 965 naturam
1316 934 1436 973 abigas,
1444 934 1642 965 nihilominus
1653 935 1720 964 red-

297 972 356 1004 ibit
371 983 507 1013 semper3
529 978 559 1005 et
573 974 683 1005 sensim
697 975 813 1005 victrix
833 975 1001 1014 perstringet
1025 975 1192 1016 improbam
1203 975 1371 1007 libidinem.
1412 976 1576 1008 Enimvero
1591 975 1644 1015 qui
1657 975 1720 1006 dis-

894 1055 1128 1068 eeeeeeeeeeee

301 1117 361 1149 olet
377 1120 429 1147 aut
443 1116 522 1147 nitet
536 1116 628 1148 herba
642 1116 755 1157 lapillis
767 1120 780 1147 Ρ
802 1117 876 1148 libri
891 1122 926 1149 et
943 1117 1031 1159 typis
1047 1119 1117 1150 cusi
1132 1122 1168 1150 et
1181 1129 1279 1149 mann
1294 1118 1425 1158 scripti.
1467 1118 1599 1159 Libycos
1613 1121 1725 1148 autem

299 1157 420 1196 lapillos
435 1162 530 1189 recte
555 1159 728 1197 accipiunt
753 1160 922 1190 tessellata
937 1164 970 1190 et
987 1161 1120 1191 sectilia
1134 1161 1336 1200 pavimenta,
1350 1159 1552 1200 λιθόστρωτον..
1568 1169 1610 1191 ex
1628 1159 1725 1190 variis

301 1198 420 1239 Libyci
437 1199 610 1230 marmoris
635 1199 750 1231 frustis
774 1200 959 1233 elaborata.
1002 1202 1091 1241 Ergo
1105 1202 1177 1233 haec
1193 1203 1258 1232 erit
1270 1203 1456 1234 sententia:
1478 1202 1598 1236 Nonne
1607 1201 1728 1240 jucun·

300 1240 374 1271 dius
388 1245 442 1271 est
465 1251 565 1281 super
580 1241 717 1272 herbam
734 1251 810 1272 rure
826 1242 982 1274 incedere
998 1248 1034 1274 et
1051 1243 1274 1283 deambulare,
1288 1253 1386 1284 quam
1408 1243 1490 1274 urbe
1514 1251 1614 1282 super
1636 1241 1727 1282 pavi-

301 1287 414 1313 menta
429 1292 612 1314 marmorea
627 1283 638 1315 ?
683 1282 792 1314 Recte
807 1284 870 1315 hoc
884 1295 892 1315 :
918 1294 1027 1325 neque
1043 1285 1223 1326 quicquam
1245 1285 1286 1315 de
1301 1285 1375 1316 loco
1391 1294 1520 1324 moveo,
1535 1283 1725 1324 praesertim

300 1332 376 1354 eum
402 1334 515 1355 omnes
540 1324 662 1365 ubique
691 1325 824 1356 codices
849 1325 1056 1357 obnitantur.
1100 1327 1239 1364 Tamen,
1262 1336 1338 1357 cum
1363 1327 1395 1357 in
1423 1336 1520 1358 versu
1569 1325 1656 1356 riore
1684 1323 1728 1358 de

299 1374 403 1396 somno
416 1366 460 1396 sit
475 1365 564 1397 facta
578 1366 716 1405 mentio,
734 1366 880 1406 suspicio
897 1367 974 1398 inde
991 1367 1067 1398 mihi
1083 1368 1223 1399 suborta
1237 1373 1302 1405 est,
1316 1377 1375 1408 pro
1390 1368 1500 1408 lapillis
1525 1376 1544 1398 a
1583 1365 1729 1397 auctoris

300 1415 399 1436 manu
424 1409 536 1446 tapetis
558 1407 646 1439 forte
670 1408 833 1443 extitisse,
849 1418 913 1439 non
941 1419 1063 1448 magna
1088 1409 1291 1440 mutatione.'
1314 1409 1421 1440 Bentl.
1466 1409 1565 1439 Hanc
1581 1406 1728 1438 Bentleii

300 1447 570 1479 emendationem
588 1450 718 1489 reecpit
733 1453 928 1481 mmm—24
954 1451 1109 1481 Naturam
1123 1452 1257 1491 expellas
1273 1450 1370 1480 Harl.
1382 1454 1414 1483 2.
1432 1453 1464 1481 4.
1487 1450 1581 1480 Vatt.
1599 1452 1630 1480 1.
1646 1452 1676 1479 5.
1689 1453 1728 1489 et

301 1491 353 1519 14.
375 1498 395 1520 a
416 1499 459 1520 m.
484 1499 550 1520 sec.
575 1491 655 1520 Vat.
671 1493 722 1521 19.
748 1499 767 1520 a
782 1500 822 1522 m.
844 1501 912 1522 see.
939 1497 975 1522 et
991 1491 1070 1522 Vat.
1086 1492 1180 1522 Rom.
1196 1495 1229 1523 7.
1252 1496 1404 1522 notatum
1431 1501 1472 1522 ex
1499 1490 1599 1521 codd.
1625 1490 1659 1521 in
1674 1488 1728 1522 ed.

301 1529 380 1560 Ald.
393 1533 485 1561 1501.
503 1532 537 1561 iu
553 1531 715 1563 Biblioth.
731 1533 811 1562 Vat.
837 1532 887 1563 ita
913 1533 989 1564 Ald.
1006 1535 1208 1564 1509.1519.
1231 1533 1388 1564 Glarean.
1405 1533 1494 1564 Frib.
1510 1534 1603 1563 1530.
1625 1531 1729 1565 Dion.

300 1570 342 1601 ab
369 1571 490 1602 Harsio
515 1572 624 1611 Lugd.
642 1575 735 1603 1538.
758 1573 798 1604 R.
825 1572 943 1613 Steph.
968 1577 1062 1605 1544.
1085 1575 1223 1605 Venett.
1250 1577 1345 1605 1545.
1373 1576 1467 1605 1552.
1487 1576 1580 1604 1573.
1601 1573 1731 1604 Mutet.

302 1612 403 1653 Crnq.
421 1613 524 1645 Basil.
541 1615 634 1645 1580.
651 1614 792 1645 Chabot.
811 1614 898 1645 Dan.
917 1614 1093 1654 Heinsius,
1116 1616 1270 1646 Torrent-
1295 1615 1403 1646 Bond.
1422 1615 1545 1655 Delph.
1561 1613 1731 1645 Schrevel.

301 1654 427 1685 Dacer.
443 1655 543 1686 Baxt.
559 1654 701 1686 Wetzel.
717 1655 855 1694 Bipont.
873 1656 952 1695 Fea,
974 1657 1094 1695 Bothe,
1107 1661 1142 1688 et
1159 1657 1278 1689 Jaeck.
1323 1657 1479 1688 Naturam
1493 1655 1620 1695 expellis
1635 1654 1731 1686 Harl.

302 1697 334 1726 3.
378 1695 534 1727 Naturam
549 1697 680 1735 expelles
696 1696 792 1727 Harl.
810 1699 839 1727 1.
852 1701 885 1727 6.
901 1700 932 1728 7.
957 1698 1040 1729 Exc.
1055 1698 1134 1729 Sax.
1156 1698 1212 1729 alii
1226 1698 1324 1730 codd.
1340 1707 1415 1729 cum
1433 1697 1510 1729 edd.
1525 1698 1641 1728 Zau-ot.
1655 1696 1729 1727 Me-

303 1736 380 1768 diol.
395 1739 489 1768 1476.
510 1738 649 1769 Venett.
666 1741 759 1770 1477.
776 1740 869 1769 1478.
886 1741 980 1770 1479.
996 1742 1089 1771 1481.
1105 1741 1199 1770 1483.
1213 1742 1308 1770 1486.
1325 1742 1418 1771 1490.
1434 1742 1526 1771 1495.
1543 1740 1635 1769 1504.
1657 1737 1733 1768 Flo-

302 1782 390 1809 rent.
412 1781 507 1810 1482.
529 1779 620 1817 Lips.
647 1782 741 1811 1499.
766 1779 843 1810 Ald.
870 1783 963 1811 1501.
983 1781 1079 1813 Junt.
1103 1783 1198 1812 1503.
1221 1781 1352 1821 Gryph.
1374 1781 1480 1812 Basil.
1499 1782 1593 1811 1527.
1615 1777 1731 1810 Bentl-

302 1819 405 1850 Gesn.
422 1820 539 1852 Comb.
555 1820 689 1852 Wakef.
713 1821 816 1851 Kidd.
841 1826 877 1852 et
900 1822 1051 1861 Doering.
1094 1822 1234 1862 Vulpius
1256 1822 1297 1852 ad
1319 1822 1441 1853 Tibull.
1457 1830 1506 1852 lv.
1522 1824 1554 1852 2.
1568 1822 1599 1850 8.
1622 1823 1730 1850 totum

303 1861 1732 1944 ssss‘ssffiscmlzssss‘ss13²‘¹⁰3⁵⁶litte&“szsszz‘gssffssssssfflfflez‹iff‘affil‘tgzff’tsst

349 1924 357 1932 ι
487 1925 496 1934 ο
608 1925 617 1934 0
698 1921 748 1933 o-
986 1924 994 1933 ο
1273 1924 1280 1933 ο
1413 1924 1421 1932 ι
1635 1924 1646 1943 ‚
1720 1919 1731 1926 ⁸

944 1985 975 2015 N
980 1983 1080 2015 0¹1¹AE

305 2045 418 2085 midia,
434 2055 508 2086 quae
525 2050 666 2087 utraque
682 2051 733 2077 est
745 2045 838 2087 regio
855 2045 994 2080 Africae.

305 2094 415 2124 Porro
433 2093 648 2125 Numidicum
671 2103 813 2126 marmor
828 2095 861 2126 in
884 2095 992 2135 pretio

306 2147 388 2173 erat.
406 2151 446 2173 11.
462 2143 529 2173 Od.
548 2145 599 2175 18.
614 2145 644 2173 4.

346 2194 389 2222 20
411 2192 528 2222 Purior
555 2192 586 2222 in
614 2191 691 2222 vicis
719 2202 810 2232 aqua,
835 2192 902 2232 ἅμ]
926 2192 995 2224 Per

306 2240 407 2272 tubos
431 2246 467 2271 et
492 2241 626 2271 canales
648 2241 823 2280 plumbeos
839 2241 998 2273 deducta.

306 2288 535 2330 Aquaeductus
558 2298 677 2329 magno
706 2294 817 2320 sumtu
844 2294 998 2320 exstruc-

309 2343 359 2368 tos
391 2338 507 2368 Romae
532 2339 654 2378 passim
686 2338 762 2369 vide
789 2338 878 2379 apud
900 2338 998 2371 Alex.

311 2387 352 2418 ab
369 2386 466 2417 Alex.
481 2389 546 2418 διο.

351 2437 392 2466 22
417 2435 535 2475 Nempe
556 2436 639 2467 inter
665 2435 779 2474 varias,
802 2434 872 2476 ξω]
909 2435 1000 2467 Satis

310 2488 416 2524 patet,
445 2483 556 2524 inquit
581 2484 757 2524 Horatius,
781 2484 896 2524 quanti
923 2493 1001 2516 rura

311 2532 544 2571 aestimentur-3
570 2541 645 2563 cum
670 2533 703 2563 in
727 2532 840 2564 media
853 2533 949 2572 urbe,
965 2537 1001 2564 et

311 2581 344 2611 in
362 2580 488 2611 aedibus
511 2580 848 2621 magnificentissimis
863 2591 999 2615 nemora

313 2633 564 2668 construantur,
579 2631 640 2659 ὅτε.

352 2679 394 2709 24
418 2677 573 2709 Naturam
594 2678 724 2716 expelles
740 2677 848 2717 furca,
866 2678 934 2719 ζα]
958 2679 1001 2709 E-

314 2734 452 2764 rasmus,
481 2726 490 2741 ⁴
503 2725 627 2756 Sensus
643 2725 718 2765 est:
747 2727 867 2767 inquit,
892 2731 901 2745 ‘
914 2727 1001 2758 haud

317 2773 416 2816 facile
432 2773 561 2806 dedisci
577 2784 651 2816 quae
664 2775 759 2807 nobis
772 2779 893 2808 natura
909 2776 1001 2817 peni-

1047 2051 1100 2078 tus
1115 2047 1239 2079 indidit
1259 2051 1295 2078 et
1320 2047 1452 2079 insevit.
1493 2047 1608 2078 Ducta
1623 2046 1734 2079 Meta-⁴

1047 2096 1152 2135 phora
1181 2106 1200 2126 ει
1231 2096 1341 2135 ramis,
1371 2096 1427 2137 qui
1457 2095 1612 2136 apposita
1638 2093 1735 2126 furca

1047 2149 1248 2185 torquentur
1269 2145 1335 2176 alio
1367 2154 1464 2185 quam
1489 2147 1608 2175 natura
1636 2152 1736 2184 posn-

1045 2198 1141 2225 erat:
1171 2203 1237 2233 qua
1263 2193 1407 2232 sublata,
1437 2202 1567 2224 rursum
1591 2189 1735 2233 vergunt

1045 2243 1162 2273 eodem
1189 2251 1253 2282 quo
1277 2241 1391 2280 prius.'
1436 2241 1504 2274 Alii
1519 2242 1617 2279 furca
1632 2241 1736 2282 expel-

1046 2291 1119 2327 lere,
1133 2290 1415 2330 interpretamur,
1432 2299 1492 2329 per
1513 2290 1590 2328 vim,
1603 2298 1737 2329 aspere,

1049 2343 1083 2370 et
1096 2338 1311 2379 ignominiose
1325 2339 1506 2378 expellere.
1551 2337 1652 2370 Quod
1667 2347 1734 2368 mn-

1049 2387 1099 2428 gis
1116 2386 1255 2418 arridet.
1299 2386 1370 2419 Cic.
1394 2385 1435 2416 ad
1460 2385 1567 2416 Attio.
1589 2393 1664 2417 xvi.
1691 2386 1735 2418 E·

1050 2436 1128 2476 pist.
1144 2438 1175 2468 2.
1198 2437 1207 2454 ‘
1221 2434 1288 2467 Sed
1304 2434 1458 2475 quoniam
1474 2433 1607 2465 furcilla
1620 2439 1736 2466 extru-

1052 2484 1162 2515 dimur
1174 2494 1182 2515 ς
1192 2483 1202 2498 ’
1223 2492 1409 2524 quanquam
1424 2483 1470 2513 ihi
1483 2482 1537 2513 alii
1547 2483 1613 2523 leg.
1623 2483 1736 2518 aliter.

1053 2532 1292 2572 Aristophanes
1309 2530 1350 2560 de
1367 2531 1456 2561 Pace
1472 2531 1572 2562 simili
1587 2531 1735 2566 dictione

1053 2581 1161 2613 utitur
1185 2580 1293 2618 δικροῖς
1308 2579 1418 2610 ἐώθουν
1437 2580 1496 2616 τὴν
1511 2578 1589 2613 θεόν.
1630 2580 1737 2613 Juve.

1052 2630 1118 2661 nal.
1131 2630 1202 2660 Sat.
1220 2636 1302 2658 xm.
1313 2631 1387 2659 239.
1409 2628 1418 2645 ‘
1431 2629 1560 2659 Tamen
1571 2628 1612 2659 ad
1627 2638 1736 2662 mores

1051 2684 1174 2710 natura
1202 2677 1345 2708 recurrit
1374 2678 1572 2717 Damnatoe,
1603 2677 1671 2711 fixa
1700 2683 1737 2710 et

1053 2725 1172 2759 mutari
1187 2725 1321 2756 nescia.'

1096 2778 1136 2808 25
1159 2775 1202 2806 Et
1223 2775 1301 2819 mala
1323 2778 1492 2815 perrumpet
1509 2774 1625 2811 furtim
1640 2775 1739 2815 fasti-r
