1904 3256
625 247 829 299 cARquN
865 268 1154 299 SAEcunAuss.

393 364 495 415 Quo
517 363 724 417 Sibyllini
745 375 953 404 monuere
975 374 1133 404 versus
1586 377 1614 403 o

1531 257 1616 300 743

390 431 592 484 Virgines
611 431 750 471 lectas
770 442 1021 484 puerosque
1042 432 1190 470 castos

393 499 493 547 Dis,
515 499 676 552 quibus
699 503 868 551 septem
891 498 1099 551 placuere
1118 497 1270 547 colles,

738 565 901 606 Dicere
921 577 1111 605 carmen.

391 631 524 672 Alme
545 631 641 682 Sol,
664 644 789 672 curru
812 631 956 673 nitido
977 631 1092 672 diem
1114 631 1191 684 qui

389 698 563 740 Promis
583 704 630 741 et
650 700 788 749 celas,
810 700 1011 752 aliusque
1033 703 1075 740 et
1095 699 1212 739 idem

1562 698 1616 738 10

390 766 785 821 Nasceris,·possis
807 767 913 808 nihil
934 767 1039 808 urbe
1060 766 1209 807 Roma

732 833 888 876 Visere
909 834 1070 888 majus.

160 955 411 1015 Sibyuoejubent
425 976 546 1016 puellas
561 976 695 1007 eximias
711 979 740 1007 et
751 985 863 1016 pueros
878 979 978 1006 castos
991 975 1138 1016 hymnum
1153 976 1318 1006 decantare
1332 972 1510 1004 numinibus
1520 982 1540 1002 α
1551 971 1618 1012 qui·

161 1015 216 1047 bus
234 1021 442 1057 proteguntur
462 1022 579 1058 septem
601 1020 701 1050 colles.
746 1018 803 1049 Sol
826 1019 929 1049 mnnita
953 1027 1147 1055 conservans,
1160 1017 1215 1057 qui
1228 1017 1387 1057 splendido
1408 1025 1502 1046 curru
1524 1016 1620 1045 lucem

157 1059 306 1098 producis
320 1064 351 1091 et
369 1060 485 1100 aufers,
498 1062 696 1101 diversusque
709 1064 739 1092 et
760 1062 841 1092 idem
863 1061 969 1099 oriris,
986 1060 1106 1091 utinam
1119 1060 1199 1090 nihil
1212 1069 1304 1100 queas
1318 1058 1454 1100 aspicere
1469 1057 1618 1088 excellen-

771 1155 867 1167 ‘ecoe

870 1155 906 1167 ee
910 1155 947 1167 θ’
950 1156 1009 1168 Νύ-

165 1217 308 1248 Wetzel-
332 1217 470 1250 Wakef.
498 1219 638 1251 Mitsch.
666 1225 702 1251 et
725 1220 892 1252 Kidd.—-5
920 1221 1010 1256 Quod
1033 1219 1180 1262 Sibyllini
1201 1194 1391 1251 duobmffl·
1407 1215 1622 1256 Bersmanni,

821 1315 966 1347 NOTAE

204 1388 224 1416 5
248 1384 399 1426 Sibyllini
415 1396 560 1418 monuere
575 1397 692 1427 versus,
707 1390 779 1430 ξω]
805 1390 863 1420 Ri-

162 1437 230 1474 tus,
264 1439 303 1465 ut
332 1434 404 1466 dixi
428 1436 516 1476 jam,
551 1437 774 1468 Saecularinm
803 1439 864 1469 Sa-

161 1493 295 1516 crorum
310 1484 449 1525 Sibynae
463 1484 668 1518 carminibus
681 1489 863 1529 praescrip—

160 1539 216 1566 tus
231 1539 317 1566 erat.
359 1534 463 1577 Apud
477 1535 606 1568 Zosim.
623 1537 683 1568 cit.
702 1538 751 1568 ita
768 1539 862 1570 canit

161 1582 239 1616 illa:
253 1585 444 1626 Μεμῆισθαι,
451 1586 594 1627 Ῥωμαῖε,
602 1586 655 1618 καὶ
668 1588 704 1619 οὐ
710 1586 798 1627 μάλα
805 1589 861 1625 λῆ·

161 1644 216 1666 σαι
229 1635 351 1676 ἑαυτὸν,
367 1638 550 1676 Μεμνῆσθαι
564 1637 640 1669 τάδε
654 1637 768 1669 πάντα·
785 1640 862 1670 θεοῖ·

158 1694 191 1716 σι
204 1683 456 1723 witland-roim
476 1685 587 1726 Ῥέζειν
607 1689 641 1719 ἐν
667 1687 760 1727 πεδίῳ
779 1688 862 1729 παρὰ

159 1734 331 1778 Θύμβριδος
351 1737 488 1770 ἄπλετον
511 1738 602 1780 ὕδωρ,
627 1751 656 1771 κ.
682 1751 712 1770 τ.
726 1745 760 1772 λ.
807 1741 860 1772 De

159 1786 299 1829 sibyllis
326 1798 367 1820 ac
397 1788 572 1830 Sibyllinis
603 1790 756 1822 versibus
784 1790 860 1823 fuse

158 1836 303 1870 disserui
319 1838 362 1870 ad
378 1838 539 1872 Juvenal.
554 1839 631 1872 sat.
645 1849 701 1871 ni.
715 1840 790 1872 init.
814 1842 862 1872 At

160 1888 322 1929 prodiere
349 1891 461 1930 nuper
480 1890 718 1921 eruditissimae
745 1891 788 1921 de
813 1891 862 1922 his

159 1937 418 1980 lucubrationes
444 1939 543 1970 Petri
574 1939 683 1971 Potiti
704 1941 860 1972 Philoso-

161 1988 220 2028 phi
242 1993 280 2021 et
302 1989 466 2022 Doctoris
488 1989 619 2021 Medici
645 1990 863 2030 Parisiensis,

163 2036 291 2078 Lipsiae
319 2038 421 2070 editae
453 2048 531 2070 ann.
562 2042 658 2072 1680.
683 2040 716 2070 in
739 2040 863 2081 quibus

165 2087 303 2128 egregie
325 2089 447 2120 asserit
471 2090 605 2120 unicam
623 2090 787 2131 Sibyllam
805 2099 863 2121 ex-

164 2137 276 2170 titisse
294 2138 529 2179 Erytliroeam3
551 2149 626 2180 quae
642 2149 717 2171 cum
745 2140 864 2172 diutis-

163 2187 248 2220 sime
263 2189 388 2221 vixerit
403 2193 439 2220 et
455 2198 517 2229 per
529 2190 637 2221 varias
650 2190 742 2222 orbis
755 2191 864 2231 regio-

162 2247 224 2270 nes
240 2239 286 2270 sit
303 2240 536 2281 peregrinata,
550 2245 651 2282 atque
667 2240 702 2271 in
719 2241 864 2282 singulis

162 2294 373 2322 commorata
404 2295 438 2322 et
478 2291 678 2331 vaticinata,
716 2292 863 2332 plurium

161 2338 365 2380 Sibyllarum
381 2341 576 2381 opinionem
595 2342 696 2382 vulgo
711 2342 809 2374 fecit.

204 2391 226 2421 6
254 2389 404 2430 Virgines
432 2391 526 2422 lectas
551 2391 738 2432 puerosque]
769 2392 865 2423 Bene

164 2444 266 2472 vocat
280 2441 375 2473 lecton
388 2446 424 2472 et
439 2441 594 2472 eximios.
617 2441 706 2473 Nam
721 2449 865 2484 praeter—

165 2500 265 2532 quam
280 2492 368 2533 quod
381 2493 429 2524 illi
441 2493 615 2526 debebant
627 2503 702 2525 esse
713 2494 867 2534 inprimis

164 2539 308 2582 nobiles,
323 2542 426 2574 etiam
437 2543 652 2583 jubebantur
666 2553 742 2575 esse
759 2545 865 2585 patri-

166 2588 213 2620 mi
235 2599 350 2622 omnes
374 2596 411 2623 et
429 2593 591 2631 matrimi,
607 2593 639 2624 id
657 2598 723 2630 est,
747 2602 865 2633 paren-

169 2642 238 2669 tem
253 2644 432 2682 utrumque
444 2642 570 2674 habere
585 2643 807 2682 superstitem
825 2652 864 2674 ac

170 2687 352 2719 viventem.
410 2691 577 2724 Quorsum
615 2702 696 2723 vero
713 2693 724 2723 ?
770 2693 862 2725 Quo-

129 2783 131 2789 Χ
168 2738 260 2768 niam
290 2737 458 2778 Apollinis
488 2751 528 2773 ac
557 2743 675 2774 Dianae
706 2744 862 2774 laudibus

168 2788 233 2818 rite
262 2787 423 2829 canendis
449 2791 688 2835 placat-udisque
718 2795 862 2825 numini-

918 1390 982 1420 bus
994 1400 1112 1430 purum
1127 1389 1240 1420 idonei
1255 1388 1458 1419 videbantur
1470 1387 1491 1417 ii
1509 1387 1620 1428 pueri,

918 1449 1058 1479 quorum
1077 1438 1273 1479 parentibus
1291 1438 1350 1468 Dii
1366 1437 1414 1467 illi
1430 1437 1520 1467 velut
1538 1437 1618 1467 irati

918 1489 1020 1520 vitam
1045 1488 1265 1519 ademissent.
1312 1487 1480 1519 Nimirum
1506 1497 1547 1518 ea
1564 1497 1622 1517 ve-

916 1540 1046 1571 teribus
1076 1536 1250 1571 insederat
1287 1537 1415 1578 opinio,
1452 1542 1621 1578 quotquot

915 1590 1104 1621 mortalium
1131 1589 1327 1626 interirent,
1359 1586 1531 1628 Apollinis
1561 1591 1622 1618 aut

917 1639 1038 1670 Dianae
1057 1639 1136 1670 telis
1155 1637 1287 1679 perimi.
1321 1637 1447 1667 Zosim.
1466 1636 1525 1667 cit.
1543 1635 1619 1666 Liv-

916 1690 976 1721 lib.
1006 1698 1151 1721 xxxvii.
1177 1690 1242 1719 ὅτε.
1288 1686 1375 1718 Vide
1391 1691 1428 1716 et
1445 1695 1470 1716 1.
1486 1684 1553 1716 Od.
1567 1687 1621 1715 21.

916 1749 967 1771 iv.
979 1739 1048 1771 Od.
1064 1742 1098 1770 6.

959 1792 979 1830 ἶ
1002 1789 1076 1824 Dis,
1100 1787 1210 1829 quibus
1228 1789 1343 1826 septem
1362 1786 1505 1825 placuere
1518 1783 1624 1823 colles]

916 1840 975 1872 Dii
993 1840 1171 1875 tutelares,
1186 1837 1362 1879 praesides,
1380 1835 1542 1866 custodes
1567 1844 1620 1865 ur·

915 1891 966 1923 bis
983 1901 1022 1922 ae
1038 1890 1150 1931 gentis
1162 1890 1324 1920 Romanae
1340 1887 1492 1927 ipsorum
1509 1885 1622 1925 auspi-

915 1941 978 1973 ciis
996 1941 1159 1974 conditae.
1205 1939 1347 1970 Romam
1374 1940 1506 1977 septem
1531 1935 1622 1966 colli-

916 1991 979 2023 bus
994 1989 1234 2022 inaedificatam
1252 1997 1328 2019 esse
1341 1991 1467 2017 norunt
1482 1994 1597 2016 omnes
1611 1995 1620 2023 ;

917 2042 988 2074 sive
1001 2042 1077 2082 ejus
1097 2038 1262 2081 pomoerio
1276 2038 1380 2069 colles
1394 2040 1527 2077 septem
1541 2045 1621 2067 con-

918 2091 1032 2130 tineri,
1063 2099 1186 2131 nempe
1219 2087 1440 2123 Aventinum,
1472 2086 1621 2127 Esquili-

917 2151 1010 2183 num,
1033 2140 1279 2182 Capitolinum,
1304 2137 1461 2175 Coelium,
1490 2136 1620 2167 Palati-

916 2200 1011 2231 num,
1027 2190 1248 2228 Viminalem,
1264 2187 1486 2221 Quirinalem.

959 2243 981 2272 9
1002 2241 1095 2273 Alme
1121 2238 1190 2279 Sol]
1214 2237 1340 2278 Apollo
1365 2237 1455 2269 idem
1475 2237 1529 2277 qui
1552 2237 1622 2268 Sol.

916 2290 1074 2322 Macrob.
1098 2288 1270 2322 Sami-nal.
1287 2297 1312 2319 ι.
1328 2290 1382 2319 21.
1428 2286 1540 2328 Hujus
1563 2296 1621 2317 au-

917 2348 987 2374 tem
1012 2342 1048 2374 in
1070 2341 1145 2372 h'aec
1169 2339 1334 2371 inferiora
1358 2348 1481 2380 magna
1501 2338 1619 2370 virtus.

915 2392 1058 2424 Scilicet
1084 2391 1196 2423 calore
1223 2388 1395 2431 producit,
1419 2388 1492 2427 alit,
1511 2386 1620 2426 fovet,

917 2446 1039 2482 auget3
1061 2441 1187 2472 lumine
1204 2443 1351 2477 recreat,
1365 2439 1429 2468 &c-

962 2493 1068 2524 Curru
1090 2490 1191 2521 nitido
1214 2489 1296 2520 diem
1321 2487 1374 2527 qui
1400 2486 1535 2526 Promis,
1551 2485 1619 2526 ὁκκ]

918 2541 1105 2581 Quadrigis
1139 2539 1215 2570 vehi
1247 2538 1297 2569 sol
1334 2541 1460 2568 terram
1489 2537 1619 2568 circum

918 2590 1029 2631 poetis
1045 2589 1182 2620 dicitur.

961 2644 1001 2671 10
1018 2641 1170 2679 Αῑὶιιεᾳιιε
1185 2641 1216 2668 et
1231 2637 1312 2669 idem
1330 2635 1492 2676 Nascere]
1521 2635 1619 2668 Idem

918 2698 971 2724 est
988 2692 1037 2723 sol
1054 2690 1154 2722 hodie
1172 2689 1229 2730 qui
1246 2689 1338 2719 beri:
1371 2688 1551 2719 hodiernus
1571 2694 1618 2718 ta-

918 2753 994 2774 men
1012 2742 1085 2773 dies
1102 2740 1186 2772 alius
1203 2743 1255 2770 est
1274 2739 1314 2770 ab
1329 2739 1498 2770 hesterno.
