1890 3256
601 250 880 284 suasionum
915 249 1011 282 ms.
1042 249 1096 280 ιι.
1123 237 1167 280 8.
1481 239 1594 281 1057

140 345 207 388 Ut
225 345 386 388 melius
404 344 561 396 muria,
581 357 716 399 quam
736 346 851 386 testa
871 343 1038 385 marina
1057 341 1252 384 remittit.

141 412 320 455 Interea
340 423 559 466 suspensa
577 423 735 464 graves
757 410 907 452 aulaea
927 410 1077 451 ruinas

143 479 198 522 In
219 479 417 534 patinam
437 477 598 527 fecere,
617 477 839 520 trahentia
859 477 1059 532 pulveris
1078 477 1164 519 atri
1543 476 1600 517 55

146 546 376 598 Quantum
397 557 482 586 non
499 542 672 600 Aquilo
695 544 936 599 Campanis
956 545 1123 586 excitat
1141 543 1268 598 agris.

146 612 247 654 Nos
266 611 412 667 majus
433 611 572 662 veriti,
593 616 834 666 postquam
852 611 962 653 nihil
981 623 1082 652 esse
1103 610 1259 664 pericli

146 678 394 730 Sensimus,
414 678 635 731 erigimur.
694 678 856 728 Rufus,
876 678 1029 732 posito
1055 679 1218 732 capite,
1237 681 1286 719 ut
1307 677 1347 718 si

147 744 294 787 Filius
312 746 572 787 immaturus
593 746 775 795 obisset,
795 745 918 786 fiere.
979 744 1095 795 Quis
1118 748 1241 786 esset

150 811 294 862 Finis,
315 812 362 853 ni
375 811 560 865 'sapiens
582 813 650 854 sic
671 812 980 854 Nomentanus
1001 812 1190 852 amicum
1548 811 1606 852 60

152 879 352 921 Tolleret
372 892 382 920 ε
413 878 535 928 Heu,
552 878 774 921 Fortuna!
806 879 907 932 quis
929 882 997 920 est
1013 878 1233 919 crudelior
1252 878 1295 919 in
1316 890 1400 919 nos

147 944 215 986 Te
239 944 396 986 Deus?
428 950 480 986 ut
500 958 674 1000 semper
689 945 857 999 gaudes
871 945 1054 986 illudere
1074 946 1207 986 rebus

150 1011 374 1054 Humanis
398 1011 408 1052 Ε
439 1011 603 1053 Varius
621 1024 787 1066 mappa
806 1024 1091 1066 compescere
1110 1012 1248 1053 risum

149 1147 343 1179 instituimus
357 1147 458 1179 muria
473 1157 564 1188 quam
586 1152 668 1181 testa
683 1149 803 1182 marina
818 1149 933 1181 reddit.
978 1149 1111 1181 Interim
1125 1159 1258 1190 appensa
1272 1150 1372 1181 auloea
1391 1150 1537 1190 graviter
1550 1150 1611 1181 col-

151 1190 238 1231 lapsa
262 1192 335 1220 sunt
357 1189 391 1220 in
417 1190 567 1230 catinum,
593 1195 773 1233 tantumque
798 1192 886 1231 nigri
909 1192 1047 1233 pulveris
1062 1194 1254 1231 extulerunt,
1275 1195 1424 1233 quantum
1443 1202 1504 1223 non
1519 1191 1612 1233 effert

153 1232 318 1273 Aquileia
331 1232 421 1270 agris
439 1233 616 1273 Campanis.
662 1234 731 1265 Nos
756 1235 903 1266 timentes
929 1234 1050 1274 aliquid
1073 1236 1217 1274 gravius,
1233 1234 1286 1266 nbi
1307 1235 1506 1275 comperimus
1532 1233 1614 1265 nihil

151 1275 228 1306 mali
249 1275 437 1314 impendere,
460 1275 537 1306 bona
558 1277 661 1307 animo
674 1277 810 1314 fuimus.
856 1276 963 1314 Rufus
980 1277 1171 1309 Nasidienus
1185 1281 1293 1308 contra
1308 1278 1440 1308 demisso
1452 1277 1553 1317 capite
1568 1277 1614 1307 la-

152 1317 920 1398 “fflffffffsseifflffifffi'ssiifflssff2222?ss
932 1318 1615 1393 2⁷:⁰55¹;“⁸12..{⁰;¹0¹2222222‘¹“⁸.23‘“.3222222”33{

152 1369 368 1433 {folmarius
381 1410 458 1440 erga
472 1411 527 1432 nos
541 1412 634 1442 quam
648 1406 704 1434 tu?
750 1404 912 1439 Quantum
934 1412 1054 1444 semper
1075 1404 1228 1442 gaudium
1249 1372 1367 1443 captasq,
1392 1413 1442 1434 res
1466 1404 1616 1434 humanas

157 1440 314 1476 ludendo!
347 1441 463 1474 Varius
476 1444 640 1476 cachinnos
653 1454 763 1486 mappa
775 1445 914 1477 coercere
923 1445 982 1476 vix
997 1448 1133 1485 poterat.
1180 1445 1326 1486 Balatro,
1340 1449 1449 1477 cuncta
1463 1445 1497 1477 in
1511 1444 1617 1483 jocum

772 1527 810 1540 θ’
814 1527 1014 1540 “momo

155 1580 247 1624 quod
271 1585 325 1614 est
350 1581 385 1613 in
408 1581 470 1612 hac
485 1580 606 1612 eadem
623 1581 694 1612 Sat.
711 1591 760 1613 vs.
774 1585 828 1614 89.
851 1582 860 1599 ‘
874 1583 920 1613 Et
936 1582 1088 1622 leporum
1110 1582 1256 1622 avulsos,
1279 1586 1317 1613 ut
1339 1582 1446 1613 multo
1471 1582 1619 1622 suavius,

157 1623 294 1664 armos,'
309 1624 343 1655 id
355 1630 419 1660 est,
431 1628 465 1654 ut
480 1633 551 1654 rem
563 1625 669 1655 multo
680 1625 894 1656 suaviorem:
913 1625 978 1663 vel,
992 1629 1031 1655 ut
1043 1625 1152 1655 mullo
1169 1625 1306 1655 suavius
1319 1623 1493 1664 quiddam.
1518 1624 1620 1655 Echi·

160 1674 239 1696 num
266 1667 395 1706 piscem
422 1675 523 1704 porro
549 1666 694 1705 diximus
716 1676 790 1698 esse
818 1676 860 1697 ex
888 1676 1014 1706 genere
1043 1671 1284 1705 testaceorum,
1307 1666 1349 1696 ad
1378 1666 1472 1696 illum
1496 1667 1620 1705 locum,

157 1710 166 1726 ⁸
184 1707 312 1739 Horret
328 1707 475 1748 capillis,
501 1712 539 1738 ut
555 1708 704 1739 marinus
725 1709 856 1749 asperis
874 1707 1040 1747 Echinis,’
1064 1709 1176 1749 Epod.
1190 1717 1223 1740 v.
1238 1711 1291 1739 28.
1337 1708 1437 1741 Quod
1455 1713 1568 1739 autem
1585 1709 1620 1739 in

157 1750 328 1781 nonnullis
344 1750 436 1781 libris
452 1750 638 1788 veteribus,
654 1755 690 1781 ut
716 1751 749 1781 in
771 1751 903 1782 duobus
921 1751 1032 1783 Vatic.
1051 1755 1086 1782 et
1101 1751 1133 1781 in
1148 1751 1251 1783 Jann.
1267 1750 1430 1790 scriptum
1452 1755 1518 1790 est,
1534 1751 1621 1781 Eru-

157 1801 211 1823 ωε
222 1792 366 1830 vir-ideis,
382 1793 543 1832 inulasque
557 1802 614 1831 ego
625 1793 721 1832 prim.
733 1803 794 1823 am.
811 1795 866 1833 lise.
882 1793 970 1824 hanc
987 1793 1194 1833 scripturam
1211 1792 1287 1823 ideo
1301 1802 1366 1824 non
1379 1802 1503 1834 sequor
1518 1802 1526 1822 t
1544 1793 1622 1833 quia

159 1833 198 1865 fit
214 1833 295 1864 mihi
312 1833 496 1864 verisimile
512 1835 766 1874 copulationem
781 1844 839 1875 que
855 1834 898 1865 ab
920 1835 1034 1876 aliquo
1059 1835 1245 1866 semidocta
1267 1836 1445 1875 scripturae
1469 1840 1622 1875 receptae

158 1874 263 1907 fuisse
287 1874 454 1907 additam.
498 1875 745 1907 Verumtamen
765 1877 906 1916 judicet
930 1878 1040 1908 lector
1065 1876 1244 1909 eruditus!
1266 1877 1378 1908 Lamo.
1432 1877 1541 1908 codd.
1565 1886 1624 1917 ap.

159 1918 264 1950 Feam
276 1917 418 1954 variant,
434 1917 558 1956 inlotos,
579 1918 694 1954 illotos,
720 1918 848 1950 inlutos.
883 1919 964 1950 Vet.
981 1918 1100 1950 Comb.
1116 1919 1218 1949 etiam
1233 1919 1345 1950 illotos.
1381 1919 1479 1950 Harl.
1495 1922 1527 1950 2.
1545 1921 1575 1949 3.
1591 1922 1624 1950 4.

160 1963 193 1992 6.
214 1960 258 1992 al.
271 1960 398 1991 inlutos.
426 1959 506 1990 Vat.
524 1960 622 1991 Rom.
639 1963 671 1992 7.
688 1964 726 1991 et
749 1959 803 1991 ed.
820 1959 965 2000 Argent.
981 1963 1077 1992 1514.
1107 1961 1262 1997 Catillus;
1287 1960 1398 1992 codex
1425 1971 1480 2002 ap.
1510 1961 1623 1992 Pulm.

161 2000 241 2032 edd·
255 2001 406 2032 Florent.
423 2003 519 2032 1482.
535 2006 571 2032 et
583 2002 688 2032 Dion.
711 2002 753 2033 ab
770 2003 911 2041 Harsio,
928 2002 1040 2043 Lugd.
1061 2005 1157 2034 1538.
1176 2002 1310 2034 Catillus
1322 2014 1335 2040 ,·
1357 2002 1438 2035 Ald.
1463 2005 1558 2034 1501.
1588 2009 1625 2034 et

163 2043 263 2075 Junt.
278 2045 374 2075 1503.
391 2043 644 2082 Curcillus.—53
667 2045 676 2060 ‘
691 2044 783 2075 Mira
804 2044 949 2076 varietas
966 2045 1000 2075 in
1017 2045 1120 2076 codd.
1143 2050 1180 2077 et
1196 2045 1316 2086 priscis
1340 2045 1420 2076 edd.
1436 2055 1526 2085 quam
1541 2049 1566 2076 t.
1581 2056 1625 2077 m.

164 2084 305 2117 remittet
315 2095 327 2122 ;
349 2093 442 2124 quam
465 2087 490 2115 t.
515 2094 556 2115 m.
579 2084 722 2116 remittat
734 2095 748 2121 ‚·
780 2096 838 2125 quo
854 2089 878 2118 t.
894 2096 936 2118 m.
949 2086 1115 2124 remittat;
1136 2088 1216 2128 quod
1231 2090 1256 2119 t.
1270 2097 1312 2118 m.
1329 2087 1452 2118 remisit
1462 2098 1475 2124 ;
1498 2089 1577 2127 quod
1600 2091 1626 2119 t.

165 2137 210 2158 m.
225 2126 390 2158 remittet!
414 2127 495 2157 Fea.
542 2125 641 2158 Harl.
658 2129 690 2158 2.
706 2130 737 2158 6.
758 2137 852 2167 quam
876 2130 901 2159 t.
918 2138 959 2159 m.
974 2129 1127 2161 remittat.
1162 2130 1261 2160 Harl.
1278 2132 1310 2160 3.
1324 2132 1355 2160 4.
1371 2139 1462 2170 quam
1481 2133 1507 2160 t.
1521 2140 1563 2161 m.
1577 2139 1627 2160 re·

165 2169 367 2200 mittin—54
390 2169 517 2200 Interea
541 2178 688 2209 suspensa
711 2170 801 2209 conj.
820 2170 937 2202 Lamb.
973 2170 1091 2202 laudat
1121 2172 1154 2201 in
1183 2171 1276 2202 Nota
1301 2171 1447 2212 Cuning.
1483 2171 1627 2212 adoptat

166 2209 390 2242 Wakefi-55
407 2210 566 2250 Angelic.
577 2214 606 2242 l.
624 2211 664 2242 In
678 2212 817 2252 patinas.
842 2212 939 2243 Unus
955 2213 1034 2244 Vat.
1049 2214 1089 2244 In
1099 2216 1332 2245 mensam—5⁷
1347 2214 1426 2245 vat.
1437 2214 1535 2245 Rom.
1546 2217 1575 2246 l.
1592 2219 1629 2246 et

170 2253 315 2294 Cuning.
330 2254 377 2285 nil
387 2262 450 2284 esee
461 2253 674 2293 pericli.—58
698 2254 805 2293 Rufus
817 2255 918 2295 capite
932 2255 1093 2296 hactenus,
1115 2259 1152 2287 ut
1171 2255 1200 2286 si
1222 2265 1265 2287 ex
1290 2256 1380 2297 conj.
1397 2257 1543 2298 Cuning.
1568 2258 1628 2287 im-

834 2363 865 2394 N
871 2362 974 2395 OTAE

211 2434 253 2464 53
281 2432 325 2464 Ut
350 2432 475 2474 melius]
499 2433 664 2466 Asserens
688 2435 770 2467 nihil
794 2445 870 2468 esse
926 2447 1008 2470 rem.
1038 2438 1160 2470 Varro.
1207 2437 1346 2469 Servius
1363 2436 1405 2467 ad
1421 2436 1497 2467 AEn.
1514 2446 1537 2468 ι.
1555 2439 1630 2468 701.

171 2481 306 2523 melius,
324 2492 424 2524 quam
450 2484 497 2516 ita
520 2485 595 2517 illos
621 2486 808 2528 incoquere
837 2487 872 2518 in
971 2490 1013 2519 56
1037 2488 1206 2528 Campanis
1221 2487 1340 2519 excitat
1354 2486 1458 2526 agris]
1483 2487 1630 2528 Campa-

171 2531 282 2564 muria
303 2531 376 2564 sive
399 2542 499 2565 succo
515 2535 574 2567 illo
589 2537 680 2568 salso
696 2536 754 2578 qui
778 2546 876 2578 repe·
930 2538 1000 2577 nia,
1015 2537 1105 2578 qiiod
1123 2538 1167 2569 sit
1187 2537 1288 2578 plana
1302 2541 1338 2567 et
1354 2537 1554 2578 campestris
1577 2548 1630 2569 re-

174 2581 262 2613 ritur
278 2581 313 2612 in
328 2582 456 2613 marina
472 2587 574 2617 testa.
931 2588 999 2628 gio,
1015 2588 1091 2628 plus
1106 2587 1211 2618 habet
1228 2587 1391 2628 pulveris.

216 2632 260 2662 54
275 2629 551 2671 Suspensum-aves
562 2636 662 2667 aulaea
677 2636 796 2676 ruinas,
809 2635 878 2676 ξω]
973 2640 1014 2668 57
1040 2637 1109 2668 Nos
1130 2633 1230 2675 vnaius
1256 2636 1364 2676 veriti]
1395 2636 1539 2668 Scilicet
1564 2638 1631 2669 rui-

174 2680 314 2712 Grande
331 2686 426 2713 certe
442 2681 676 2717 infortunium.
709 2686 802 2718 Olim
818 2685 878 2716 tri·
931 2696 1009 2718 nam
1026 2691 1061 2717 et
1075 2695 1191 2718 casum
1209 2686 1294 2717 tecti
1307 2695 1346 2717 ac
1362 2685 1490 2718 domus.

176 2729 269 2761 clinii
297 2739 433 2762 camera
463 2732 540 2763 velo
568 2742 627 2764 seu
657 2734 879 2766 tabernaculo
975 2738 1017 2767 63
1042 2736 1161 2776 Mappa
1177 2745 1364 2776 compescere
1379 2735 1490 2777 risum]
1516 2737 1632 2780 Appo-

179 2779 431 2812 obtendebatur
448 2781 490 2813 ad
506 2783 746 2823 excipiendum
763 2786 880 2827 pulve-
935 2785 998 2817 sita
1014 2786 1064 2817 ori
1081 2794 1216 2827 mappa.

262 2832 379 2874 Delph.
395 2835 426 2864 et
439 2833 515 2866 Vur.
530 2834 617 2868 Clas.
834 2836 954 2869 Horat.
1469 2842 1488 2869 3
1515 2839 1547 2869 X
