1904 3256
398 267 481 309 '720
867 282 908 318 Q.
941 278 1146 309 noRA'rn
1179 277 1351 308 rnAcci

509 367 648 422 Agros
666 373 795 421 atque
813 368 946 408 Lares
965 369 1148 421 patrios,
1166 368 1487 422 habitandaque
1505 370 1620 419 fana,

565 434 699 486 Apris
718 434 884 486 reliquit
903 437 945 475 et
961 434 1198 487 rapacibus
1215 434 1359 488 lupis3

509 500 593 548 Ire,
612 499 742 552 pedes
761 511 1034 552 quocumque
1055 500 1203 550 ferent,
1223 513 1496 554 quocumque
1514 513 1591 558 per
1609 500 1750 541 undas

563 564 706 605 Notus
723 564 912 614 vocabit,
932 567 1008 605 aut
1026 569 1248 618 protervus
1265 564 1453 607 Africus.
1727 567 1731 570 “

511 630 584 670 Sic
603 630 748 682 placet
762 631 781 670 ‘l
810 642 866 670 an
886 630 1041 671 melius
1061 631 1158 683 quis
1177 631 1304 672 habet
1324 631 1507 672 suadere
1519 633 1538 672 'l
1570 631 1759 672 secunda

567 694 726 735 Ratem
746 708 962 748 occupare
982 696 1085 749 quid
1105 709 1318 738 moramur
1337 697 1468 738 alite?

509 760 596 802 Sed
610 761 802 814 juremus
821 761 865 801 in
883 761 999 802 haec:
1033 762 1168 803 Simul
1187 761 1285 803 imis
1305 775 1418 803 saxa
1435 762 1622 803 renarint

564 826 706 867 Vadis
724 827 885 877 levata,
909 841 961 868 ne
980 827 1115 869 redire
1134 830 1193 869 sit
1211 828 1351 878 nefas,

509 893 612 936 Neu
631 904 842 934 conversa
860 893 1038 934 domum
1057 893 1210 946 pigeat
1230 893 1334 935 dare
1354 894 1503 944 lintea,
1527 891 1702 948 quando

565 957 713 998 Padus
732 957 902 999 Matina
917 958 1072 1000 laverit
1091 959 1332 1009 cacumina,

1757 437 1812 477 20

1760 761 1816 802 25

397 1067 565 1108 queserent
576 1067 680 1106 pedes,
693 1075 875 1106 quocumque
887 1075 942 1106 per
953 1075 1037 1098 mare
1051 1066 1185 1106 impellet
1201 1066 1316 1098 Auster
1328 1067 1378 1098 vel
1390 1065 1518 1104 Africus
1531 1065 1705 1096 vehemens.-
1718 1074 1817 1105 quem-

398 1110 558 1140 admodum
576 1108 769 1141 Phocaeorum
783 1107 855 1139 urbs
872 1111 942 1147 post
955 1108 1159 1139 execrationes
1173 1107 1329 1146 abscessit,
1343 1117 1414 1138 suas
1426 1109 1527 1138 domos
1540 1115 1686 1146 agrosque
1699 1110 1731 1137 et
1744 1110 1820 1138 tem·

396 1151 448 1191 pla
461 1150 621 1181 dimittens
634 1151 806 1189 occupanda
821 1150 906 1190 apris
927 1153 958 1180 et
979 1149 1058 1189 lupis
1071 1149 1240 1180 voracibus.
1283 1149 1337 1180 Ita
1356 1158 1470 1180 censeo.
1514 1148 1654 1179 Habetue
1668 1147 1819 1188 quispiam

397 1191 507 1222 melius
527 1191 642 1230 aliquid
661 1190 822 1230 proferre?
867 1190 950 1226 Quid
972 1191 1128 1222 tardamus
1147 1190 1250 1221 navim
1267 1190 1460 1221 conscendere
1471 1188 1590 1226 faustis
1605 1187 1732 1219 ovibu?
1772 1188 1819 1220 At

395 1233 486 1272 prius
490 1232 692 1271 jurejurando
706 1242 761 1263 nos
773 1232 1016 1271 obstringamur
1024 1232 1058 1262 ἰπ
1071 1232 1136 1262 hoec
1149 1231 1240 1262 verba
1249 1242 1259 1262 .·
1280 1241 1318 1263 ne
1330 1231 1445 1262 reverti
1457 1231 1559 1267 liceat,
1571 1229 1634 1260 nini
1645 1239 1714 1261 cum
1724 1238 1819 1261 emer-

395 1277 473 1313 gent
501 1275 616 1313 Iapides
639 1274 728 1314 aquis
747 1273 909 1313 profundis
934 1274 1026 1304 elati:
1053 1283 1126 1304 neve
1151 1274 1309 1313 displiceat
1334 1273 1400 1304 uela
1423 1271 1528 1311 facere
1553 1280 1656 1303 vasus
1673 1271 1822 1311 patriam.

398 1317 517 1355 quando
533 1316 638 1347 Padus
652 1315 768 1354 rigabit
783 1315 930 1346 verticem
944 1315 1063 1346 Matini
1078 1315 1202 1354 montis,
1214 1318 1267 1346 aut
1291 1314 1372 1345 altus
1392 1313 1572 1354 Apenninus
1590 1313 1624 1344 in
1645 1322 1728 1344 mare
1749 1321 1820 1352 pro-

991 1403 1227 1416 OO'OONOOOOO

398 1469 479 1500 edd.
503 1469 606 1509 antiq.
629 1468 851 1504 Phocaiorum;
874 1468 919 1499 ita
945 1478 1076 1508 quoque
1101 1478 1184 1500 unus
1209 1468 1331 1500 Bland.
1359 1469 1436 1500 Div.
1462 1472 1498 1499 et
1523 1467 1710 1498 Maru—19
1733 1465 1818 1497 Edd.

400 1515 485 1541 vett.
509 1515 586 1540 ante
611 1510 713 1550 Cruq.
744 1510 842 1540 Lares
866 1510 1034 1549 propri033
1060 1510 1118 1540 sed
1141 1510 1239 1541 Lares
1267 1511 1386 1550 patrimi
1406 1509 1566 1540 exhibent
1594 1509 1692 1539 Gott.
1717 1507 1821 1538 Brod.

401 1553 486 1584 Exc.
511 1551 590 1582 Sax.
614 1551 710 1581 Harl.
732 1553 762 1581 1.
776 1553 807 1581 2.
825 1554 856 1582 3.
870 1553 903 1581 4.
918 1554 949 1581 6.
973 1551 1055 1581 item
1084 1551 1185 1583 Baxt.
1213 1552 1336 1590 Delph.
1359 1551 1473 1582 Bentl.
1495 1555 1532 1581 et
1553 1553 1676 1581 ceterae
1699 1547 1821 1579 edd.—

399 1596 439 1627 21
465 1593 526 1632 Ite,
555 1593 646 1631 pedes
664 1591 754 1630 conj.
787 1590 1043 1628 Bonfin.serunt
1073 1592 1150 1623 edd.
1181 1593 1292 1632 vulgg.
1323 1597 1402 1622 ante
1433 1592 1534 1632 Cruq.
1564 1590 1621 1632 qni
1651 1599 1692 1620 ex
1722 1588 1820 1620 codd.

401 1640 546 1675 quatuor
569 1632 690 1663 Bland.
712 1637 747 1663 et
774 1632 851 1664 Div.
875 1633 1006 1672 recepit
1029 1633 1231 1670 serent.—25
1255 1633 1316 1664 Sed
1329 1633 1468 1671 ,iuremus
1491 1633 1525 1663 in
1551 1632 1606 1663 hoc
1627 1631 1723 1664 Harl.
1745 1633 1820 1661 4.—

1043 1716 1185 1749 NOTAE

443 1781 484 1809 22
509 1779 625 1813 Notus,
652 1778 796 1817 Africus]
828 1778 884 1809 De
906 1777 955 1808 his
981 1778 1089 1809 ventis

401 1827 672 1859 meridionalibus
690 1836 714 1857 ι.
729 1827 797 1857 Od.
820 1829 850 1857 1.
866 1831 902 1857 et
917 1829 947 1857 3.
1008 1827 1088 1861 Quo-

401 1885 526 1916 cumque
546 1875 679 1914 vocabit]
698 1875 776 1905 Sive
788 1876 820 1905 in
836 1874 984 1914 Cyrnum
1000 1875 1087 1905 insu-

401 1926 478 1965 lam,
509 1924 580 1956 sive
611 1923 786 1962 Rhegium,
813 1923 882 1953 sive
907 1922 941 1953 in
964 1922 1086 1953 Gauiae

401 1983 487 2005 oras.
528 1972 571 2002 In
597 1980 652 2003 eas
677 1972 764 2002 enim
789 1971 943 2011 regiones
968 1971 1088 2011 migra-

401 2022 487 2054 turis
516 2021 626 2052 Notus
652 2024 687 2051 et
709 2019 846 2051 Africus
871 2020 963 2051 venti
988 2021 1089 2052 utiles

403 2075 512 2103 erant.

445 2123 485 2152 25
509 2119 572 2150 Sed
586 2118 726 2156 juremus
746 2117 779 2148 in
797 2117 872 2158 hoec,
887 2118 958 2158 ξω]
983 2117 1088 2148 Ante-

403 2180 503 2214 quam
518 2170 596 2201 hinc
618 2169 852 2208 demigremus,
873 2178 933 2199 nos
954 2173 1088 2208 oportet

403 2219 532 2251 solenni
547 2221 757 2249 sacramento
772 2217 935 2257 obligare,
957 2227 1021 2248 non
1038 2226 1089 2249 re-

402 2269 534 2301 dituros
549 2268 583 2298 in
604 2267 760 2307 patriam,
776 2275 839 2297 nec
857 2267 938 2298 alios
953 2266 995 2298 ab
1015 2267 1088 2298 aliis

404 2316 652 2358 disjungendos.

449 2366 549 2398 Simul
569 2365 640 2396 imis
653 2374 729 2396 saxa
742 2365 882 2395 renarint
902 2364 997 2396 Vadis
1010 2365 1090 2395 leva-

405 2413 455 2455 ta]
480 2415 530 2446 Ex
558 2413 732 2445 Herodoto
763 2413 822 2444 cit.
851 2417 925 2453 post
953 2422 1089 2444 execra-

406 2465 528 2503 tiones,
543 2463 732 2495 Phocenses
746 2462 779 2493 in
790 2471 880 2493 mare
892 2463 1090 2501 demergunt

407 2524 447 2546 ac
462 2514 622 2554 dejiciunt
645 2521 760 2543 saxum
784 2511 915 2551 ingens,
940 2520 997 2541 seu
1012 2520 1091 2541 can·

406 2563 490 2595 dens
514 2562 650 2602 ferrum,
672 2565 710 2592 ut
733 2561 789 2591 alii
808 2560 1032 2599 contendunt3
1055 2564 1092 2592 et

400 2613 592 2653 juramento
619 2609 818 2642 confirmant
838 2619 904 2641 non
927 2611 1018 2651 prins
1046 2609 1090 2640 de

406 2662 592 2702 repetenda
603 2661 751 2692 Phocaea
762 2661 982 2700 cogitaturos,
990 2668 1089 2700 quam

409 2719 517 2741 massa
546 2710 603 2740 illa
637 2710 708 2740 sive
745 2709 855 2740 ferrea
887 2709 956 2742 sive
989 2716 1089 2738 saxea

409 2764 597 2798 emergeret
630 2762 664 2789 et
690 2767 791 2798 super
820 2767 920 2798 aquas
945 2761 1090 2788 nataret.

1141 1778 1197 1810 Ad
1212 1779 1297 1810 hunc
1307 1778 1443 1819 jurandi
1453 1778 1552 1810 ritum
1567 1777 1723 1818 pertinet,
1732 1778 1820 1819 quod

1142 1827 1292 1858 Helvetii
1310 1828 1526 1868 demigraturi
1549 1827 1671 1858 moenia
1692 1835 1751 1857 sua
1771 1827 1820 1856 in-

1141 1875 1330 1913 cenderint,
1351 1875 1441 1915 quod
1463 1874 1748 1906 ‘sacramentum’
1769 1883 1820 1904 es-

1139 1928 1202 1959 set,
1222 1923 1233 1940 ‘
1244 1933 1286 1954 ne
1300 1923 1473 1955 redirent!
1517 1923 1619 1954 Teste
1635 1923 1747 1954 Floro.

1180 1975 1220 2003 2⁷
1245 1973 1375 2007 Quando
1388 1973 1494 2003 Padus
1506 1972 1632 2002 Matina
1649 1972 1758 2002 laverit
1773 1981 1822 2002 ca-

1137 2020 1272 2060 cumina]
1307 2020 1482 2051 Aduuaton
1505 2020 1683 2059 multiplex
1708 2028 1822 2059 aggre-

1139 2075 1197 2108 gat
1212 2073 1248 2100 et
1267 2069 1455 2100 accumulat
1468 2068 1521 2100 hic
1540 2068 1714 2107 Horatius,
1735 2069 1823 2109 stylo

1132 2118 1328 2159 juveniliter
1339 2118 1552 2149 lasciviente:
1569 2116 1657 2158 quod
1670 2118 1697 2147 si
1708 2126 1820 2157 repre-

1138 2167 1308 2198 hendisset
1334 2167 1402 2199 Jul.
1434 2167 1596 2208 Scaliger,
1625 2175 1668 2197 ex
1697 2166 1821 2205 judicii

1139 2216 1268 2256 legibus
1294 2215 1441 2247 fecisset.
1485 2216 1560 2247 Hac
1588 2219 1681 2247 certe
1704 2219 1822 2246 notare

1141 2265 1305 2296 debuerat
1334 2265 1447 2304 potins
1477 2274 1574 2304 quam
1597 2263 1710 2295 tricari
1731 2263 1823 2294 circa

1137 2314 1149 2331 ‘
1161 2314 1339 2345 eoeruleam
1355 2312 1592 2351 Germaniam:
1601 2313 1691 2343 velut
1702 2312 1821 2342 durum

1139 2363 1352 2403 epithetum;
1382 2361 1473 2391 circa
1511 2369 1625 2390 vocem
1658 2359 1822 2394 ‘carent,’

1139 2412 1231 2452 quasi
1249 2411 1382 2451 antique
1407 2409 1502 2440 nimis
1521 2412 1737 2447 usurpatam:
1765 2417 1826 2439 vo·

1139 2470 1211 2493 cem
1242 2459 1253 2476 ‘
1269 2457 1476 2500 perprimat,’
1506 2458 1599 2488 velut
1626 2455 1820 2488 foetentem:

1140 2509 1234 2551 quasi
1269 2517 1359 2539 vero.
1410 2506 1666 2538 Criminationes
1701 2506 1823 2537 deinde

1140 2558 1306 2598 graviores
1322 2556 1540 2587 excutiemus.
1582 2555 1703 2586 Sensus
1724 2555 1823 2595 hujus

1141 2607 1206 2638 loci
1219 2611 1287 2637 est:
1309 2606 1392 2636 Tum
1408 2614 1450 2636 ne
1467 2605 1583 2645 pigeat
1598 2605 1734 2636 Romam
1747 2603 1823 2634 red-

1142 2658 1189 2688 ire
1215 2655 1345 2696 quando
1372 2655 1485 2685 Padus
1509 2652 1627 2685 fluvius
1654 2652 1823 2685 Matinum

1142 2710 1287 2736 montem
1303 2702 1587 2744 supergredietur,
1610 2712 1670 2744 per
1683 2703 1752 2743 ejus
1767 2712 1819 2734 ca-

1142 2764 1261 2787 cumen
1277 2753 1459 2785 ascendens
1472 2762 1512 2784 ac
1526 2752 1716 2792 decurrens,

1718 2801 1726 2815 N
