1904 3256
591 313 865 344 mum-Num
901 313 995 344 mu.
1026 312 1092 343 ιν.
1123 302 1192 343 13.

1551 299 1639 341 619

412 407 736 462 Nigrorumque
759 421 938 459 memor,
959 407 1061 450 dum
1080 407 1204 456 licet,
1229 405 1409 459 ignium,

420 474 566 516 Misce
589 474 821 516 stultitiam
843 473 1039 516 consiliis
1059 474 1263 516 brevem:

582 540 725 582 Dulce
744 547 815 583 est
834 541 1040 596 desipere
1058 540 1105 582 in
1124 541 1239 582 loco.

183 663 254 694 dum
266 665 354 702 potes
374 663 549 694 recordatus
570 662 636 694 atri
657 663 728 702 rogi
750 662 870 695 brevem
893 663 1047 694 insaniam
1069 662 1205 694 admisce
1226 660 1400 702 sapientia.
1450 658 1642 699 Tempestive

185 705 328 736 insanire
342 715 434 737 succe
447 708 507 737 est.

838 766 979 799 NOTAE

185 850 316 880 museo,
339 846 376 873 et
401 851 422 872 a
440 841 626 873 condendis
653 841 789 873 assidue
816 851 889 873 car·

184 891 330 924 minibus
359 892 423 932 ipsi
457 890 615 932 profecto
654 892 886 932 qnaestuosis:

185 950 262 972 nam
287 951 348 982 pro
376 941 418 972 iis
441 946 495 973 sat
524 940 716 973 liberaliter
741 940 887 972 donatus

184 991 228 1022 ab
247 992 402 1031 Augusto
427 991 571 1033 aliisque
598 990 798 1032 proceribus
813 992 887 1032 jam

188 1041 312 1074 suerat.

228 1094 272 1123 26
295 1091 531 1132 Nigrorumque
551 1100 678 1130 memor,
707 1091 780 1122 dum
801 1090 887 1130 licet,

188 1142 318 1182 ignium,
339 1143 411 1184 εμπ]
444 1142 570 1173 Mortis
596 1151 737 1182 memor,
767 1141 888 1173 tristis-

189 1201 255 1232 que
277 1201 318 1223 ae
341 1190 497 1223 funebris
512 1191 583 1231 rogi
603 1191 636 1221 in
653 1199 720 1231 quo
736 1200 889 1222 creman-

188 1247 246 1273 tur
269 1241 453 1280 cadavera,
476 1240 637 1282 quamdiu
665 1242 748 1272 licet
778 1250 818 1272 ac
843 1242 890 1273 vi-

191 1292 252 1332 vis,
277 1290 401 1332 gaudia
425 1290 522 1332 hujus
544 1291 622 1322 vitae
654 1299 797 1331 carpere
824 1289 889 1322 fes-

191 1342 276 1373 tina.

232 1394 275 1422 27
298 1390 399 1421 Misce
413 1390 583 1421 stultitiam
597 1390 737 1421 consiliis
755 1390 891 1430 brevem]

189 1440 417 1474 Severitatem
461 1438 672 1480 aliquantula
718 1438 892 1469 hilaritate

190 1498 362 1531 tempera:
387 1489 580 1520 intermitte
591 1487 792 1529 seria,jocis
810 1498 892 1529 pau-

189 1542 294 1573 lulum
307 1550 402 1572 vaca.
425 1539 494 1572 Qui
511 1539 687 1570 relaxandi
699 1539 801 1570 animi
816 1549 892 1580 gra-

191 1592 237 1624 tia
253 1590 402 1623 ludendo
415 1589 612 1630 lasciviunt,
630 1590 728 1632 quasi
743 1590 894 1623 insanire

941 841 1112 873 videntur.
1147 841 1239 872 Hine
1255 839 1368 872 Poeta
1383 839 1543 871 ‘brevem
1558 839 1643 870 stul-

943 891 1055 923 titiam
1069 891 1078 905 ’
1117 891 1292 932 appellat:
1341 890 1521 922 Anacreon
1561 899 1643 921 vero

941 942 1085 983 σώφρονα
1098 941 1235 980 λύσσην,
1247 940 1576 981 sapientemsurorem.

985 995 1028 1025 28
1050 993 1155 1024 Dulce
1176 995 1223 1024 est
1243 992 1382 1034 desipere
1396 992 1433 1022 in
1452 990 1531 1031 loco]
1555 991 1643 1022 Con-

941 1051 1026 1083 gruo
1044 1048 1199 1083 tempore
1215 1047 1251 1073 et
1266 1043 1341 1073 loco
1364 1041 1467 1072 animi
1482 1040 1647 1072 severita-

942 1097 1011 1124 tem
1024 1092 1176 1133 abjicere
1185 1091 1338 1132 expedit.
1359 1091 1534 1123 Senec.de
1543 1091 1647 1122 Trau-

942 1142 1039 1183 quill.
1062 1151 1087 1173 1.
1111 1151 1189 1182 cap.
1206 1142 1273 1173 ult.
1303 1144 1313 1159 ⁴
1331 1141 1367 1172 Si
1384 1141 1509 1173 Graeco
1525 1140 1647 1173 Poetae

943 1192 1127 1230 credimus,
1150 1191 1271 1233 inquit,
1297 1191 1474 1223 interdum
1498 1196 1534 1223 et
1558 1191 1648 1223 insa-

943 1240 1219 1281 nirejucundum
1231 1240 1308 1272 est.’
1330 1240 1524 1272 Menander
1535 1241 1569 1272 in
1582 1242 1649 1272 Co·

944 1291 1070 1322 moedia
1085 1292 1139 1323 cui
1153 1291 1275 1322 titulus
1289 1288 1496 1330 πωλούμενοι,
1508 1292 1649 1322 venales:

944 1341 980 1371 οὐ
989 1341 1155 1379 πανταχοῦ
1163 1340 1202 1371 τὸ
1212 1339 1360 1380 φρόνιμον
1375 1339 1520 1380 ἁρμόττει
1537 1340 1648 1380 παρὸν,

944 1389 1005 1422 Καὶ
1019 1391 1213 1429 συμμανῆναι
1229 1390 1254 1420 δ’
1271 1389 1338 1420 ἔνια
1352 1390 1408 1420 δεῖ.
1444 1389 1515 1420 Non
1529 1399 1650 1429 semper

944 1440 1130 1481 sapientiam
1144 1441 1229 1471 decet
1245 1440 1363 1477 adesse,
1383 1442 1414 1470 et
1429 1438 1567 1470 insanire
1581 1449 1650 1470 cum

945 1490 1020 1521 aliis
1053 1491 1235 1530 quandoque
1270 1492 1402 1530 oportet.
1447 1488 1516 1520 Ubi
1547 1490 1650 1530 vulgo

947 1541 1102 1579 συμβῆναι
1117 1541 1186 1581 legi
1204 1549 1398 1581 perperam,
1414 1540 1598 1571 sententiae
1615 1546 1653 1572 et

947 1591 1117 1632 prosodiae
1134 1590 1219 1622 ratio
1235 1590 1430 1623 luculenter
1445 1589 1586 1622 evincit.

752 1755 883 1797 ODE
932 1755 1080 1797 XIII.

789 1866 841 1896 IN
880 1866 1060 1897 LYGEN.

195 1957 370 1997 Horatius,
394 1961 546 1988 veterum
565 1956 766 1997 injuriarum
790 1964 932 1991 memor,
955 1954 1076 1986 amicae
1101 1955 1235 1986 cuidam
1258 1964 1327 1986 suae
1350 1953 1428 1985 olim
1453 1952 1654 1992 fastidiosae,

231 2011 303 2052 jam
319 2019 401 2042 vero
418 2011 542 2042 vetulae
563 2008 681 2050 factm,
695 2011 839 2051 propter
861 2013 1002 2040 aetatem
1022 2013 1135 2040 tamen
1152 2008 1359 2049 lascivienti,
1375 2006 1587 2049 lepidissime
1604 2006 1654 2036 in-

239 2064 355 2097 saltat.

422 2137 713 2187 Aumvmm,
734 2135 872 2190 Lyce,
894 2135 956 2177 Di
975 2148 1077 2177 mea
1096 2140 1218 2186 vota,
1238 2136 1301 2177 Di

425 2202 663 2255 Audivere,
686 2204 834 2258 Lyce:
865 2203 920 2245 fis
942 2216 1067 2255 anuS,
1085 2212 1128 2245 et
1148 2210 1294 2245 tamen

243 2325 273 2356 0
286 2324 382 2366 Lyce,
402 2324 463 2356 Dii
485 2325 710 2357 exaudiveram
725 2334 808 2356 meas
820 2334 928 2367 preces
935 2335 949 2362 ;
973 2324 1067 2366 Lyce,
1094 2324 1155 2355 Dii
1179 2323 1420 2356 exaudiveram.
1463 2323 1539 2354 Jam
1554 2322 1656 2353 vecula

806 2418 926 2431 eeeeee

929 2419 1047 2431 eeeeee

242 2484 320 2517 Ode
337 2484 472 2517 decima
488 2493 578 2515 nona
594 2483 688 2516 Libri
703 2484 846 2515 secundi
865 2485 898 2515 in
915 2484 981 2516 Ed.
993 2483 1119 2515 Sanad.
1163 2483 1362 2524 Epigrapbe
1378 2483 1412 2514 in
1426 2482 1536 2513 Pulm.
1554 2480 1657 2512 Gem-

202 2527 290 2562 blac.
306 2531 336 2560 1.
349 2531 380 2559 2.
402 2527 572 2568 Memplice
584 2528 846 2568 parenaetica—1
872 2527 933 2559 Dii
948 2527 1046 2558 multi
1060 2526 1163 2558 codd.
1180 2533 1215 2557 et
1231 2526 1376 2557 edd.——2
1400 2525 1549 2555 Helmst.
1576 2523 1659 2565 etfis

851 2621 883 2653 N
890 2622 994 2653 01*AE

246 2685 396 2718 Metrum
412 2686 503 2718 idem
520 2685 607 2728 qnod
626 2695 651 2717 1.
668 2685 738 2717 Od.
754 2689 786 2716 5.

957 2694 1014 2716 ιιι.
1041 2684 1110 2716 Od.
1137 2687 1189 2715 10.
1234 2682 1353 2714 Eidem
1378 2691 1467 2714 nunc
1482 2682 1576 2714 senio
1600 2682 1659 2715 de-

249 2736 262 2764 l
289 2733 388 2774 Lyce]
411 2736 520 2777 Hujus
546 2737 625 2767 olim
648 2737 835 2777 juventute
864 2740 902 2768 et
956 2733 1272 2776 turpataeinsultat.
1305 2733 1363 2764 Sic
1375 2732 1539 2773 etLydiae
1551 2742 1659 2775 quon-

206 2783 316 2814 forma
341 2783 527 2822 splendidae
554 2795 685 2817 amores
713 2787 902 2827 arroganti·

957 2785 1034 2817 dam
1059 2785 1225 2826 pulchrae,
1244 2783 1316 2825 jam
1332 2792 1414 2815 vero
1439 2783 1656 2823 deformatae,

207 2841 327 2874 amque
358 2838 557 2873 persecutus
586 2834 698 2867 fuerat
724 2836 903 2876 Horatius,
957 2836 1070 2868 illudit
1086 2845 1110 2868 1.
1128 2834 1268 2873 0d„25.
