1904 3256
377 272 460 313 594

839 287 881 323 Q.
913 284 1117 316 HORATII
1153 283 1321 313 FhAccl

939 459 1067 501 ODE
1106 460 1243 502 VIII.

709 571 773 600 AD
806 571 845 600 C.
879 569 1109 599 MARTIUM

1143 568 1482 600 CENSORINUM.

381 656 481 697 Apud
499 656 603 687 virum
628 656 841 687 Consularem
858 655 996 696 Caiique
1021 655 1161 687 Caesaris
1184 654 1395 694 familiarem,
1411 656 1448 686 C.
1465 655 1623 686 Martium
1645 655 1801 687 Censori-

423 717 514 746 num,
529 711 666 738 excusat
681 716 730 746 se,
745 707 832 747 quod
849 715 910 746 pro
932 706 1096 738 tenuitate
1118 716 1178 738 sua
1197 707 1351 738 Carmina
1367 707 1440 738 vice
1456 711 1579 738 strenae
1593 707 1698 748 (haud
1718 715 1798 738 con-

420 759 633 790 temnendum
649 762 760 789 tamen
775 756 906 797 munus)
919 757 950 788 ei
966 757 1089 788 mittat.

549 832 799 872 DONAREM
813 835 984 883 pateras
1003 834 1212 883 grataque
1234 832 1495 880 commodUS,

549 897 796 946 Censoriae,
814 897 921 937 meis
948 909 1035 938 aera
1055 897 1306 938 sodalibus:

549 962 771 1003 Donarem
790 961 1004 1014 tripodas,
1024 963 1204 1014 praemia
1223 962 1396 1002 fortium

427 1070 456 1100 Ο
468 1070 645 1111 censor-ine,
659 1073 795 1101 crateras
815 1072 845 1100 et
855 1068 993 1107 ,iucunda
1007 1076 1047 1098 ex
1070 1075 1130 1097 oere
1151 1076 1225 1098 vasa
1238 1069 1318 1099 ultro
1337 1070 1440 1100 darem
1463 1069 1555 1100 sociis
1579 1069 1675 1106 mein
1697 1069 1800 1100 darem

974 1158 1109 1171 eeeeeee

1110 1158 1207 1170 eene

428 1223 504 1254 Ode
521 1224 626 1263 prima
644 1223 735 1254 Libri
750 1225 859 1264 quarti
871 1224 904 1254 in
921 1223 983 1254 Ed.
995 1223 1180 1254 Sanad.-1
1206 1223 1274 1253 Pro
1294 1224 1475 1259 commodus,
1490 1223 1649 1254 commodis
1669 1222 1802 1263 quidam

383 1264 623 1296 Lamb.omnes
635 1265 732 1295 Torr.
745 1265 816 1306 (cui
828 1264 1019 1304 probatur),
1033 1264 1122 1303 Lips.
1138 1267 1168 1294 1.
1183 1273 1202 1294 a
1217 1273 1261 1294 m.
1277 1273 1327 1303 pr.
1342 1264 1432 1304 Lips.
1444 1266 1515 1295 24.
1531 1265 1673 1303 Franeq.
1689 1263 1759 1294 Alt.
1774 1267 1803 1295 l.

383 1307 507 1337 Venet.
522 1308 613 1336 1492.
628 1307 704 1337 Vct.
727 1306 843 1336 Comb.
859 1306 1000 1336 Locher.
1015 1305 1130 1336 Basili.
1154 1305 1324 1334 commodus
1338 1304 1420 1335 Aer.
1444 1305 1509 1335 duo
1531 1305 1623 1335 Vatt.
1639 1304 1755 1344 optimi
1768 1309 1805 1335 et

385 1347 532 1386 quinque
545 1347 600 1376 alii
615 1346 731 1377 Lamb.
749 1351 813 1376 tres
831 1346 974 1377 Blandd.
987 1346 1087 1385 Cruq.
1104 1354 1218 1375 omnes
1235 1345 1342 1376 Pulm.
1355 1350 1390 1376 et
1403 1346 1535 1376 Bersm.
1551 1345 1804 1376 Harl.l.2.3.4.

385 1391 415 1418 6.
429 1390 459 1417 6.
475 1387 566 1426 Lips.
584 1390 613 1417 l.
627 1397 646 1417 a
658 1396 700 1418 m.
711 1396 737 1418 s.
751 1387 841 1426 Lips.
857 1389 888 1417 3.
915 1386 985 1416 Ait.
996 1389 1028 1416 2.
1041 1386 1182 1416 Mentel.
1197 1385 1346 1416 Helmst.
1359 1386 1456 1415 Dess.
1467 1388 1497 1416 2.
1542 1387 1588 1416 Et
1601 1386 1649 1417 sic
1662 1386 1806 1417 Ascens.

385 1429 476 1459 Mur.
490 1428 591 1459 Fabr.
614 1428 731 1468 Steph.
755 1428 874 1458 Heius.
893 1427 996 1467 Rutg.
1015 1426 1129 1457 Lamb.
1145 1427 1246 1465 Cruq.
1274 1427 1356 1457 Fab.
1379 1428 1502 1457 Dacer.
1519 1427 1634 1458 Bentl.
1654 1427 1690 1467 (e
1705 1426 1803 1466 suis),

387 1469 487 1501 Baxt.
514 1469 598 1501 Cun.
621 1470 700 1500 San.
728 1468 845 1501 Jonas.
871 1468 962 1508 Jani‚
987 1468 1125 1508 Bipont.
1152 1467 1291 1498 Mitsch.
1319 1468 1461 1499 Wetzel.
1477 1467 1612 1500 Wakef.
1629 1467 1745 1501 Comb.
1771 1472 1806 1499 et

1025 1563 1055 1594 N
1061 1562 1162 1594 01*AE

427 1636 577 1667 Metrum
593 1639 645 1666 est
659 1635 746 1666 idem
762 1636 850 1676 quod
867 1645 890 1668 1.
903 1637 971 1668 Od.
985 1639 1014 1667 1.

429 1686 446 1714 1
472 1683 628 1713 Donarem
649 1686 784 1723 pateras,
806 1683 875 1723 ἐγὼ]
908 1685 985 1715 Non
1015 1684 1072 1715 abs

389 1741 426 1763 re
461 1731 653 1762 Theodorus
693 1732 867 1763 Marcilius
902 1732 1074 1763 existimat

389 1780 488 1811 Oden
511 1779 597 1809 hanc
622 1788 739 1809 munus
767 1788 840 1810 esse
865 1779 1074 1811 Saturnaliti-

390 1837 461 1857 um:
485 1826 554 1856 sive
575 1825 817 1865 Saturnalibus,
841 1835 906 1867 quo
923 1831 1073 1866 tempore

389 1876 490 1907 amici
512 1885 650 1906 munera
674 1876 817 1907 invicem
850 1876 1072 1915 missitabant,

388 1925 519 1955 missam
549 1924 741 1954 Censorino.
779 1924 818 1955 C.
844 1924 988 1957 Martius
1017 1924 1072 1955 ille

390 1972 591 2003 Censorinus
614 1972 738 2003 Consul
763 1971 830 2003 fuit
855 1981 928 2003 cum
953 1972 1072 2004 Asinio

391 2020 490 2052 Gallo
507 2029 584 2051 ann.
599 2021 640 2051 U.
652 2020 690 2051 C.
706 2022 780 2051 746.

432 2068 578 2108 Poteras]
602 2068 708 2100 Varro
737 2068 796 2100 lib.
823 2077 876 2099 ιν.
904 2068 947 2099 de
976 2068 1071 2109 Ling.

389 2118 467 2148 Lat.
503 2118 512 2134 ⁴
533 2117 572 2147 In
596 2117 724 2157 poculis
746 2121 822 2148 sunt
851 2117 999 2157 paterae,'
1024 2117 1071 2148 in-

389 2165 474 2205 quit,
489 2165 499 2181 ‘
513 2174 532 2195 a.
547 2165 691 2204 patendo
706 2164 831 2196 dictaess
866 2165 998 2196 Gallice
1017 2175 1074 2197 une

391 2222 491 2252 coupe.
529 2212 701 2252 Ejusmodi
726 2214 844 2252 pocula
866 2217 1026 2253 argentea
1040 2214 1073 2244 in

392 2263 495 2294 sacris
511 2262 774 2294 adhibebantur:
798 2263 885 2294 dono
900 2263 1002 2294 etiam
1018 2263 1075 2294 da-

393 2311 524 2343 bantur.
571 2311 684 2343 Plaut.
718 2311 884 2351 Amphitr.
917 2312 1027 2343 Scen-
1048 2320 1074 2342 ι.

394 2361 404 2378 ‘
421 2361 505 2392 Post
518 2360 560 2392 ob
577 2360 734 2392 virtutem
745 2360 826 2391 hero
839 2359 1076 2400 Amphitruoni

396 2413 513 2450 patera
527 2409 651 2440 donata
666 2418 767 2440 aurea
780 2415 845 2450 est,
860 2409 925 2442 Qui
941 2409 1075 2441 Pterela

396 2457 542 2498 potitare
555 2467 612 2488 rex
629 2457 743 2488 solitus
755 2457 828 2489 est.’

441 2507 633 2546 Commodus]
658 2506 840 2547 Benignus‚
858 2505 979 2545 facilis,
995 2505 1075 2537 libe-

397 2554 486 2584 ralis.
521 2554 664 2587 Quidam
688 2555 816 2595 legunt,
835 2555 1003 2594 commodis,
1017 2554 1075 2586 sed

399 2612 587 2642 perperam.

440 2654 459 2681 2
482 2652 574 2691 AEra]
598 2653 685 2684 Vasa
707 2662 748 2685 ex
771 2662 838 2685 aere
859 2653 1006 2693 capacia,
1031 2653 1077 2683 le-

399 2699 506 2737 betas,
530 2699 659 2731 Gallice
689 2705 832 2743 curem-⁹,
861 2711 935 2743 quae
967 2701 1076 2733 multi-

400 2747 479 2789 plici
494 2753 588 2779 erant
604 2749 685 2780 usui.

1165 1639 1184 1666 3
1210 1634 1371 1675 Tripodas]
1395 1635 1530 1665 Mensas
1553 1635 1606 1665 vel
1629 1635 1726 1666 sellas
1750 1636 1809 1667 ali-

1125 1684 1180 1724 qui
1195 1683 1312 1722 dicunt
1328 1683 1449 1722 fuisse3
1473 1683 1538 1718 alii,
1553 1688 1686 1714 ansatas
1702 1684 1806 1716 ollas:

1127 1732 1275 1773 tripodas
1293 1737 1387 1764 certe
1404 1732 1630 1772 appellarunt,
1642 1732 1729 1773 quod
1741 1737 1809 1764 ter-

1127 1781 1176 1812 nis
1194 1781 1333 1820 pedibus
1362 1780 1473 1812 infima
1494 1790 1572 1820 pars
1593 1781 1810 1821 sustineatur,

1127 1829 1236 1869 inquit
1258 1828 1381 1859 Athen.
1401 1838 1477 1859 mox
1495 1829 1618 1860 citand.
1650 1830 1809 1861 Ceterum

1125 1876 1214 1916 apud
1243 1877 1370 1915 priscos
1396 1876 1564 1916 tripodum
1590 1886 1716 1917 genera
1741 1878 1808 1909 duo

1124 1922 1230 1958 fuere,
1253 1933 1327 1963 quae
1354 1925 1453 1954 ambo
1477 1923 1608 1956 lebetas
1631 1926 1808 1966 aliquando

1125 1973 1355 2004 nominarunt:
1367 1973 1507 2004 alterum
1519 1973 1711 2013 caldarium,
1722 1975 1809 2015 quod

1124 2020 1191 2060 igni
1205 2020 1457 2059 admovebatur,
1471 2021 1614 2061 ideoque
1634 2022 1809 2054 dicebatur

1125 2067 1341 2108 ἐμπυριβήτης,
1370 2074 1406 2099 et
1430 2069 1626 2110 λοετροχόος,
1649 2080 1714 2111 quo
1737 2074 1810 2102 ute·

1126 2117 1247 2148 bantur
1272 2117 1314 2148 ad
1339 2116 1598 2150 calefaciendam
1623 2128 1742 2160 aquam
1761 2120 1810 2151 Ιο-

1126 2165 1230 2198 turis:
1265 2167 1407 2197 alterum
1438 2165 1503 2198 fuit
1534 2176 1636 2207 genus
1665 2167 1807 2208 tripodis

1125 2215 1293 2255 poculum,
1325 2215 1366 2245 de
1399 2224 1463 2255 quo
1502 2215 1687 2247 Homerus:
1723 2216 1808 2247 Ἐπ’

1125 2261 1256 2302 ἀπύρους
1283 2261 1439 2302 τρίποδας,
1463 2263 1504 2294 In
1529 2263 1579 2294 his
1608 2264 1810 2296 miscebatur

1127 2313 1239 2343 vinum
1253 2321 1290 2343 ac
1304 2312 1563 2352 temperabatur.
1586 2313 1696 2344 Utiles
1711 2319 1809 2346 erant

1127 2361 1227 2392 etiam
1255 2360 1456 2392 adornandis
1486 2361 1636 2393 aedibus:
1670 2365 1707 2393 et
1733 2363 1809 2403 quia

1126 2419 1193 2440 non
1209 2409 1276 2449 igni
1299 2408 1555 2448 adhibebantur,
1577 2408 1682 2450 ἄπυροι
1703 2409 1806 2443 dicti:

1127 2462 1228 2499 atque
1251 2459 1366 2489 horum
1390 2457 1489 2488 auriti
1503 2457 1635 2499 quidam
1650 2460 1807 2491 extitere.

1127 2507 1250 2538 Athen.
1279 2516 1319 2538 11.
1344 2510 1375 2538 2.
1402 2506 1459 2537 ubi
1485 2511 1519 2538 et
1542 2507 1601 2548 ait,
1626 2508 1661 2538 in
1681 2508 1806 2540 Bacchi

1129 2555 1366 2588 certaminibus
1392 2555 1563 2595 praemium
1594 2555 1727 2587 victoris
1751 2557 1809 2588 tri-

1129 2605 1250 2645 podem
1262 2603 1370 2635 fuisse.
1392 2603 1557 2644 Tripodas
1567 2604 1656 2644 apud
1672 2604 1808 2636 Graecos

1129 2652 1317 2683 mercedem
1339 2651 1451 2683 datam
1474 2652 1523 2682 rei
1547 2651 1681 2684 fortiter
1705 2658 1806 2694 gesta

1129 2710 1167 2731 ac
1182 2701 1324 2740 virtutis,
1339 2704 1469 2731 constat
1485 2710 1526 2731 ex
1546 2701 1694 2733 Homero
1707 2702 1804 2733 varii·

1129 2749 1230 2781 locis:
1259 2749 1348 2782 forte
1375 2750 1465 2791 quia,
1494 2744 1805 2791 velut'symbolum,
