<?xml version="1.0" encoding="UTF-8"?>
<!DOCTYPE html PUBLIC "-//W3C//DTD XHTML 1.0 Transitional//EN"
    "http://www.w3.org/TR/xhtml1/DTD/xhtml1-transitional.dtd">
<html xmlns="http://www.w3.org/1999/xhtml" xml:lang="en" lang="en">
 <head>
  <title>
</title>
<meta http-equiv="Content-Type" content="text/html;charset=utf-8" />
  <meta name='ocr-system' content='tesseract 3.04.00' />
  <meta name='ocr-capabilities' content='ocr_page ocr_carea ocr_par ocr_line ocrx_word'/>
</head>
<body>
  <div class='ocr_page' id='page_1' title='image "./operazeune02horauoft_0310.png"; bbox 0 0 1956 3236; ppageno 0'>
   <div class='ocr_carea' id='block_1_1' title="bbox 413 256 497 298">
    <p class='ocr_par' dir='ltr' id='par_1_1' title="bbox 413 256 497 298">
     <span class='ocr_line' id='line_1_1' title="bbox 413 256 497 298; baseline 0.012 -1"><span class='ocrx_word' id='word_1_1' title='bbox 413 256 497 298; x_wconf 81' lang='lat'>850</span> 
     </span>
    </p>
   </div>
   <div class='ocr_carea' id='block_1_2' title="bbox 886 266 1368 307">
    <p class='ocr_par' dir='ltr' id='par_1_2' title="bbox 886 266 1368 307">
     <span class='ocr_line' id='line_1_2' title="bbox 886 266 1368 307; baseline -0.004 -9"><span class='ocrx_word' id='word_1_2' title='bbox 886 272 929 307; x_wconf 76' lang='lat' dir='ltr'>Q.</span> <span class='ocrx_word' id='word_1_3' title='bbox 960 268 1165 298; x_wconf 74' lang='lat' dir='ltr'>HORA‘ru</span> <span class='ocrx_word' id='word_1_4' title='bbox 1198 266 1368 297; x_wconf 76' lang='lat' dir='ltr'>FLAccr</span> 
     </span>
    </p>
   </div>
   <div class='ocr_carea' id='block_1_3' title="bbox 415 359 1561 476">
    <p class='ocr_par' dir='ltr' id='par_1_3' title="bbox 415 359 1561 476">
     <span class='ocr_line' id='line_1_3' title="bbox 415 359 1561 415; baseline 0.002 -15"><span class='ocrx_word' id='word_1_5' title='bbox 415 360 529 402; x_wconf 86' lang='lat' dir='ltr'>Nam</span> <span class='ocrx_word' id='word_1_6' title='bbox 549 374 662 414; x_wconf 83' lang='lat' dir='ltr'>vaga</span> <span class='ocrx_word' id='word_1_7' title='bbox 681 375 760 415; x_wconf 88' lang='lat' dir='ltr'>per</span> <span class='ocrx_word' id='word_1_8' title='bbox 782 364 968 400; x_wconf 85' lang='lat' dir='ltr'>veterem</span> <span class='ocrx_word' id='word_1_9' title='bbox 989 359 1162 412; x_wconf 87' lang='lat' dir='ltr'>dilapso</span> <span class='ocrx_word' id='word_1_10' title='bbox 1183 359 1357 400; x_wconf 89' lang='lat' dir='ltr'>flamma</span> <span class='ocrx_word' id='word_1_11' title='bbox 1376 361 1561 402; x_wconf 88' lang='lat' dir='ltr'>culinam</span> 
     </span>
     <span class='ocr_line' id='line_1_4' title="bbox 416 425 1545 476; baseline -0.002 -10"><span class='ocrx_word' id='word_1_12' title='bbox 416 426 630 474; x_wconf 84' lang='lat' dir='ltr'>Vulcano,</span> <span class='ocrx_word' id='word_1_13' title='bbox 652 437 861 467; x_wconf 89' lang='lat' dir='ltr'>summum</span> <span class='ocrx_word' id='word_1_14' title='bbox 882 425 1143 476; x_wconf 83' lang='lat' dir='ltr'>properabat</span> <span class='ocrx_word' id='word_1_15' title='bbox 1162 425 1349 466; x_wconf 85' lang='lat' dir='ltr'>lambere</span> <span class='ocrx_word' id='word_1_16' title='bbox 1371 430 1545 467; x_wconf 85' lang='lat' dir='ltr'>tectum.</span> 
     </span>
    </p>
   </div>
   <div class='ocr_carea' id='block_1_4' title="bbox 415 491 1474 543">
    <p class='ocr_par' dir='ltr' id='par_1_4' title="bbox 415 491 1474 543">
     <span class='ocr_line' id='line_1_5' title="bbox 415 491 1474 543; baseline 0 -11"><span class='ocrx_word' id='word_1_17' title='bbox 415 491 631 532; x_wconf 84' lang='lat' dir='ltr'>Convivas</span> <span class='ocrx_word' id='word_1_18' title='bbox 654 491 804 532; x_wconf 85' lang='lat' dir='ltr'>avidos</span> <span class='ocrx_word' id='word_1_19' title='bbox 825 502 994 530; x_wconf 86' lang='lat' dir='ltr'>coenam</span> <span class='ocrx_word' id='word_1_20' title='bbox 1015 503 1253 543; x_wconf 89' lang='lat' dir='ltr'>servosque</span> <span class='ocrx_word' id='word_1_21' title='bbox 1272 492 1474 532; x_wconf 85' lang='lat' dir='ltr'>timentes</span> 
     </span>
    </p>
   </div>
   <div class='ocr_carea' id='block_1_5' title="bbox 1774 494 1831 536">
    <p class='ocr_par' dir='ltr' id='par_1_5' title="bbox 1774 494 1831 536">
     <span class='ocr_line' id='line_1_6' title="bbox 1774 494 1831 536; baseline -0.018 0"><span class='ocrx_word' id='word_1_22' title='bbox 1774 494 1831 536; x_wconf 82' lang='lat'>75</span> 
     </span>
    </p>
   </div>
   <div class='ocr_carea' id='block_1_6' title="bbox 409 557 1634 804">
    <p class='ocr_par' dir='ltr' id='par_1_6' title="bbox 409 557 1634 675">
     <span class='ocr_line' id='line_1_7' title="bbox 409 557 1634 608; baseline 0.001 -10"><span class='ocrx_word' id='word_1_23' title='bbox 409 559 522 598; x_wconf 88' lang='lat' dir='ltr'>Tum</span> <span class='ocrx_word' id='word_1_24' title='bbox 542 569 705 608; x_wconf 86' lang='lat' dir='ltr'>rapere,</span> <span class='ocrx_word' id='word_1_25' title='bbox 727 558 856 607; x_wconf 86' lang='lat' dir='ltr'>atque</span> <span class='ocrx_word' id='word_1_26' title='bbox 876 567 1027 596; x_wconf 90' lang='lat' dir='ltr'>omnes</span> <span class='ocrx_word' id='word_1_27' title='bbox 1047 557 1303 608; x_wconf 85' lang='lat' dir='ltr'>restinguere</span> <span class='ocrx_word' id='word_1_28' title='bbox 1323 558 1432 598; x_wconf 90' lang='lat' dir='ltr'>velle</span> <span class='ocrx_word' id='word_1_29' title='bbox 1454 557 1634 600; x_wconf 84' lang='lat' dir='ltr'>videres.</span> 
     </span>
     <span class='ocr_line' id='line_1_8' title="bbox 410 621 1270 675; baseline -0.001 -12"><span class='ocrx_word' id='word_1_30' title='bbox 410 623 571 675; x_wconf 89' lang='lat' dir='ltr'>Incipit</span> <span class='ocrx_word' id='word_1_31' title='bbox 589 634 644 660; x_wconf 83' lang='lat' dir='ltr'>ex</span> <span class='ocrx_word' id='word_1_32' title='bbox 663 621 740 660; x_wconf 93' lang='lat' dir='ltr'>illo</span> <span class='ocrx_word' id='word_1_33' title='bbox 761 623 930 660; x_wconf 89' lang='lat' dir='ltr'>montes</span> <span class='ocrx_word' id='word_1_34' title='bbox 951 621 1118 673; x_wconf 86' lang='lat' dir='ltr'>Apulia</span> <span class='ocrx_word' id='word_1_35' title='bbox 1139 625 1270 662; x_wconf 90' lang='lat' dir='ltr'>notos</span> 
     </span>
    </p>

    <p class='ocr_par' dir='ltr' id='par_1_7' title="bbox 410 685 1521 804">
     <span class='ocr_line' id='line_1_9' title="bbox 410 685 1521 741; baseline 0 -13"><span class='ocrx_word' id='word_1_36' title='bbox 410 688 636 728; x_wconf 84' lang='lat' dir='ltr'>Ostentare</span> <span class='ocrx_word' id='word_1_37' title='bbox 653 686 772 734; x_wconf 90' lang='lat' dir='ltr'>mihi,</span> <span class='ocrx_word' id='word_1_38' title='bbox 794 699 907 738; x_wconf 91' lang='lat' dir='ltr'>quos</span> <span class='ocrx_word' id='word_1_39' title='bbox 929 690 1062 727; x_wconf 89' lang='lat' dir='ltr'>torret</span> <span class='ocrx_word' id='word_1_40' title='bbox 1080 685 1320 738; x_wconf 84' lang='lat' dir='ltr'>Atabulus;</span> <span class='ocrx_word' id='word_1_41' title='bbox 1349 691 1391 728; x_wconf 89' lang='lat' dir='ltr'>et</span> <span class='ocrx_word' id='word_1_42' title='bbox 1410 701 1521 741; x_wconf 90' lang='lat' dir='ltr'>quos</span> 
     </span>
     <span class='ocr_line' id='line_1_10' title="bbox 410 752 1478 804; baseline 0.002 -11"><span class='ocrx_word' id='word_1_43' title='bbox 410 753 643 804; x_wconf 89' lang='lat' dir='ltr'>Nunquam</span> <span class='ocrx_word' id='word_1_44' title='bbox 664 764 925 804; x_wconf 89' lang='lat' dir='ltr'>erepsemus,</span> <span class='ocrx_word' id='word_1_45' title='bbox 944 752 1026 792; x_wconf 91' lang='lat' dir='ltr'>nisi</span> <span class='ocrx_word' id='word_1_46' title='bbox 1045 765 1127 792; x_wconf 87' lang='lat' dir='ltr'>nos</span> <span class='ocrx_word' id='word_1_47' title='bbox 1149 753 1293 794; x_wconf 85' lang='lat' dir='ltr'>vicina</span> <span class='ocrx_word' id='word_1_48' title='bbox 1312 753 1478 795; x_wconf 88' lang='lat' dir='ltr'>Trivici</span> 
     </span>
    </p>
   </div>
   <div class='ocr_carea' id='block_1_7' title="bbox 407 817 1436 869">
    <p class='ocr_par' dir='ltr' id='par_1_8' title="bbox 407 817 1436 869">
     <span class='ocr_line' id='line_1_11' title="bbox 407 817 1436 869; baseline 0.003 -13"><span class='ocrx_word' id='word_1_49' title='bbox 407 817 527 857; x_wconf 88' lang='lat' dir='ltr'>Villa</span> <span class='ocrx_word' id='word_1_50' title='bbox 546 817 798 869; x_wconf 86' lang='lat' dir='ltr'>recepisset,</span> <span class='ocrx_word' id='word_1_51' title='bbox 820 817 1065 869; x_wconf 85' lang='lat' dir='ltr'>lacrymoso</span> <span class='ocrx_word' id='word_1_52' title='bbox 1089 830 1172 858; x_wconf 90' lang='lat' dir='ltr'>non</span> <span class='ocrx_word' id='word_1_53' title='bbox 1193 819 1283 858; x_wconf 87' lang='lat' dir='ltr'>sine</span> <span class='ocrx_word' id='word_1_54' title='bbox 1301 818 1436 868; x_wconf 88' lang='lat' dir='ltr'>fumo,</span> 
     </span>
    </p>
   </div>
   <div class='ocr_carea' id='block_1_8' title="bbox 1770 818 1827 860">
    <p class='ocr_par' dir='ltr' id='par_1_9' title="bbox 1770 818 1827 860">
     <span class='ocr_line' id='line_1_12' title="bbox 1770 818 1827 860; baseline -0.018 0"><span class='ocrx_word' id='word_1_55' title='bbox 1770 818 1827 860; x_wconf 85' lang='lat'>80</span> 
     </span>
    </p>
   </div>
   <div class='ocr_carea' id='block_1_9' title="bbox 407 881 1550 1002">
    <p class='ocr_par' dir='ltr' id='par_1_10' title="bbox 407 881 1550 1002">
     <span class='ocr_line' id='line_1_13' title="bbox 407 881 1333 924; baseline 0 -2"><span class='ocrx_word' id='word_1_56' title='bbox 407 882 533 922; x_wconf 84' lang='lat' dir='ltr'>Udos</span> <span class='ocrx_word' id='word_1_57' title='bbox 554 893 654 922; x_wconf 88' lang='lat' dir='ltr'>cum</span> <span class='ocrx_word' id='word_1_58' title='bbox 673 881 791 922; x_wconf 82' lang='lat' dir='ltr'>foliis</span> <span class='ocrx_word' id='word_1_59' title='bbox 811 894 956 922; x_wconf 87' lang='lat' dir='ltr'>ramos</span> <span class='ocrx_word' id='word_1_60' title='bbox 975 887 1127 922; x_wconf 89' lang='lat' dir='ltr'>urente</span> <span class='ocrx_word' id='word_1_61' title='bbox 1149 884 1333 924; x_wconf 87' lang='lat' dir='ltr'>camino.</span> 
     </span>
     <span class='ocr_line' id='line_1_14' title="bbox 407 947 1550 1002; baseline 0.003 -15"><span class='ocrx_word' id='word_1_62' title='bbox 407 948 497 987; x_wconf 88' lang='lat' dir='ltr'>Hic</span> <span class='ocrx_word' id='word_1_63' title='bbox 518 960 599 999; x_wconf 87' lang='lat' dir='ltr'>ego</span> <span class='ocrx_word' id='word_1_64' title='bbox 619 947 871 988; x_wconf 86' lang='lat' dir='ltr'>mendacem</span> <span class='ocrx_word' id='word_1_65' title='bbox 894 947 1181 988; x_wconf 77' lang='lat' dir='ltr'>stultissimus</span> <span class='ocrx_word' id='word_1_66' title='bbox 1202 962 1340 1001; x_wconf 89' lang='lat' dir='ltr'>usque</span> <span class='ocrx_word' id='word_1_67' title='bbox 1363 950 1550 1002; x_wconf 85' lang='lat' dir='ltr'>puellam</span> 
     </span>
    </p>
   </div>
   <div class='ocr_carea' id='block_1_10' title="bbox 399 1077 1826 1284">
    <p class='ocr_par' dir='ltr' id='par_1_11' title="bbox 399 1077 1826 1284">
     <span class='ocr_line' id='line_1_15' title="bbox 405 1077 1825 1118; baseline 0.001 -11"><span class='ocrx_word' id='word_1_68' title='bbox 405 1078 567 1109; x_wconf 82' lang='lat' dir='ltr'>Enimvero</span> <span class='ocrx_word' id='word_1_69' title='bbox 582 1079 699 1109; x_wconf 75' lang='lat' dir='ltr'>exarsit</span> <span class='ocrx_word' id='word_1_70' title='bbox 709 1078 813 1118; x_wconf 79' lang='lat' dir='ltr'>ignis;</span> <span class='ocrx_word' id='word_1_71' title='bbox 835 1082 865 1109; x_wconf 89' lang='lat' dir='ltr'>et</span> <span class='ocrx_word' id='word_1_72' title='bbox 872 1078 1002 1118; x_wconf 88' lang='lat' dir='ltr'>flamma</span> <span class='ocrx_word' id='word_1_73' title='bbox 1015 1086 1068 1117; x_wconf 86' lang='lat' dir='ltr'>per</span> <span class='ocrx_word' id='word_1_74' title='bbox 1083 1080 1232 1107; x_wconf 73' lang='lat' dir='ltr'>vetustam</span> <span class='ocrx_word' id='word_1_75' title='bbox 1245 1078 1376 1108; x_wconf 81' lang='lat' dir='ltr'>culinam</span> <span class='ocrx_word' id='word_1_76' title='bbox 1389 1081 1533 1115; x_wconf 73' lang='lat' dir='ltr'>grassata</span> <span class='ocrx_word' id='word_1_77' title='bbox 1544 1087 1638 1117; x_wconf 82' lang='lat' dir='ltr'>prope</span> <span class='ocrx_word' id='word_1_78' title='bbox 1652 1077 1825 1117; x_wconf 71' lang='lat' dir='ltr'>attingebat</span> 
     </span>
     <span class='ocr_line' id='line_1_16' title="bbox 400 1119 1823 1159; baseline -0.001 -10"><span class='ocrx_word' id='word_1_79' title='bbox 400 1123 524 1150; x_wconf 77' lang='lat' dir='ltr'>tectum.</span> <span class='ocrx_word' id='word_1_80' title='bbox 571 1121 648 1150; x_wconf 85' lang='lat' dir='ltr'>Mox</span> <span class='ocrx_word' id='word_1_81' title='bbox 662 1121 829 1159; x_wconf 70' lang='lat' dir='ltr'>aspexisses</span> <span class='ocrx_word' id='word_1_82' title='bbox 842 1119 1150 1155; x_wconf 78' lang='lat' dir='ltr'>convivasfamelicos</span> <span class='ocrx_word' id='word_1_83' title='bbox 1163 1122 1252 1157; x_wconf 82' lang='lat' dir='ltr'>atque</span> <span class='ocrx_word' id='word_1_84' title='bbox 1260 1120 1394 1154; x_wconf 81' lang='lat' dir='ltr'>famulos</span> <span class='ocrx_word' id='word_1_85' title='bbox 1409 1120 1598 1158; x_wconf 78' lang='lat' dir='ltr'>trepidantes</span> <span class='ocrx_word' id='word_1_86' title='bbox 1617 1129 1730 1150; x_wconf 82' lang='lat' dir='ltr'>coenam</span> <span class='ocrx_word' id='word_1_87' title='bbox 1741 1128 1823 1158; x_wconf 83' lang='lat' dir='ltr'>proe-</span> 
     </span>
     <span class='ocr_line' id='line_1_17' title="bbox 400 1160 1826 1200; baseline 0.002 -11"><span class='ocrx_word' id='word_1_88' title='bbox 400 1161 510 1200; x_wconf 82' lang='lat' dir='ltr'>ripere,</span> <span class='ocrx_word' id='word_1_89' title='bbox 533 1164 563 1192; x_wconf 83' lang='lat' dir='ltr'>et</span> <span class='ocrx_word' id='word_1_90' title='bbox 578 1166 700 1192; x_wconf 82' lang='lat' dir='ltr'>cunctos</span> <span class='ocrx_word' id='word_1_91' title='bbox 713 1162 914 1191; x_wconf 72' lang='lat' dir='ltr'>allaborantes</span> <span class='ocrx_word' id='word_1_92' title='bbox 926 1161 1117 1198; x_wconf 81' lang='lat' dir='ltr'>extinguere.</span> <span class='ocrx_word' id='word_1_93' title='bbox 1162 1160 1287 1190; x_wconf 73' lang='lat' dir='ltr'>Exinde</span> <span class='ocrx_word' id='word_1_94' title='bbox 1302 1160 1415 1200; x_wconf 78' lang='lat' dir='ltr'>Apulia</span> <span class='ocrx_word' id='word_1_95' title='bbox 1437 1161 1527 1200; x_wconf 81' lang='lat' dir='ltr'>coepit</span> <span class='ocrx_word' id='word_1_96' title='bbox 1540 1161 1697 1191; x_wconf 74' lang='lat' dir='ltr'>ostendere</span> <span class='ocrx_word' id='word_1_97' title='bbox 1709 1163 1826 1193; x_wconf 70' lang='lat' dir='ltr'>monte«</span> 
     </span>
     <span class='ocr_line' id='line_1_18' title="bbox 399 1201 1823 1242; baseline -0.001 -11"><span class='ocrx_word' id='word_1_98' title='bbox 399 1203 476 1233; x_wconf 76' lang='lat' dir='ltr'>mihi</span> <span class='ocrx_word' id='word_1_99' title='bbox 489 1203 639 1242; x_wconf 84' lang='lat' dir='ltr'>cognitos,</span> <span class='ocrx_word' id='word_1_100' title='bbox 653 1213 725 1242; x_wconf 85' lang='lat' dir='ltr'>quos</span> <span class='ocrx_word' id='word_1_101' title='bbox 740 1202 845 1233; x_wconf 79' lang='lat' dir='ltr'>adurit</span> <span class='ocrx_word' id='word_1_102' title='bbox 859 1201 1021 1239; x_wconf 74' lang='lat' dir='ltr'>Atabulus,</span> <span class='ocrx_word' id='word_1_103' title='bbox 1033 1209 1162 1241; x_wconf 79' lang='lat' dir='ltr'>quosque</span> <span class='ocrx_word' id='word_1_104' title='bbox 1176 1210 1330 1240; x_wconf 83' lang='lat' dir='ltr'>nunquam</span> <span class='ocrx_word' id='word_1_105' title='bbox 1341 1202 1604 1240; x_wconf 61' lang='lat' dir='ltr'>praeteriissemus.</span> <span class='ocrx_word' id='word_1_106' title='bbox 1630 1201 1690 1232; x_wconf 80' lang='lat' dir='ltr'>nisi</span> <span class='ocrx_word' id='word_1_107' title='bbox 1702 1210 1754 1231; x_wconf 79' lang='lat' dir='ltr'>nos</span> <span class='ocrx_word' id='word_1_108' title='bbox 1768 1210 1823 1231; x_wconf 75' lang='lat' dir='ltr'>ex-</span> 
     </span>
     <span class='ocr_line' id='line_1_19' title="bbox 399 1241 1823 1284; baseline -0.001 -12"><span class='ocrx_word' id='word_1_109' title='bbox 399 1244 525 1282; x_wconf 80' lang='lat' dir='ltr'>cepisset</span> <span class='ocrx_word' id='word_1_110' title='bbox 540 1245 615 1275; x_wconf 81' lang='lat' dir='ltr'>villa</span> <span class='ocrx_word' id='word_1_111' title='bbox 631 1244 746 1275; x_wconf 74' lang='lat' dir='ltr'>Tritici</span> <span class='ocrx_word' id='word_1_112' title='bbox 756 1244 909 1284; x_wconf 81' lang='lat' dir='ltr'>proxima,</span> <span class='ocrx_word' id='word_1_113' title='bbox 923 1244 1004 1273; x_wconf 77' lang='lat' dir='ltr'>haud</span> <span class='ocrx_word' id='word_1_114' title='bbox 1017 1241 1221 1282; x_wconf 81' lang='lat' dir='ltr'>absquesumo</span> <span class='ocrx_word' id='word_1_115' title='bbox 1235 1244 1382 1282; x_wconf 80' lang='lat' dir='ltr'>lacrymas</span> <span class='ocrx_word' id='word_1_116' title='bbox 1396 1243 1544 1281; x_wconf 79' lang='lat' dir='ltr'>eliciente,</span> <span class='ocrx_word' id='word_1_117' title='bbox 1559 1243 1652 1274; x_wconf 83' lang='lat' dir='ltr'>dum&#39;</span> <span class='ocrx_word' id='word_1_118' title='bbox 1641 1252 1674 1273; x_wconf 79' lang='grc' dir='ltr'>ιιι</span> <span class='ocrx_word' id='word_1_119' title='bbox 1687 1242 1760 1279; x_wconf 81' lang='lat' dir='ltr'>foco</span> <span class='ocrx_word' id='word_1_120' title='bbox 1775 1242 1823 1272; x_wconf 82' lang='lat' dir='ltr'>in-</span> 
     </span>
    </p>
   </div>
   <div class='ocr_carea' id='block_1_11' title="bbox 398 1284 1089 1322">
    <p class='ocr_par' dir='ltr' id='par_1_12' title="bbox 398 1284 1089 1322">
     <span class='ocr_line' id='line_1_20' title="bbox 398 1284 1089 1322; baseline 0 -7"><span class='ocrx_word' id='word_1_121' title='bbox 398 1286 597 1317; x_wconf 81' lang='lat' dir='ltr'>cenderentur</span> <span class='ocrx_word' id='word_1_122' title='bbox 610 1286 726 1316; x_wconf 81' lang='lat' dir='ltr'>humidi</span> <span class='ocrx_word' id='word_1_123' title='bbox 740 1285 819 1316; x_wconf 83' lang='lat' dir='ltr'>rami</span> <span class='ocrx_word' id='word_1_124' title='bbox 831 1294 898 1316; x_wconf 82' lang='lat' dir='ltr'>cam</span> <span class='ocrx_word' id='word_1_125' title='bbox 912 1284 1089 1322; x_wconf 83' lang='lat' dir='ltr'>frondibus.</span> 
     </span>
    </p>
   </div>
   <div class='ocr_carea' id='block_1_12' title="bbox 1132 1283 1824 1322">
    <p class='ocr_par' dir='ltr' id='par_1_13' title="bbox 1132 1283 1824 1322">
     <span class='ocr_line' id='line_1_21' title="bbox 1132 1283 1824 1322; baseline 0.006 -10"><span class='ocrx_word' id='word_1_126' title='bbox 1132 1283 1203 1315; x_wconf 82' lang='lat' dir='ltr'>Illic</span> <span class='ocrx_word' id='word_1_127' title='bbox 1224 1293 1280 1322; x_wconf 82' lang='lat' dir='ltr'>ego</span> <span class='ocrx_word' id='word_1_128' title='bbox 1301 1285 1421 1315; x_wconf 83' lang='lat' dir='ltr'>demens</span> <span class='ocrx_word' id='word_1_129' title='bbox 1442 1285 1614 1316; x_wconf 78' lang='lat' dir='ltr'>mendacem</span> <span class='ocrx_word' id='word_1_130' title='bbox 1634 1283 1824 1320; x_wconf 77' lang='lat' dir='ltr'>meretricem</span> 
     </span>
    </p>
   </div>
   <div class='ocr_carea' id='block_1_13' title="bbox 994 1373 1230 1388">
    <p class='ocr_par' dir='ltr' id='par_1_14' title="bbox 994 1373 1230 1388">
     <span class='ocr_line' id='line_1_22' title="bbox 994 1373 1230 1388; baseline 0 -2"><span class='ocrx_word' id='word_1_131' title='bbox 994 1373 1108 1388; x_wconf 53' lang='lat' dir='ltr'>eaeeeeo</span> <span class='ocrx_word' id='word_1_132' title='bbox 1112 1375 1169 1386; x_wconf 47' lang='grc' dir='ltr'>ὀφ</span> <span class='ocrx_word' id='word_1_133' title='bbox 1173 1375 1230 1386; x_wconf 66' lang='lat' dir='ltr'>teo</span> 
     </span>
    </p>
   </div>
   <div class='ocr_carea' id='block_1_14' title="bbox 400 1438 1514 1478">
    <p class='ocr_par' dir='ltr' id='par_1_15' title="bbox 400 1438 1514 1478">
     <span class='ocr_line' id='line_1_23' title="bbox 400 1438 1514 1478; baseline 0.001 -9"><span class='ocrx_word' id='word_1_134' title='bbox 400 1438 450 1478; x_wconf 85' lang='lat' dir='ltr'>pit</span> <span class='ocrx_word' id='word_1_135' title='bbox 463 1439 579 1470; x_wconf 84' lang='lat' dir='ltr'>Bentl.</span> <span class='ocrx_word' id='word_1_136' title='bbox 596 1440 792 1470; x_wconf 81' lang='lat' dir='ltr'>Bersmanni</span> <span class='ocrx_word' id='word_1_137' title='bbox 809 1440 892 1470; x_wconf 83' lang='lat' dir='ltr'>alter</span> <span class='ocrx_word' id='word_1_138' title='bbox 907 1443 942 1470; x_wconf 90' lang='lat' dir='ltr'>et</span> <span class='ocrx_word' id='word_1_139' title='bbox 957 1439 1104 1470; x_wconf 81' lang='lat' dir='ltr'>Bentleii</span> <span class='ocrx_word' id='word_1_140' title='bbox 1119 1439 1245 1470; x_wconf 82' lang='lat' dir='ltr'>Battel.</span> <span class='ocrx_word' id='word_1_141' title='bbox 1268 1439 1301 1470; x_wconf 82' lang='lat' dir='ltr'>in</span> <span class='ocrx_word' id='word_1_142' title='bbox 1316 1439 1514 1478; x_wconf 64' lang='lat' dir='ltr'>ignem—82</span> 
     </span>
    </p>
   </div>
   <div class='ocr_carea' id='block_1_15' title="bbox 1535 1438 1823 1470">
    <p class='ocr_par' dir='ltr' id='par_1_16' title="bbox 1535 1438 1823 1470">
     <span class='ocr_line' id='line_1_24' title="bbox 1535 1438 1823 1470; baseline -0.007 0"><span class='ocrx_word' id='word_1_143' title='bbox 1535 1441 1545 1456; x_wconf 90' lang='lat'><em>‘</em></span> <span class='ocrx_word' id='word_1_144' title='bbox 1562 1439 1669 1470; x_wconf 81' lang='lat' dir='ltr'>Novae</span> <span class='ocrx_word' id='word_1_145' title='bbox 1685 1438 1823 1469; x_wconf 83' lang='lat' dir='ltr'>distinc-</span> 
     </span>
    </p>
   </div>
   <div class='ocr_carea' id='block_1_16' title="bbox 397 1480 1821 1521">
    <p class='ocr_par' dir='ltr' id='par_1_17' title="bbox 397 1480 1821 1521">
     <span class='ocr_line' id='line_1_25' title="bbox 397 1480 1821 1521; baseline 0 -11"><span class='ocrx_word' id='word_1_146' title='bbox 397 1480 499 1512; x_wconf 77' lang='lat' dir='ltr'>tionis</span> <span class='ocrx_word' id='word_1_147' title='bbox 529 1490 593 1521; x_wconf 88' lang='lat' dir='ltr'>ope</span> <span class='ocrx_word' id='word_1_148' title='bbox 620 1482 684 1512; x_wconf 92' lang='lat' dir='ltr'>vim</span> <span class='ocrx_word' id='word_1_149' title='bbox 714 1487 750 1513; x_wconf 89' lang='lat' dir='ltr'>et</span> <span class='ocrx_word' id='word_1_150' title='bbox 776 1482 917 1521; x_wconf 80' lang='lat' dir='ltr'>gratiam</span> <span class='ocrx_word' id='word_1_151' title='bbox 951 1481 1026 1512; x_wconf 91' lang='lat' dir='ltr'>loco</span> <span class='ocrx_word' id='word_1_152' title='bbox 1054 1481 1248 1512; x_wconf 86' lang='lat' dir='ltr'>conciliavi:</span> <span class='ocrx_word' id='word_1_153' title='bbox 1285 1481 1350 1511; x_wconf 83' lang='lat' dir='ltr'>Hic</span> <span class='ocrx_word' id='word_1_154' title='bbox 1379 1490 1434 1519; x_wconf 85' lang='lat' dir='ltr'>ego</span> <span class='ocrx_word' id='word_1_155' title='bbox 1465 1481 1648 1520; x_wconf 82' lang='lat' dir='ltr'>mendacem,</span> <span class='ocrx_word' id='word_1_156' title='bbox 1676 1480 1821 1511; x_wconf 79' lang='lat' dir='ltr'>stultissi-</span> 
     </span>
    </p>
   </div>
   <div class='ocr_carea' id='block_1_17' title="bbox 1038 1563 1180 1595">
    <p class='ocr_par' dir='ltr' id='par_1_18' title="bbox 1038 1563 1180 1595">
     <span class='ocr_line' id='line_1_26' title="bbox 1038 1563 1180 1595; baseline 0.007 -1"><span class='ocrx_word' id='word_1_157' title='bbox 1038 1563 1180 1595; x_wconf 79' lang='lat' dir='ltr'>NOTAE</span> 
     </span>
    </p>
   </div>
   <div class='ocr_carea' id='block_1_18' title="bbox 390 1623 1083 2776">
    <p class='ocr_par' dir='ltr' id='par_1_19' title="bbox 394 1623 1083 2050">
     <span class='ocr_line' id='line_1_27' title="bbox 397 1623 1083 1664; baseline -0.001 -8"><span class='ocrx_word' id='word_1_158' title='bbox 397 1623 471 1656; x_wconf 85' lang='lat' dir='ltr'>dem</span> <span class='ocrx_word' id='word_1_159' title='bbox 495 1628 531 1654; x_wconf 92' lang='lat' dir='ltr'>ut</span> <span class='ocrx_word' id='word_1_160' title='bbox 555 1633 596 1654; x_wconf 84' lang='lat' dir='ltr'>ex</span> <span class='ocrx_word' id='word_1_161' title='bbox 627 1624 675 1655; x_wconf 79' lang='lat' dir='ltr'>his</span> <span class='ocrx_word' id='word_1_162' title='bbox 705 1625 777 1664; x_wconf 83' lang='lat' dir='ltr'>agri</span> <span class='ocrx_word' id='word_1_163' title='bbox 806 1628 1083 1663; x_wconf 73' lang='lat' dir='ltr'>stereon-arentur,</span> 
     </span>
     <span class='ocr_line' id='line_1_28' title="bbox 395 1672 1082 1710; baseline 0.004 -9"><span class='ocrx_word' id='word_1_164' title='bbox 395 1672 522 1710; x_wconf 88' lang='lat' dir='ltr'>optimo</span> <span class='ocrx_word' id='word_1_165' title='bbox 550 1677 644 1703; x_wconf 85' lang='lat' dir='ltr'>certe</span> <span class='ocrx_word' id='word_1_166' title='bbox 672 1673 759 1704; x_wconf 84' lang='lat' dir='ltr'>fimo.</span> <span class='ocrx_word' id='word_1_167' title='bbox 803 1674 890 1705; x_wconf 90' lang='lat' dir='ltr'>Plin.</span> <span class='ocrx_word' id='word_1_168' title='bbox 921 1682 1015 1705; x_wconf 84' lang='lat' dir='ltr'>xvu.</span> <span class='ocrx_word' id='word_1_169' title='bbox 1051 1677 1082 1704; x_wconf 84' lang='lat'>9.</span> 
     </span>
     <span class='ocr_line' id='line_1_29' title="bbox 394 1721 1083 1759; baseline 0.006 -10"><span class='ocrx_word' id='word_1_170' title='bbox 394 1721 514 1759; x_wconf 84' lang='lat' dir='ltr'>Varro,</span> <span class='ocrx_word' id='word_1_171' title='bbox 532 1721 725 1753; x_wconf 84' lang='lat' dir='ltr'>Columella.</span> <span class='ocrx_word' id='word_1_172' title='bbox 748 1722 857 1753; x_wconf 82' lang='lat' dir='ltr'>Porro</span> <span class='ocrx_word' id='word_1_173' title='bbox 870 1733 912 1753; x_wconf 86' lang='lat' dir='ltr'>ex</span> <span class='ocrx_word' id='word_1_174' title='bbox 925 1723 1012 1753; x_wconf 91' lang='lat' dir='ltr'>omni</span> <span class='ocrx_word' id='word_1_175' title='bbox 1028 1732 1083 1753; x_wconf 90' lang='lat' dir='ltr'>oc-</span> 
     </span>
     <span class='ocr_line' id='line_1_30' title="bbox 395 1769 1082 1810; baseline 0.006 -12"><span class='ocrx_word' id='word_1_176' title='bbox 395 1769 528 1799; x_wconf 80' lang='lat' dir='ltr'>casione</span> <span class='ocrx_word' id='word_1_177' title='bbox 543 1775 683 1809; x_wconf 81' lang='lat' dir='ltr'>captans</span> <span class='ocrx_word' id='word_1_178' title='bbox 699 1771 813 1810; x_wconf 86' lang='lat' dir='ltr'>jocum</span> <span class='ocrx_word' id='word_1_179' title='bbox 830 1772 992 1802; x_wconf 87' lang='lat' dir='ltr'>Satiricus</span> <span class='ocrx_word' id='word_1_180' title='bbox 1008 1781 1082 1802; x_wconf 87' lang='lat' dir='ltr'>nos-</span> 
     </span>
     <span class='ocr_line' id='line_1_31' title="bbox 396 1819 1083 1860; baseline 0.006 -14"><span class='ocrx_word' id='word_1_181' title='bbox 396 1822 447 1847; x_wconf 89' lang='lat' dir='ltr'>ter</span> <span class='ocrx_word' id='word_1_182' title='bbox 464 1827 592 1848; x_wconf 87' lang='lat' dir='ltr'>macros</span> <span class='ocrx_word' id='word_1_183' title='bbox 607 1824 703 1850; x_wconf 87' lang='lat' dir='ltr'>notat</span> <span class='ocrx_word' id='word_1_184' title='bbox 717 1819 844 1859; x_wconf 79' lang='lat' dir='ltr'>turdos,</span> <span class='ocrx_word' id='word_1_185' title='bbox 866 1830 947 1860; x_wconf 87' lang='lat' dir='ltr'>quos</span> <span class='ocrx_word' id='word_1_186' title='bbox 963 1829 1083 1860; x_wconf 86' lang='lat' dir='ltr'>magna</span> 
     </span>
     <span class='ocr_line' id='line_1_32' title="bbox 395 1867 1081 1907; baseline 0.003 -11"><span class='ocrx_word' id='word_1_187' title='bbox 395 1871 506 1896; x_wconf 84' lang='lat' dir='ltr'>tamen</span> <span class='ocrx_word' id='word_1_188' title='bbox 537 1867 716 1898; x_wconf 76' lang='lat' dir='ltr'>sedulitate</span> <span class='ocrx_word' id='word_1_189' title='bbox 747 1868 867 1907; x_wconf 83' lang='lat' dir='ltr'>hospes</span> <span class='ocrx_word' id='word_1_190' title='bbox 897 1868 939 1897; x_wconf 86' lang='lat' dir='ltr'>ad</span> <span class='ocrx_word' id='word_1_191' title='bbox 972 1868 1081 1906; x_wconf 82' lang='lat' dir='ltr'>ignem</span> 
     </span>
     <span class='ocr_line' id='line_1_33' title="bbox 395 1914 1081 1954; baseline 0.004 -11"><span class='ocrx_word' id='word_1_192' title='bbox 395 1914 548 1944; x_wconf 81' lang='lat' dir='ltr'>versabat</span> <span class='ocrx_word' id='word_1_193' title='bbox 559 1915 744 1954; x_wconf 82' lang='lat' dir='ltr'>hospitibus</span> <span class='ocrx_word' id='word_1_194' title='bbox 757 1915 987 1954; x_wconf 85' lang='lat' dir='ltr'>apponendos,</span> <span class='ocrx_word' id='word_1_195' title='bbox 997 1914 1081 1946; x_wconf 83' lang='lat' dir='ltr'>adeo</span> 
     </span>
     <span class='ocr_line' id='line_1_34' title="bbox 395 1962 1080 2002; baseline 0.004 -11"><span class='ocrx_word' id='word_1_196' title='bbox 395 1966 433 1992; x_wconf 88' lang='lat' dir='ltr'>ut</span> <span class='ocrx_word' id='word_1_197' title='bbox 448 1963 519 2001; x_wconf 85' lang='lat' dir='ltr'>ipse</span> <span class='ocrx_word' id='word_1_198' title='bbox 536 1971 643 2002; x_wconf 56' lang='lat' dir='ltr'>,paene</span> <span class='ocrx_word' id='word_1_199' title='bbox 669 1963 791 1994; x_wconf 84' lang='lat' dir='ltr'>arserit</span> <span class='ocrx_word' id='word_1_200' title='bbox 809 1963 948 2002; x_wconf 83' lang='lat' dir='ltr'>ejusque</span> <span class='ocrx_word' id='word_1_201' title='bbox 964 1962 1080 1994; x_wconf 88' lang='lat' dir='ltr'>domus</span> 
     </span>
     <span class='ocr_line' id='line_1_35' title="bbox 394 2010 535 2050; baseline 0 -10"><span class='ocrx_word' id='word_1_202' title='bbox 394 2010 535 2050; x_wconf 81' lang='lat' dir='ltr'>pariter.</span> 
     </span>
    </p>

    <p class='ocr_par' dir='ltr' id='par_1_20' title="bbox 394 2059 1082 2196">
     <span class='ocr_line' id='line_1_36' title="bbox 435 2059 1082 2100; baseline 0 -11"><span class='ocrx_word' id='word_1_203' title='bbox 435 2061 476 2090; x_wconf 81' lang='lat'>⁷4</span> <span class='ocrx_word' id='word_1_204' title='bbox 504 2059 654 2100; x_wconf 84' lang='lat' dir='ltr'>Vulcano]</span> <span class='ocrx_word' id='word_1_205' title='bbox 679 2059 746 2091; x_wconf 90' lang='lat' dir='ltr'>Hic</span> <span class='ocrx_word' id='word_1_206' title='bbox 768 2060 862 2091; x_wconf 85' lang='lat' dir='ltr'>Deus</span> <span class='ocrx_word' id='word_1_207' title='bbox 886 2059 972 2099; x_wconf 86' lang='lat' dir='ltr'>ignis</span> <span class='ocrx_word' id='word_1_208' title='bbox 989 2059 1082 2098; x_wconf 88' lang='lat' dir='ltr'>poui-</span> 
     </span>
     <span class='ocr_line' id='line_1_37' title="bbox 394 2109 1082 2149; baseline 0.003 -11"><span class='ocrx_word' id='word_1_209' title='bbox 394 2111 449 2138; x_wconf 86' lang='lat' dir='ltr'>tur</span> <span class='ocrx_word' id='word_1_210' title='bbox 471 2117 538 2139; x_wconf 89' lang='lat' dir='ltr'>non</span> <span class='ocrx_word' id='word_1_211' title='bbox 563 2118 638 2139; x_wconf 83' lang='lat' dir='ltr'>raro</span> <span class='ocrx_word' id='word_1_212' title='bbox 664 2118 724 2149; x_wconf 82' lang='lat' dir='ltr'>pro</span> <span class='ocrx_word' id='word_1_213' title='bbox 746 2109 820 2149; x_wconf 89' lang='lat' dir='ltr'>ipso</span> <span class='ocrx_word' id='word_1_214' title='bbox 845 2109 933 2149; x_wconf 85' lang='lat' dir='ltr'>igne.</span> <span class='ocrx_word' id='word_1_215' title='bbox 971 2109 1082 2140; x_wconf 86' lang='lat' dir='ltr'>Meto-</span> 
     </span>
     <span class='ocr_line' id='line_1_38' title="bbox 395 2151 746 2196; baseline 0.006 -10"><span class='ocrx_word' id='word_1_216' title='bbox 395 2151 485 2196; x_wconf 79' lang='lat' dir='ltr'>nym.</span> <span class='ocrx_word' id='word_1_217' title='bbox 503 2157 577 2188; x_wconf 85' lang='lat' dir='ltr'>vide</span> <span class='ocrx_word' id='word_1_218' title='bbox 595 2167 620 2189; x_wconf 89' lang='lat'>1.</span> <span class='ocrx_word' id='word_1_219' title='bbox 635 2157 702 2189; x_wconf 85' lang='lat' dir='ltr'>od.</span> <span class='ocrx_word' id='word_1_220' title='bbox 714 2161 746 2189; x_wconf 82' lang='grc'>4.</span> 
     </span>
    </p>

    <p class='ocr_par' dir='ltr' id='par_1_21' title="bbox 390 2205 1082 2776">
     <span class='ocr_line' id='line_1_39' title="bbox 437 2205 1080 2248; baseline 0.005 -13"><span class='ocrx_word' id='word_1_221' title='bbox 437 2205 594 2236; x_wconf 78' lang='lat' dir='ltr'>Summum</span> <span class='ocrx_word' id='word_1_222' title='bbox 605 2206 787 2246; x_wconf 83' lang='lat' dir='ltr'>properabat</span> <span class='ocrx_word' id='word_1_223' title='bbox 806 2207 936 2238; x_wconf 82' lang='lat' dir='ltr'>lambere</span> <span class='ocrx_word' id='word_1_224' title='bbox 952 2209 1080 2248; x_wconf 77' lang='lat' dir='ltr'>tectum]</span> 
     </span>
     <span class='ocr_line' id='line_1_40' title="bbox 393 2253 1082 2296; baseline 0.004 -12"><span class='ocrx_word' id='word_1_225' title='bbox 393 2253 504 2294; x_wconf 80' lang='lat' dir='ltr'>Hujus</span> <span class='ocrx_word' id='word_1_226' title='bbox 527 2255 672 2286; x_wconf 88' lang='lat' dir='ltr'>incendii</span> <span class='ocrx_word' id='word_1_227' title='bbox 701 2255 801 2287; x_wconf 86' lang='lat' dir='ltr'>facile</span> <span class='ocrx_word' id='word_1_228' title='bbox 830 2258 1014 2296; x_wconf 77' lang='lat' dir='ltr'>grassantis</span> <span class='ocrx_word' id='word_1_229' title='bbox 1043 2262 1082 2287; x_wconf 92' lang='lat' dir='ltr'>ut</span> 
     </span>
     <span class='ocr_line' id='line_1_41' title="bbox 394 2303 1081 2344; baseline 0.004 -12"><span class='ocrx_word' id='word_1_230' title='bbox 394 2303 560 2334; x_wconf 84' lang='lat' dir='ltr'>rationem</span> <span class='ocrx_word' id='word_1_231' title='bbox 575 2303 756 2344; x_wconf 85' lang='lat' dir='ltr'>intelligas,</span> <span class='ocrx_word' id='word_1_232' title='bbox 779 2305 864 2334; x_wconf 85' lang='lat' dir='ltr'>scire</span> <span class='ocrx_word' id='word_1_233' title='bbox 890 2309 936 2343; x_wconf 83' lang='lat' dir='ltr'>te,</span> <span class='ocrx_word' id='word_1_234' title='bbox 960 2305 1081 2344; x_wconf 89' lang='lat' dir='ltr'>lector,</span> 
     </span>
     <span class='ocr_line' id='line_1_42' title="bbox 392 2352 1081 2392; baseline 0.004 -12"><span class='ocrx_word' id='word_1_235' title='bbox 392 2356 529 2390; x_wconf 85' lang='lat' dir='ltr'>oportet</span> <span class='ocrx_word' id='word_1_236' title='bbox 551 2352 638 2392; x_wconf 87' lang='lat' dir='ltr'>quod</span> <span class='ocrx_word' id='word_1_237' title='bbox 654 2361 729 2383; x_wconf 89' lang='lat' dir='ltr'>cum</span> <span class='ocrx_word' id='word_1_238' title='bbox 741 2353 812 2383; x_wconf 81' lang='lat' dir='ltr'>aliis</span> <span class='ocrx_word' id='word_1_239' title='bbox 826 2353 943 2383; x_wconf 82' lang='lat' dir='ltr'>scribit</span> <span class='ocrx_word' id='word_1_240' title='bbox 958 2353 1081 2384; x_wconf 86' lang='lat' dir='ltr'>Coelius</span> 
     </span>
     <span class='ocr_line' id='line_1_43' title="bbox 393 2399 1078 2439; baseline 0.003 -10"><span class='ocrx_word' id='word_1_241' title='bbox 393 2399 537 2439; x_wconf 76' lang='lat' dir='ltr'>Rhodig.</span> <span class='ocrx_word' id='word_1_242' title='bbox 555 2408 660 2431; x_wconf 79' lang='lat' dir='ltr'>xxvt.</span> <span class='ocrx_word' id='word_1_243' title='bbox 674 2403 727 2431; x_wconf 91' lang='lat'>21.</span> <span class='ocrx_word' id='word_1_244' title='bbox 747 2401 756 2418; x_wconf 87' lang='lat'>‘</span> <span class='ocrx_word' id='word_1_245' title='bbox 771 2400 926 2431; x_wconf 84' lang='lat' dir='ltr'>habuisse</span> <span class='ocrx_word' id='word_1_246' title='bbox 946 2405 1078 2431; x_wconf 88' lang='lat' dir='ltr'>veteres</span> 
     </span>
     <span class='ocr_line' id='line_1_44' title="bbox 393 2447 1078 2489; baseline 0.001 -11"><span class='ocrx_word' id='word_1_247' title='bbox 393 2447 426 2478; x_wconf 92' lang='lat' dir='ltr'>in</span> <span class='ocrx_word' id='word_1_248' title='bbox 443 2447 594 2478; x_wconf 87' lang='lat' dir='ltr'>domibus</span> <span class='ocrx_word' id='word_1_249' title='bbox 619 2449 700 2479; x_wconf 86' lang='lat' dir='ltr'>tecti</span> <span class='ocrx_word' id='word_1_250' title='bbox 723 2448 833 2480; x_wconf 86' lang='lat' dir='ltr'>medio</span> <span class='ocrx_word' id='word_1_251' title='bbox 859 2448 1078 2489; x_wconf 83' lang='lat' dir='ltr'>apertionem,</span> 
     </span>
     <span class='ocr_line' id='line_1_45' title="bbox 393 2498 1078 2538; baseline 0.001 -11"><span class='ocrx_word' id='word_1_252' title='bbox 393 2507 491 2538; x_wconf 87' lang='lat' dir='ltr'>quam</span> <span class='ocrx_word' id='word_1_253' title='bbox 510 2498 750 2538; x_wconf 82' lang='lat' dir='ltr'>nuncupabant</span> <span class='ocrx_word' id='word_1_254' title='bbox 766 2498 1029 2538; x_wconf 83' lang='lat' dir='ltr'>capnodochen‚’</span> <span class='ocrx_word' id='word_1_255' title='bbox 1045 2498 1078 2529; x_wconf 91' lang='lat' dir='ltr'>id</span> 
     </span>
     <span class='ocr_line' id='line_1_46' title="bbox 393 2547 1079 2588; baseline 0.003 -12"><span class='ocrx_word' id='word_1_256' title='bbox 393 2551 443 2577; x_wconf 86' lang='lat' dir='ltr'>est</span> <span class='ocrx_word' id='word_1_257' title='bbox 466 2547 546 2578; x_wconf 85' lang='lat' dir='ltr'>fumi</span> <span class='ocrx_word' id='word_1_258' title='bbox 572 2549 834 2588; x_wconf 81' lang='lat' dir='ltr'>receptaculum.</span> <span class='ocrx_word' id='word_1_259' title='bbox 881 2549 955 2579; x_wconf 88' lang='lat' dir='ltr'>Nec</span> <span class='ocrx_word' id='word_1_260' title='bbox 979 2548 1079 2587; x_wconf 85' lang='lat' dir='ltr'>enim,</span> 
     </span>
     <span class='ocr_line' id='line_1_47' title="bbox 391 2594 1080 2637; baseline 0.004 -13"><span class='ocrx_word' id='word_1_261' title='bbox 391 2599 430 2624; x_wconf 89' lang='lat' dir='ltr'>ut</span> <span class='ocrx_word' id='word_1_262' title='bbox 445 2594 484 2626; x_wconf 83' lang='lat' dir='ltr'>fit</span> <span class='ocrx_word' id='word_1_263' title='bbox 510 2595 619 2636; x_wconf 86' lang='lat' dir='ltr'>hodie,</span> <span class='ocrx_word' id='word_1_264' title='bbox 634 2596 668 2626; x_wconf 90' lang='lat' dir='ltr'>in</span> <span class='ocrx_word' id='word_1_265' title='bbox 685 2602 848 2628; x_wconf 82' lang='lat' dir='ltr'>excavato</span> <span class='ocrx_word' id='word_1_266' title='bbox 875 2597 1003 2637; x_wconf 83' lang='lat' dir='ltr'>pariete</span> <span class='ocrx_word' id='word_1_267' title='bbox 1025 2606 1080 2628; x_wconf 83' lang='lat' dir='ltr'>ca-</span> 
     </span>
     <span class='ocr_line' id='line_1_48' title="bbox 391 2643 1078 2683; baseline 0.006 -11"><span class='ocrx_word' id='word_1_268' title='bbox 391 2643 500 2673; x_wconf 89' lang='lat' dir='ltr'>minus</span> <span class='ocrx_word' id='word_1_269' title='bbox 528 2649 614 2683; x_wconf 88' lang='lat' dir='ltr'>erat,</span> <span class='ocrx_word' id='word_1_270' title='bbox 642 2645 701 2675; x_wconf 86' lang='lat' dir='ltr'>sed</span> <span class='ocrx_word' id='word_1_271' title='bbox 730 2645 763 2675; x_wconf 91' lang='lat' dir='ltr'>in</span> <span class='ocrx_word' id='word_1_272' title='bbox 792 2645 900 2676; x_wconf 86' lang='lat' dir='ltr'>medio</span> <span class='ocrx_word' id='word_1_273' title='bbox 927 2646 1078 2677; x_wconf 89' lang='lat' dir='ltr'>cubiculo</span> 
     </span>
     <span class='ocr_line' id='line_1_49' title="bbox 390 2691 1077 2733; baseline 0.003 -12"><span class='ocrx_word' id='word_1_274' title='bbox 390 2691 560 2730; x_wconf 81' lang='lat' dir='ltr'>hyberno:</span> <span class='ocrx_word' id='word_1_275' title='bbox 596 2693 760 2733; x_wconf 89' lang='lat' dir='ltr'>siquidem</span> <span class='ocrx_word' id='word_1_276' title='bbox 792 2694 825 2725; x_wconf 91' lang='lat' dir='ltr'>in</span> <span class='ocrx_word' id='word_1_277' title='bbox 862 2695 978 2725; x_wconf 81' lang='lat' dir='ltr'>aestivo</span> <span class='ocrx_word' id='word_1_278' title='bbox 1011 2703 1077 2724; x_wconf 90' lang='lat' dir='ltr'>non</span> 
     </span>
     <span class='ocr_line' id='line_1_50' title="bbox 391 2739 1076 2776; baseline 0.004 -4"><span class='ocrx_word' id='word_1_279' title='bbox 391 2745 466 2772; x_wconf 83' lang='lat' dir='ltr'>erat</span> <span class='ocrx_word' id='word_1_280' title='bbox 480 2739 585 2772; x_wconf 84' lang='lat' dir='ltr'>focus.</span> <span class='ocrx_word' id='word_1_281' title='bbox 629 2743 760 2774; x_wconf 81' lang='lat' dir='ltr'>Vitruv.</span> <span class='ocrx_word' id='word_1_282' title='bbox 778 2752 841 2775; x_wconf 86' lang='lat' dir='ltr'>vn.</span> <span class='ocrx_word' id='word_1_283' title='bbox 858 2747 888 2776; x_wconf 76' lang='grc'>3.</span> <span class='ocrx_word' id='word_1_284' title='bbox 934 2744 1024 2775; x_wconf 87' lang='lat' dir='ltr'>Hinc</span> <span class='ocrx_word' id='word_1_285' title='bbox 1041 2748 1076 2775; x_wconf 91' lang='lat' dir='ltr'>et</span> 
     </span>
    </p>
   </div>
   <div class='ocr_carea' id='block_1_19' title="bbox 1126 1622 1823 2783">
    <p class='ocr_par' dir='ltr' id='par_1_22' title="bbox 1134 1622 1823 1850">
     <span class='ocr_line' id='line_1_51' title="bbox 1134 1622 1823 1663; baseline -0.001 -8"><span class='ocrx_word' id='word_1_286' title='bbox 1134 1634 1222 1656; x_wconf 87' lang='lat' dir='ltr'>nunc</span> <span class='ocrx_word' id='word_1_287' title='bbox 1246 1625 1414 1656; x_wconf 83' lang='lat' dir='ltr'>abutimur</span> <span class='ocrx_word' id='word_1_288' title='bbox 1438 1634 1523 1656; x_wconf 89' lang='lat' dir='ltr'>voce</span> <span class='ocrx_word' id='word_1_289' title='bbox 1538 1629 1547 1643; x_wconf 79' lang='lat'><em>⁶</em></span> <span class='ocrx_word' id='word_1_290' title='bbox 1565 1622 1740 1663; x_wconf 82' lang='lat' dir='ltr'>caminus‚’</span> <span class='ocrx_word' id='word_1_291' title='bbox 1755 1622 1823 1654; x_wconf 83' lang='lat' dir='ltr'>for-</span> 
     </span>
     <span class='ocr_line' id='line_1_52' title="bbox 1135 1672 1821 1715; baseline -0.003 -11"><span class='ocrx_word' id='word_1_292' title='bbox 1135 1683 1265 1708; x_wconf 85' lang='lat' dir='ltr'>nacem,</span> <span class='ocrx_word' id='word_1_293' title='bbox 1289 1674 1545 1715; x_wconf 77' lang='lat' dir='ltr'>hypocaustum,</span> <span class='ocrx_word' id='word_1_294' title='bbox 1569 1674 1692 1712; x_wconf 86' lang='lat' dir='ltr'>ignem,</span> <span class='ocrx_word' id='word_1_295' title='bbox 1720 1672 1821 1712; x_wconf 83' lang='lat' dir='ltr'>signi-</span> 
     </span>
     <span class='ocr_line' id='line_1_53' title="bbox 1134 1722 1820 1763; baseline -0.004 -10"><span class='ocrx_word' id='word_1_296' title='bbox 1134 1722 1276 1754; x_wconf 82' lang='lat' dir='ltr'>ficante:</span> <span class='ocrx_word' id='word_1_297' title='bbox 1301 1732 1399 1763; x_wconf 85' lang='lat' dir='ltr'>quam</span> <span class='ocrx_word' id='word_1_298' title='bbox 1415 1728 1525 1753; x_wconf 79' lang='lat' dir='ltr'>tamen</span> <span class='ocrx_word' id='word_1_299' title='bbox 1547 1730 1744 1761; x_wconf 79' lang='lat' dir='ltr'>usurpamus</span> <span class='ocrx_word' id='word_1_300' title='bbox 1759 1729 1820 1760; x_wconf 88' lang='lat' dir='ltr'>pro</span> 
     </span>
     <span class='ocr_line' id='line_1_54' title="bbox 1134 1769 1819 1810; baseline -0.001 -10"><span class='ocrx_word' id='word_1_301' title='bbox 1134 1769 1287 1809; x_wconf 77' lang='lat' dir='ltr'>fumario,</span> <span class='ocrx_word' id='word_1_302' title='bbox 1309 1781 1367 1801; x_wconf 84' lang='lat' dir='ltr'>seu</span> <span class='ocrx_word' id='word_1_303' title='bbox 1391 1771 1470 1810; x_wconf 82' lang='lat' dir='ltr'>gula</span> <span class='ocrx_word' id='word_1_304' title='bbox 1494 1770 1618 1800; x_wconf 86' lang='lat' dir='ltr'>fumum</span> <span class='ocrx_word' id='word_1_305' title='bbox 1642 1769 1819 1800; x_wconf 84' lang='lat' dir='ltr'>emittente</span> 
     </span>
     <span class='ocr_line' id='line_1_55' title="bbox 1134 1818 1672 1850; baseline 0.004 -3"><span class='ocrx_word' id='word_1_306' title='bbox 1134 1824 1230 1848; x_wconf 83' lang='lat' dir='ltr'>extra</span> <span class='ocrx_word' id='word_1_307' title='bbox 1245 1823 1384 1849; x_wconf 87' lang='lat' dir='ltr'>tectum.</span> <span class='ocrx_word' id='word_1_308' title='bbox 1409 1818 1531 1848; x_wconf 85' lang='lat' dir='ltr'>Isidor.</span> <span class='ocrx_word' id='word_1_309' title='bbox 1547 1826 1624 1848; x_wconf 79' lang='lat' dir='ltr'>xix.</span> <span class='ocrx_word' id='word_1_310' title='bbox 1640 1820 1672 1850; x_wconf 84' lang='grc'>6.</span> 
     </span>
    </p>

    <p class='ocr_par' dir='ltr' id='par_1_23' title="bbox 1126 1864 1820 2041">
     <span class='ocr_line' id='line_1_56' title="bbox 1175 1864 1820 1905; baseline 0 -10"><span class='ocrx_word' id='word_1_311' title='bbox 1175 1868 1214 1895; x_wconf 85' lang='grc'>75</span> <span class='ocrx_word' id='word_1_312' title='bbox 1248 1866 1399 1896; x_wconf 79' lang='lat' dir='ltr'>Convivas</span> <span class='ocrx_word' id='word_1_313' title='bbox 1429 1866 1545 1904; x_wconf 81' lang='lat' dir='ltr'>avidos,</span> <span class='ocrx_word' id='word_1_314' title='bbox 1578 1865 1646 1905; x_wconf 61' lang='grc' dir='ltr'>εγω]</span> <span class='ocrx_word' id='word_1_315' title='bbox 1683 1864 1820 1896; x_wconf 76' lang='lat' dir='ltr'>Coenam</span> 
     </span>
     <span class='ocr_line' id='line_1_57' title="bbox 1126 1912 1818 1954; baseline 0.001 -11"><span class='ocrx_word' id='word_1_316' title='bbox 1126 1912 1195 1952; x_wconf 77' lang='lat' dir='ltr'>jam</span> <span class='ocrx_word' id='word_1_317' title='bbox 1213 1919 1362 1953; x_wconf 81' lang='lat' dir='ltr'>paratam</span> <span class='ocrx_word' id='word_1_318' title='bbox 1380 1923 1514 1945; x_wconf 85' lang='lat' dir='ltr'>servare</span> <span class='ocrx_word' id='word_1_319' title='bbox 1539 1919 1698 1954; x_wconf 77' lang='lat' dir='ltr'>satagunt</span> <span class='ocrx_word' id='word_1_320' title='bbox 1713 1912 1818 1944; x_wconf 79' lang='lat' dir='ltr'>fame-</span> 
     </span>
     <span class='ocr_line' id='line_1_58' title="bbox 1134 1961 1818 2003; baseline 0.001 -12"><span class='ocrx_word' id='word_1_321' title='bbox 1134 1962 1190 1993; x_wconf 84' lang='lat' dir='ltr'>lici</span> <span class='ocrx_word' id='word_1_322' title='bbox 1204 1962 1251 1992; x_wconf 92' lang='lat' dir='ltr'>illi</span> <span class='ocrx_word' id='word_1_323' title='bbox 1265 1963 1372 2003; x_wconf 85' lang='lat' dir='ltr'>magis</span> <span class='ocrx_word' id='word_1_324' title='bbox 1383 1973 1481 2003; x_wconf 88' lang='lat' dir='ltr'>quam</span> <span class='ocrx_word' id='word_1_325' title='bbox 1493 1962 1582 1994; x_wconf 82' lang='lat' dir='ltr'>aedes</span> <span class='ocrx_word' id='word_1_326' title='bbox 1593 1961 1723 1993; x_wconf 87' lang='lat' dir='ltr'>scilicet</span> <span class='ocrx_word' id='word_1_327' title='bbox 1737 1961 1818 1992; x_wconf 82' lang='lat' dir='ltr'>alie-</span> 
     </span>
     <span class='ocr_line' id='line_1_59' title="bbox 1135 2019 1207 2041; baseline 0.014 -1"><span class='ocrx_word' id='word_1_328' title='bbox 1135 2019 1207 2041; x_wconf 84' lang='lat' dir='ltr'>nas.</span> 
     </span>
    </p>

    <p class='ocr_par' dir='ltr' id='par_1_24' title="bbox 1133 2058 1820 2293">
     <span class='ocr_line' id='line_1_60' title="bbox 1176 2058 1819 2101; baseline 0.002 -12"><span class='ocrx_word' id='word_1_329' title='bbox 1176 2061 1217 2090; x_wconf 82' lang='grc'>77</span> <span class='ocrx_word' id='word_1_330' title='bbox 1240 2059 1356 2101; x_wconf 81' lang='lat' dir='ltr'>Incipit</span> <span class='ocrx_word' id='word_1_331' title='bbox 1380 2070 1420 2092; x_wconf 80' lang='lat' dir='ltr'>ex</span> <span class='ocrx_word' id='word_1_332' title='bbox 1441 2061 1494 2092; x_wconf 78' lang='lat' dir='ltr'>illo</span> <span class='ocrx_word' id='word_1_333' title='bbox 1514 2063 1640 2098; x_wconf 74' lang='lat' dir='ltr'>montes,</span> <span class='ocrx_word' id='word_1_334' title='bbox 1662 2058 1731 2100; x_wconf 60' lang='lat' dir='ltr'>Asa]</span> <span class='ocrx_word' id='word_1_335' title='bbox 1754 2059 1819 2091; x_wconf 86' lang='lat' dir='ltr'>Be-</span> 
     </span>
     <span class='ocr_line' id='line_1_61' title="bbox 1135 2109 1820 2150; baseline 0.003 -12"><span class='ocrx_word' id='word_1_336' title='bbox 1135 2113 1280 2139; x_wconf 85' lang='lat' dir='ltr'>nevento</span> <span class='ocrx_word' id='word_1_337' title='bbox 1289 2109 1430 2148; x_wconf 85' lang='lat' dir='ltr'>egressis</span> <span class='ocrx_word' id='word_1_338' title='bbox 1442 2109 1604 2150; x_wconf 86' lang='lat' dir='ltr'>incipiunt</span> <span class='ocrx_word' id='word_1_339' title='bbox 1616 2109 1720 2149; x_wconf 80' lang='lat' dir='ltr'>aspici</span> <span class='ocrx_word' id='word_1_340' title='bbox 1728 2117 1820 2140; x_wconf 88' lang='lat' dir='ltr'>mon-</span> 
     </span>
     <span class='ocr_line' id='line_1_62' title="bbox 1135 2155 1817 2198; baseline 0 -11"><span class='ocrx_word' id='word_1_341' title='bbox 1135 2161 1186 2187; x_wconf 88' lang='lat' dir='ltr'>tes</span> <span class='ocrx_word' id='word_1_342' title='bbox 1214 2155 1361 2196; x_wconf 77' lang='lat' dir='ltr'>ApuIiae,</span> <span class='ocrx_word' id='word_1_343' title='bbox 1390 2158 1533 2189; x_wconf 83' lang='lat' dir='ltr'>Horatio</span> <span class='ocrx_word' id='word_1_344' title='bbox 1561 2158 1695 2198; x_wconf 87' lang='lat' dir='ltr'>quidem</span> <span class='ocrx_word' id='word_1_345' title='bbox 1723 2157 1817 2196; x_wconf 76' lang='lat' dir='ltr'>regio</span> 
     </span>
     <span class='ocr_line' id='line_1_63' title="bbox 1133 2204 1816 2243; baseline 0 -9"><span class='ocrx_word' id='word_1_346' title='bbox 1133 2204 1316 2243; x_wconf 81' lang='lat' dir='ltr'>notissima,</span> <span class='ocrx_word' id='word_1_347' title='bbox 1330 2206 1453 2236; x_wconf 84' lang='lat' dir='ltr'>exinde</span> <span class='ocrx_word' id='word_1_348' title='bbox 1465 2209 1539 2236; x_wconf 90' lang='lat' dir='ltr'>orto</span> <span class='ocrx_word' id='word_1_349' title='bbox 1559 2204 1725 2235; x_wconf 85' lang='lat' dir='ltr'>videlicet.</span> <span class='ocrx_word' id='word_1_350' title='bbox 1763 2204 1816 2234; x_wconf 82' lang='lat' dir='ltr'>De</span> 
     </span>
     <span class='ocr_line' id='line_1_64' title="bbox 1136 2253 1705 2293; baseline -0.002 -9"><span class='ocrx_word' id='word_1_351' title='bbox 1136 2253 1255 2293; x_wconf 81' lang='lat' dir='ltr'>Apulia</span> <span class='ocrx_word' id='word_1_352' title='bbox 1271 2262 1326 2284; x_wconf 80' lang='grc' dir='ltr'>ιιι.</span> <span class='ocrx_word' id='word_1_353' title='bbox 1343 2254 1410 2285; x_wconf 90' lang='lat' dir='ltr'>Od.</span> <span class='ocrx_word' id='word_1_354' title='bbox 1425 2257 1478 2285; x_wconf 76' lang='lat'>30.</span> <span class='ocrx_word' id='word_1_355' title='bbox 1493 2258 1528 2284; x_wconf 88' lang='lat' dir='ltr'>et</span> <span class='ocrx_word' id='word_1_356' title='bbox 1542 2253 1650 2293; x_wconf 87' lang='lat' dir='ltr'>Epod.</span> <span class='ocrx_word' id='word_1_357' title='bbox 1665 2261 1705 2285; x_wconf 83' lang='lat' dir='ltr'>u.</span> 
     </span>
    </p>

    <p class='ocr_par' dir='ltr' id='par_1_25' title="bbox 1131 2301 1818 2538">
     <span class='ocr_line' id='line_1_65' title="bbox 1174 2301 1818 2342; baseline 0 -10"><span class='ocrx_word' id='word_1_358' title='bbox 1174 2304 1215 2332; x_wconf 83' lang='grc'>78</span> <span class='ocrx_word' id='word_1_359' title='bbox 1236 2301 1400 2341; x_wconf 80' lang='lat' dir='ltr'>Atabulus]</span> <span class='ocrx_word' id='word_1_360' title='bbox 1430 2303 1558 2333; x_wconf 82' lang='lat' dir='ltr'>Ventus</span> <span class='ocrx_word' id='word_1_361' title='bbox 1587 2301 1743 2342; x_wconf 80' lang='lat' dir='ltr'>Apuliam</span> <span class='ocrx_word' id='word_1_362' title='bbox 1770 2302 1818 2332; x_wconf 88' lang='lat' dir='ltr'>in·</span> 
     </span>
     <span class='ocr_line' id='line_1_66' title="bbox 1133 2348 1814 2390; baseline 0.003 -10"><span class='ocrx_word' id='word_1_363' title='bbox 1133 2348 1274 2388; x_wconf 79' lang='lat' dir='ltr'>festans,</span> <span class='ocrx_word' id='word_1_364' title='bbox 1309 2350 1418 2381; x_wconf 83' lang='lat' dir='ltr'>dictus</span> <span class='ocrx_word' id='word_1_365' title='bbox 1449 2351 1542 2390; x_wconf 84' lang='lat' dir='ltr'>quasi</span> <span class='ocrx_word' id='word_1_366' title='bbox 1571 2349 1648 2388; x_wconf 70' lang='grc' dir='ltr'>ἄτην</span> <span class='ocrx_word' id='word_1_367' title='bbox 1674 2349 1814 2387; x_wconf 75' lang='grc' dir='ltr'>βάλλων,</span> 
     </span>
     <span class='ocr_line' id='line_1_67' title="bbox 1132 2398 1815 2432; baseline 0.004 -4"><span class='ocrx_word' id='word_1_368' title='bbox 1132 2399 1312 2429; x_wconf 82' lang='lat' dir='ltr'>immittens</span> <span class='ocrx_word' id='word_1_369' title='bbox 1338 2398 1572 2429; x_wconf 80' lang='lat' dir='ltr'>calamitatem.</span> <span class='ocrx_word' id='word_1_370' title='bbox 1600 2398 1689 2430; x_wconf 90' lang='lat' dir='ltr'>Plin.</span> <span class='ocrx_word' id='word_1_371' title='bbox 1719 2407 1815 2432; x_wconf 85' lang='lat' dir='ltr'>xvu.</span> 
     </span>
     <span class='ocr_line' id='line_1_68' title="bbox 1131 2447 1814 2486; baseline 0 -7"><span class='ocrx_word' id='word_1_372' title='bbox 1131 2450 1184 2479; x_wconf 75' lang='lat'>24.</span> <span class='ocrx_word' id='word_1_373' title='bbox 1206 2447 1295 2479; x_wconf 82' lang='lat' dir='ltr'>Geli.</span> <span class='ocrx_word' id='word_1_374' title='bbox 1309 2455 1348 2479; x_wconf 86' lang='lat'>11.</span> <span class='ocrx_word' id='word_1_375' title='bbox 1361 2449 1413 2478; x_wconf 87' lang='lat'>22.</span> <span class='ocrx_word' id='word_1_376' title='bbox 1427 2447 1526 2483; x_wconf 86' lang='lat' dir='ltr'>hunc,</span> <span class='ocrx_word' id='word_1_377' title='bbox 1537 2451 1574 2478; x_wconf 88' lang='lat' dir='ltr'>ut</span> <span class='ocrx_word' id='word_1_378' title='bbox 1588 2447 1718 2486; x_wconf 86' lang='lat' dir='ltr'>volunt,</span> <span class='ocrx_word' id='word_1_379' title='bbox 1733 2456 1814 2480; x_wconf 88' lang='lat' dir='ltr'>eun-</span> 
     </span>
     <span class='ocr_line' id='line_1_69' title="bbox 1132 2497 1760 2538; baseline -0.002 -8"><span class='ocrx_word' id='word_1_380' title='bbox 1132 2499 1205 2530; x_wconf 87' lang='lat' dir='ltr'>dem</span> <span class='ocrx_word' id='word_1_381' title='bbox 1221 2499 1342 2530; x_wconf 82' lang='lat' dir='ltr'>Noster</span> <span class='ocrx_word' id='word_1_382' title='bbox 1357 2502 1455 2528; x_wconf 85' lang='lat' dir='ltr'>vocat</span> <span class='ocrx_word' id='word_1_383' title='bbox 1466 2497 1592 2538; x_wconf 67' lang='lat' dir='ltr'>Iapyga</span> <span class='ocrx_word' id='word_1_384' title='bbox 1607 2506 1632 2528; x_wconf 91' lang='grc' dir='ltr'>ι.</span> <span class='ocrx_word' id='word_1_385' title='bbox 1647 2497 1715 2529; x_wconf 87' lang='lat' dir='ltr'>Od.</span> <span class='ocrx_word' id='word_1_386' title='bbox 1729 2500 1760 2529; x_wconf 77' lang='lat'>3.</span> 
     </span>
    </p>

    <p class='ocr_par' dir='ltr' id='par_1_26' title="bbox 1128 2545 1813 2783">
     <span class='ocr_line' id='line_1_70' title="bbox 1173 2545 1813 2587; baseline 0 -9"><span class='ocrx_word' id='word_1_387' title='bbox 1173 2549 1214 2578; x_wconf 85' lang='grc'>79</span> <span class='ocrx_word' id='word_1_388' title='bbox 1234 2547 1428 2586; x_wconf 82' lang='lat' dir='ltr'>Erepsemus]</span> <span class='ocrx_word' id='word_1_389' title='bbox 1439 2545 1608 2586; x_wconf 83' lang='lat' dir='ltr'>Syncope,</span> <span class='ocrx_word' id='word_1_390' title='bbox 1620 2555 1682 2586; x_wconf 87' lang='lat' dir='ltr'>pro</span> <span class='ocrx_word' id='word_1_391' title='bbox 1696 2546 1706 2563; x_wconf 93' lang='lat'>‘</span> <span class='ocrx_word' id='word_1_392' title='bbox 1715 2555 1813 2587; x_wconf 84' lang='lat' dir='ltr'>erep-</span> 
     </span>
     <span class='ocr_line' id='line_1_71' title="bbox 1131 2595 1811 2635; baseline 0.001 -8"><span class='ocrx_word' id='word_1_393' title='bbox 1131 2595 1306 2635; x_wconf 83' lang='lat' dir='ltr'>sissemus,’</span> <span class='ocrx_word' id='word_1_394' title='bbox 1319 2595 1353 2626; x_wconf 90' lang='lat' dir='ltr'>id</span> <span class='ocrx_word' id='word_1_395' title='bbox 1369 2600 1421 2626; x_wconf 89' lang='lat' dir='ltr'>est</span> <span class='ocrx_word' id='word_1_396' title='bbox 1443 2595 1718 2627; x_wconf 79' lang='lat' dir='ltr'>transivissemus.</span> <span class='ocrx_word' id='word_1_397' title='bbox 1750 2597 1811 2628; x_wconf 79' lang='lat' dir='ltr'>Sic</span> 
     </span>
     <span class='ocr_line' id='line_1_72' title="bbox 1130 2643 1812 2686; baseline 0 -11"><span class='ocrx_word' id='word_1_398' title='bbox 1130 2650 1246 2686; x_wconf 80' lang='lat' dir='ltr'>postea</span> <span class='ocrx_word' id='word_1_399' title='bbox 1269 2645 1341 2675; x_wconf 82' lang='lat' dir='ltr'>Sat.</span> <span class='ocrx_word' id='word_1_400' title='bbox 1367 2652 1418 2675; x_wconf 82' lang='lat' dir='ltr'>rx.</span> <span class='ocrx_word' id='word_1_401' title='bbox 1443 2643 1617 2675; x_wconf 84' lang='lat' dir='ltr'>‘surrexe&#39;</span> <span class='ocrx_word' id='word_1_402' title='bbox 1632 2644 1693 2684; x_wconf 86' lang='lat' dir='ltr'>pro</span> <span class='ocrx_word' id='word_1_403' title='bbox 1715 2645 1726 2663; x_wconf 86' lang='lat'>‘</span> <span class='ocrx_word' id='word_1_404' title='bbox 1741 2653 1812 2675; x_wconf 86' lang='lat' dir='ltr'>sur-</span> 
     </span>
     <span class='ocr_line' id='line_1_73' title="bbox 1129 2692 1809 2733; baseline -0.001 -9"><span class='ocrx_word' id='word_1_405' title='bbox 1129 2693 1276 2724; x_wconf 67' lang='lat' dir='ltr'>rexisse:</span> <span class='ocrx_word' id='word_1_406' title='bbox 1298 2693 1417 2733; x_wconf 86' lang='lat' dir='ltr'>Virgil.</span> <span class='ocrx_word' id='word_1_407' title='bbox 1431 2692 1562 2724; x_wconf 85' lang='lat' dir='ltr'>AEueid.</span> <span class='ocrx_word' id='word_1_408' title='bbox 1576 2701 1626 2725; x_wconf 76' lang='lat' dir='ltr'>tv.</span> <span class='ocrx_word' id='word_1_409' title='bbox 1640 2695 1714 2725; x_wconf 79' lang='lat'>606.</span> <span class='ocrx_word' id='word_1_410' title='bbox 1729 2693 1739 2710; x_wconf 92' lang='lat'>‘</span> <span class='ocrx_word' id='word_1_411' title='bbox 1750 2701 1809 2723; x_wconf 83' lang='lat' dir='ltr'>ex-</span> 
     </span>
     <span class='ocr_line' id='line_1_74' title="bbox 1128 2741 1809 2783; baseline -0.003 -9"><span class='ocrx_word' id='word_1_412' title='bbox 1128 2742 1270 2775; x_wconf 82' lang='lat' dir='ltr'>tinxem&#39;</span> <span class='ocrx_word' id='word_1_413' title='bbox 1296 2752 1356 2783; x_wconf 88' lang='lat' dir='ltr'>pro</span> <span class='ocrx_word' id='word_1_414' title='bbox 1385 2741 1652 2775; x_wconf 66' lang='lat' dir='ltr'>‘extinxi-sem:</span> <span class='ocrx_word' id='word_1_415' title='bbox 1685 2741 1809 2774; x_wconf 74' lang='lat' dir='ltr'>Lucre-</span> 
     </span>
    </p>
   </div>
  </div>
 </body>
</html>
