1890 3256
375 279 486 321 1106
839 290 881 327 Q.
914 288 1118 319 HORATH
1154 288 1324 320 rnAcc1

374 382 445 423 Ne
463 383 563 435 plus
581 382 777 424 frumenti
797 382 1016 423 dotalibus
1036 385 1195 422 emetat
1214 384 1329 434 agris

377 448 543 497 Mutus,
565 452 608 489 et
626 448 881 499 (indignum,
901 446 1017 499 quod
1038 447 1096 486 sit
1114 446 1334 500 pejoribus
1351 446 1490 500 ortus)

374 514 464 555 Hic
483 515 562 555 tibi
581 515 639 555 sit
657 513 815 566 potius,
834 525 967 565 quam
987 516 1035 554 tu
1054 513 1264 554 mirabilis
1282 513 1359 553 illi.

372 578 597 633 Quicquid
617 580 696 619 sub
717 582 830 619 terra
848 582 930 628 est,
951 579 996 619 in
1017 579 1212 632 apricum
1231 579 1421 631 proferet
1442 584 1580 631 aetas3

372 646 578 687 Defodiet
596 644 838 698 condetque
856 645 1054 686 nitentia.
1112 645 1224 686 Cum
1242 646 1352 686 bene
1372 649 1524 686 notum

371 711 573 752 Porticus
594 710 822 763 Agrippae,
844 714 889 751 et
907 711 979 752 via
998 714 1040 751 te
1059 712 1337 763 conspexerit
1357 710 1492 764 Appi,

371 776 441 817 Ire
462 783 602 817 tamen
622 779 757 816 restat
776 775 925 817 Numa
945 789 1031 829 quo
1049 777 1220 817 devenit
1240 779 1283 817 et
1305 777 1467 818 Ancus.

371 841 420 882 Si
438 842 554 882 latus
573 845 645 882 aut
663 853 787 881 renes
807 842 960 881 mor-bo
980 845 1198 882 tentantur
1218 846 1363 890 acuto,

1735 645 1793 686 25

370 958 460 989 quam
473 951 519 987 tu,
531 947 657 986 colligat
672 956 711 977 ex
725 947 814 986 agris
827 947 999 978 dotalibus:
1022 948 1132 987 quippe
1147 947 1310 986 indignum
1324 951 1371 979 est
1390 951 1425 978 ut
1438 948 1490 978 me
1510 948 1686 987 ignobiliori
1699 948 1795 988 stirpe

367 990 496 1028 genitus
509 999 529 1019 a
542 993 572 1019 te
585 988 770 1027 suspiciatur
784 988 894 1026 magis,
913 998 1002 1028 quam
1017 991 1050 1018 tu
1062 989 1101 1018 ab
1113 989 1178 1018 illo.
1225 990 1437 1027 Quodcumque
1450 989 1586 1020 abditum
1600 990 1632 1020 in
1645 992 1727 1020 terra
1742 991 1794 1020 de-

369 1031 496 1064 litescit,
509 1030 544 1060 id
559 1033 675 1068 tempus
687 1032 843 1068 expromt
855 1029 889 1059 in
902 1032 1060 1069 apertum,·
1073 1029 1202 1065 inradiet
1216 1034 1317 1060 autem
1331 1034 1360 1060 et
1375 1030 1536 1060 occultabit
1551 1030 1718 1070 conspicua.
1740 1031 1796 1062 Sic

367 1075 526 1112 postquam
546 1070 682 1110 portiom
697 1070 849 1110 Agrippa.-
874 1073 904 1101 ει
924 1070 976 1100 viu
990 1070 1094 1110 Appia
1108 1073 1139 1100 te
1161 1071 1345 1109 spectaverit
1367 1071 1454 1101 valde
1471 1071 1640 1106 illustrem5
1660 1073 1796 1102 dtamen

369 1116 506 1153 superest
519 1115 555 1143 ut
566 1121 678 1152 pergas
691 1121 738 1151 eo,
750 1121 808 1152 quo
825 1112 928 1142 Numa
947 1115 978 1142 et
991 1111 1098 1142 Ancus
1119 1113 1241 1142 tandem
1253 1112 1387 1144 iverunt.
1429 1111 1500 1152 Age
1511 1122 1593 1152 vero,
1606 1112 1635 1143 εἰ
1647 1112 1728 1143 latua
1741 1115 1797 1143 out

967 1203 1176 1216 OOOmOOOOO
1180 1203 1200 1215 O

370 1270 414 1309 τῷ
427 1270 553 1299 ει.--21
574 1268 641 1298 Νει·
660 1267 730 1307 plus
752 1266 831 1298 Vat.
848 1270 899 1298 15.
925 1271 962 1298 et
985 1267 1132 1300 Cbisian.
1153 1270 1270 1299 5.-22
1292 1268 1402 1299 Mutus
1426 1271 1456 1299 ee
1474 1267 1607 1307 plurimi
1628 1266 1797 1306 codd..np.

371 1311 486 1348 Feam,
502 1309 555 1340 alii
572 1309 656 1340 Mss.
673 1309 761 1348 apud
787 1309 898 1339 Pulm.
923 1309 1016 1340 Talb.
1031 1310 1146 1340 Bentl.
1161 1319 1274 1340 omnes
1297 1310 1399 1350 Cruq.
1421 1315 1456 1340 et
1480 1309 1574 1340 Torr.
1597 1308 1680 1340 edit.
1703 1308 1797 1339 Med.

371 1355 466 1382 1476.
486 1352 595 1381 Venn.
612 1353 704 1381 1478.
717 1352 811 1381 1479.
829 1352 921 1381 1481.
940 1353 1034 1381 1483.
1052 1353 1145 1383 1495.
1170 1351 1260 1382 Flor.
1278 1353 1371 1382 1482.
1396 1350 1501 1382 Aldus
1517 1353 1609 1382 1501.
1626 1350 1796 1381 revocavit

370 1394 404 1423 in
421 1397 552 1423 textum
574 1392 688 1422 Bentl.
704 1391 782 1421 inde
804 1400 985 1431 anonymus
1006 1392 1155 1431 Trajecti
1179 1393 1221 1423 ad
1247 1393 1352 1423 Rhen.
1369 1395 1462 1424 1713.
1483 1392 1583 1422 Baxt.
1611 1391 1696 1423 Cun.
1718 1391 1796 1422 San.

370 1434 478 1466 Gesn.
493 1433 584 1465 Phil.
597 1433 672 1462 Val.
687 1433 826 1471 Dorigh.
845 1432 961 1463 Oberl.
978 1433 1092 1464 Comb.
1110 1433 1245 1464 Wakef.
1257 1434 1396 1470 wetzel.
1413 1439 1448 1464 et
1461 1433 1568 1464 Zeun.
1595 1432 1650 1464 Al.
1675 1433 1797 1465 Mutius

368 1475 545 1514 indignum,
563 1474 617 1504 vel
637 1474 762 1504 Mutius
774 1477 802 1504 et
818 1474 1076 1513 indignum-22
1097 1475 1176 1505 Vat.
1194 1477 1246 1505 19.
1268 1475 1342 1514 quid
1360 1474 1497 1507 sia—28
1520 1473 1747 1506 Schoenborn.
1764 1476 1797 1504 3.

369 1515 651 1547 misembilis.-24
674 1515 854 1554 Bamberg.
869 1516 903 1546 in
923 1518 1072 1555 apertum.
1095 1516 1323 1547 Schoenborn.
1339 1519 1370 1547 2.
1384 1516 1517 1554 conferet
1537 1519 1624 1547 oetas.
1650 1515 1797 1547 Schoen-

369 1558 464 1589 born.
488 1559 519 1587 3.
541 1561 577 1587 et
600 1557 642 1586 al.
665 1566 720 1596 ap.
741 1557 853 1587 Feam.
877 1557 1014 1595 proferat
1038 1560 1213 1589 cetam—26
1235 1557 1385 1597 Agrippoe
1409 1558 1461 1588 viu
1486 1557 1582 1588 Harl.
1606 1559 1638 1588 2.
1661 1559 1690 1588 3.
1705 1559 1738 1587 7.
1761 1560 1797 1587 et

369 1598 601 1630 Schoenborn.
616 1600 649 1628 2.
665 1600 695 1629 3.
723 1601 922 1636 conspexerat
937 1598 1016 1629 Vat.
1031 1597 1129 1629 Rom.
1145 1601 1175 1630 1.
1198 1603 1234 1629 et
1249 1599 1475 1629 Schoenborn.
1491 1601 1523 1630 2.
1538 1600 1652 1630 :ze-28
1666 1596 1706 1628 Si
1718 1598 1798 1628 latus

370 1644 401 1671 et
416 1650 503 1672 renes
514 1639 594 1670 Vnt.
609 1641 638 1670 1.
651 1643 686 1670 et
701 1638 877 1670 Barberin.
895 1641 924 1669 l.
936 1641 966 1670 2.
991 1638 1070 1670 vid.
1080 1648 1120 1670 ιι.
1135 1639 1207 1671 Sat.
1220 1642 1252 1671 3.
1266 1642 1338 1671 163.
1368 1640 1406 1671 Si
1420 1641 1501 1672 latua
1513 1642 1547 1671 at
1557 1648 1642 1670 renes
1654 1638 1797 1671 schoen-

1018 1722 1156 1767 NQTAE

413 1791 454 1821 21
478 1786 644 1819 Dotalibus
667 1785 770 1826 agr-is]
793 1785 848 1817 Ab
874 1795 981 1817 uxore
1004 1795 1058 1817 ac-

371 1838 480 1879 ceptis
493 1837 581 1869 dotis
597 1836 742 1868 nomine.

413 1889 454 1917 22
476 1886 587 1916 Mutus
608 1888 638 1914 et
657 1883 814 1924 [Mucius]
845 1883 1005 1914 Plebeius
1021 1889 1058 1914 et

370 1934 538 1975 ignobilis.
780 1927 790 1934 “

413 1987 453 2014 23
479 1983 580 2018 Quam
597 1984 632 2011 tu
654 1979 805 2010 mirabilis
817 1979 881 2017 illi]
904 1978 1003 2011 Quod
1020 1983 1057 2009 tu

371 2031 540 2063 Patricius
556 2029 604 2060 ilii
614 2028 756 2059 obscuro
779 2031 814 2058 et
836 2027 968 2066 abjecto
990 2036 1056 2057 non

371 2081 416 2111 sis
452 2078 613 2110 mirabilis
641 2085 702 2118 per
730 2075 874 2116 majores
909 2075 1055 2107 divitias.

370 2127 556 2168 Prolepsis.

413 2179 455 2207 24
485 2174 638 2214 Quicquid
665 2173 719 2205 sub
745 2176 829 2204 terra
857 2174 917 2214 est]
957 2174 1058 2206 Quic-

372 2224 452 2265 quid
466 2223 565 2255 modo
581 2223 591 2240 ⁴
607 2223 712 2253 stulte
736 2222 868 2253 miraris
891 2227 927 2253 et
941 2222 1060 2262 optas?

372 2273 516 2314 peribit:
533 2276 569 2303 et
583 2275 619 2303 tu
632 2271 762 2312 pariter
773 2280 848 2302 cum
862 2271 954 2302 istis:
970 2281 1060 2312 quoe-

372 2333 410 2355 re
432 2323 544 2364 potius
567 2322 738 2357 virtutem.
759 2330 834 2361 quae
851 2322 920 2352 sola
935 2321 1059 2352 bonum

371 2372 492 2404 stabile
508 2375 560 2402 est
575 2375 610 2402 et
625 2370 778 2401 solidum.
794 2378 819 2400 r.
837 2369 944 2409 Epist.
962 2372 991 2401 l.
1004 2372 1058 2400 47.

414 2427 456 2455 26
480 2422 625 2454 Porticus
647 2421 813 2462 Agrippae]
843 2421 894 2452 M.
910 2420 1060 2462 Agrippa

373 2474 512 2505 tertium
530 2472 655 2506 Consul
678 2471 854 2503 Pantheon
874 2472 978 2503 fecit:
1003 2472 1059 2502 ad-

374 2523 459 2553 didit
475 2531 555 2553 vero
575 2520 740 2561 porticum
763 2520 923 2551 columnis
943 2521 1059 2561 ingen-

374 2572 474 2607 tibus.
492 2570 643 2602 trabibus
657 2570 759 2601 etiam
783 2570 886 2601 aeneis
909 2580 990 2601 auro
1006 2581 1059 2601 su-

374 2620 515 2660 perfusis
545 2619 734 2660 superbam.
781 2619 968 2659 Syuecdoc.
1002 2628 1059 2659 pro

375 2669 491 2708 quavis
514 2669 672 2708 porticu3
697 2677 771 2709 quae
792 2668 926 2709 quidem
944 2669 1057 2699 Romae

374 2717 440 2748 fuit
468 2718 657 2757 multiplex.
682 2726 705 2749 1.
733 2717 842 2757 Epist.
869 2720 897 2748 l.
920 2720 972 2748 71.
1017 2717 1058 2756 In

372 2767 423 2798 his
440 2766 620 2800 ambulare,
639 2775 741 2806 seque
764 2770 933 2797 ostentare
958 2765 1057 2805 insig-

1112 1796 1170 1818 nes
1186 1787 1308 1828 quique
1323 1790 1580 1818 consueverant.

1159 1836 1219 1867 Via
1232 1835 1332 1875 Appi]
1348 1835 1479 1875 Appius
1494 1831 1653 1864 Claudius
1668 1830 1797 1861 Censor

1111 1885 1196 1915 viam
1227 1886 1340 1915 Romae
1370 1891 1432 1922 per
1464 1885 1596 1922 portam
1625 1880 1796 1920 Capenam

1109 1931 1337 1963 Brundusium
1365 1939 1468 1970 usque
1497 1928 1683 1959 constravit
1710 1928 1798 1959 adeo

1110 1982 1226 2018 latam,
1239 1985 1277 2010 ut
1297 1980 1447 2019 plaustra
1459 1977 1525 2008 duo
1541 1976 1605 2008 sibi
1620 1985 1798 2008 occurren-

1111 2028 1159 2058 tia
1173 2027 1276 2058 facile
1291 2025 1545 2067 pertransirent.
1582 2024 1671 2057 Haec
1684 2034 1704 2056 a
1716 2025 1797 2056 'Pra-

1105 2078 1188 2118 jauo
1210 2077 1405 2108 instaurata.
1436 2075 1567 2107 Statius
1590 2083 1632 2106 u.
1654 2074 1748 2115 Sylv.
1763 2077 1797 2106 2.

1111 2127 1121 2145 ‘
1138 2126 1251 2167 Appia
1269 2126 1443 2167 longarum
1459 2125 1583 2157 teritur
1601 2124 1715 2165 regina
1730 2124 1798 2155 via·-

1110 2175 1206 2207 rum?
1436 2183 1442 2188 ·

1151 2226 1193 2255 27
1215 2223 1268 2254 Ire
1291 2226 1394 2254 tamen
1417 2220 1533 2261 restat]
1552 2220 1739 2262 Postquam
1761 2225 1796 2253 te

1110 2272 1262 2304 omnibus
1278 2271 1468 2311 ostentaris,
1482 2270 1607 2310 dinque
1621 2269 1796 2309 splendide

1111 2322 1236 2362 egeriS,
1253 2320 1388 2353 tandem
1402 2319 1608 2351 moriendum
1620 2321 1700 2356 est3
1721 2326 1796 2357 per-

1111 2371 1189 2403 inde
1205 2380 1244 2402 ac
1259 2370 1322 2410 ipsi
1338 2369 1435 2400 Rom.
1456 2375 1554 2407 reges
1567 2366 1689 2398 mortni
1705 2370 1794 2397 sunt.

1112 2420 1202 2452 Vide
1219 2428 1244 2451 1.
1261 2419 1328 2451 Od.
1341 2420 1393 2449 28.
1407 2420 1441 2448 et
1456 2425 1505 2447 iv.
1520 2414 1588 2447 Od.
1603 2417 1636 2446 7.
1649 2417 1701 2446 15.

1156 2467 1273 2508 Numa]
1295 2465 1491 2506 Pompilius,
1512 2462 1677 2495 secundus
1695 2472 1716 2493 a
1730 2463 1794 2494 Ro-

1113 2519 1201 2549 mulo
1216 2526 1288 2556 rex,
1300 2514 1436 2556 justitia
1450 2514 1559 2545 clarus
1573 2516 1609 2544 et
1623 2512 1795 2552 religione.

1115 2567 1188 2598 Liv.
1202 2566 1258 2596 lib.
1274 2573 1300 2596 1.
1321 2563 1495 2594 Plutarch.
1511 2564 1576 2594 &c-

1155 2614 1270 2653 Ancus]
1289 2613 1448 2651 Martius,
1464 2620 1524 2644 rex
1542 2613 1680 2652 quartus
1696 2610 1794 2642 Rom.

1112 2665 1231 2696 Numae
1258 2673 1299 2694 ex
1321 2662 1390 2694 filia
1413 2671 1535 2703 nepos,⁴
1547 2661 1668 2693 bellica
1691 2660 1793 2700 gloria

1111 2712 1245 2745 effulsit.
1268 2713 1338 2744 Liv.
1355 2713 1413 2743 cit.

1152 2765 1193 2793 28
1216 2762 1254 2793 Si
1272 2763 1352 2793 latus
1373 2763 1426 2792 aut
1447 2769 1546 2800 renes,
1560 2758 1630 2800 ζα]
1651 2758 1687 2791 si
1703 2757 1791 2789 labn-
