1890 3256
576 296 927 328 EPls'rOLARUM
964 297 1059 327 Lm.
1094 297 1124 326 1.
1160 287 1199 327 1.
1499 284 1610 327 1071

160 391 299 434 Laevo
321 391 526 446 suspensi
546 391 720 432 loculos
743 392 1024 445 tabulamque
1041 391 1224 433 lacerto.

159 459 239 501 Est
258 459 430 501 animus
450 459 547 507 tibi,
566 462 669 499 sunt
690 472 850 508 mores,
869 465 938 500 est
958 459 1107 511 lingua
1127 458 1325 511 fidesque
1343 471 1353 499 z

159 526 247 568 Sed
267 526 594 581 quadringentis
616 538 693 566 sex
715 528 885 579 septem
907 525 1047 566 millia
1069 525 1243 575 desint;

157 593 293 636 Plebs
315 593 416 635 eris.
474 592 537 634 At
556 593 680 646 pueri
697 591 914 642 ludentes,
938 591 1042 633 Rex
1064 592 1164 641 eris,
1188 592 1322 640 aiunt,

152 741 249 773 pensu
260 735 419 773 gestantes
433 732 547 763 baulos
561 735 592 762 et
605 732 754 763 tabulam.
800 731 890 763 Adde
904 732 985 771 quod
1002 732 1031 762 si
1042 741 1099 763 sex
1113 735 1168 763 out
1182 735 1298 773 septem
1312 731 1411 763 millia
1430 731 1606 763 desideran-

155 778 208 806 tur
231 777 274 807 ad
296 774 538 815 quadringenta,
558 774 630 805 licet
651 774 797 806 imbueris
815 774 988 813 ingenium,
1011 774 1208 814 probitatem,
1225 774 1423 812 facundiam,
1437 773 1607 813 integrita-

154 820 228 857 tem,
242 817 440 849 nihilominus
454 817 518 848 eris
531 816 676 857 plebeius.
707 817 819 848 Verum
833 819 947 856 quanto
959 817 1069 848 melius
1080 817 1169 856 pueri
1184 817 1269 848 inter
1285 817 1451 848 ludendum
1462 817 1606 848 edicunt:

756 899 793 911 ‘O
798 898 912 911 “55“
918 899 996 911 ‘Ost‘

152 966 230 998 Val.
245 970 281 998 et
295 969 448 997 notatum
465 973 508 996 ex
523 965 593 996 Ms.
617 965 652 996 in
679 973 736 995 ora
762 964 920 996 editionis
944 964 1022 996 Aldi
1041 967 1134 996 1509.
1160 964 1192 995 in
1214 964 1376 996 Bibliotli.
1399 964 1604 998 Barberina.

149 1007 315 1040 Proeaocee
333 1012 401 1039 tres
423 1017 479 1048 ap.
502 1009 617 1046 Feam,
634 1007 690 1038 alii
706 1007 791 1038 Mss.
815 1007 906 1046 apud
923 1006 1027 1048 Cruq.
1041 1007 1138 1038 Talb.
1158 1006 1243 1038 edit.
1259 1007 1356 1038 Med.
1372 1009 1468 1039 1476.
1492 1008 1604 1041 Venn.

152 1052 247 1082 14⁷8.
262 1053 358 1082 1479.
378 1052 471 1081 1481.
490 1053 582 1081 1483.
598 1052 695 1081 1490.
719 1049 810 1080 Flor.
826 1051 921 1081 1482.
956 1049 1050 1090 Lips.
1079 1051 1173 1080 1499.
1218 1049 1374 1080 Per-docet
1399 1050 1484 1080 Mss.
1511 1051 1603 1090 apud

151 1092 257 1133 Cruq.
282 1092 383 1124 OE'alb.
406 1092 491 1123 edit.
514 1092 632 1123 Princ.
659 1092 738 1123 Zar.
765 1091 851 1122 Bad.
875 1091 1018 1122 Ascens.
1043 1092 1154 1122 Venn·
1172 1093 1267 1121 1492.
1285 1094 1379 1122 1495.
1397 1093 1492 1122 1509.
1509 1095 1604 1124 1552.

151 1133 260 1166 Aldus
281 1136 377 1166 1501.
403 1137 498 1166 1509.
522 1137 618 1166 1519.
652 1134 761 1166 Junta
777 1135 872 1165 1503.
903 1134 1023 1165 Basili.
1039 1136 1134 1165 1527.
1153 1135 1250 1165 1531.
1267 1136 1362 1164 1580.
1396 1133 1488 1165 Frib.
1506 1136 1603 1166 1536.

150 1177 254 1208 Dion.
270 1177 313 1208 ab
328 1176 453 1208 Harsio
474 1176 584 1217 Lugd.
602 1178 698 1208 1538.
731 1175 777 1207 Η.
794 1175 914 1216 Steph.
931 1176 1022 1207 Mur.
1038 1176 1161 1216 aliique
1179 1184 1246 1206 non
1265 1175 1376 1215 pauci.
1421 1177 1431 1193 ‘
1449 1176 1601 1208 Primam

149 1219 331 1251 lectionem
354 1218 502 1250 restituit
527 1219 645 1250 Lamb.
668 1223 775 1257 recte,
799 1218 878 1259 quia
900 1219 910 1236 ⁴
930 1217 1140 1258 prodoce=·e‚'
1166 1221 1220 1248 est
1241 1215 1337 1257 foris,
1360 1221 1396 1248 et
1420 1219 1543 1258 palam,
1565 1222 1603 1250 et

150 1261 286 1301 publice
303 1261 446 1293 docere:
471 1262 480 1278 ‘
495 1261 575 1302 pro’
600 1260 688 1291 enim
707 1260 740 1291 in
757 1259 969 1302 compositis,
989 1260 1233 1301 amplificandi,
1250 1264 1308 1291 aut
1324 1260 1434 1300 palam
1451 1259 1602 1292 faciendi

149 1313 250 1335 sensu
268 1303 433 1342 adhiberi,
455 1303 561 1335 tradit
579 1303 724 1334 Festus!
748 1303 825 1334 Fea.
869 1303 1067 1343 Sequuntur
1082 1302 1281 1334 Lambinum
1299 1302 1478 1343 Cruquius.
1494 1303 1602 1336 Bent-

146 1346 249 1386 ,leius,
264 1347 365 1378 Baxt.
383 1347 468 1378 Cun.
483 1346 562 1377 San.
580 1346 666 1376 Phil.
683 1345 788 1377 Gesn.
801 1346 874 1376 Val.
891 1345 1011 1377 Oberl.
1027 1345 1165 1384 Combe,
1180 1344 1318 1376 Wakef.
1334 1346 1479 1376 Wetzel.
1492 1346 1602 1378 Zeun.

150 1388 232 1428 Fen,
252 1388 376 1424 Bothe,
391 1389 514 1427 Jaeck,
529 1387 636 1420 Kidd.
648 1393 683 1419 et
704 1388 855 1428 Doering.
888 1396 1043 1428 senesque,
1059 1391 1088 1418 et
1105 1386 1241 1418 Wakef.
1258 1386 1301 1418 ad
1318 1392 1466 1419 mentem
1482 1387 1600 1419 Mark-

147 1430 262 1470 landi3
289 1430 379 1472 quod
411 1440 538 1468 versus,
563 1430 620 1471 qui
645 1430 810 1470 sequitur,
840 1429 1020 1461 manifesta
1050 1430 1095 1461 sit
1125 1428 1332 1469 periphrasis
1363 1439 1425 1470 pro
1448 1431 1457 1447 ‘
1477 1429 1600 1469 pueri!

147 1472 157 1489 ‘
174 1472 243 1506 Sed
269 1473 396 1504 rectius
424 1475 566 1504 annotat
591 1471 776 1511 Gesnerus,
801 1471 997 1511 Horatium,
1018 1472 1081 1503 hoc
1106 1481 1217 1510 versu,
1241 1480 1341 1512 quem
1358 1471 1431 1511 jam
1453 1470 1600 1504 dederat

146 1523 173 1546 1.
198 1515 269 1547 Sat.
284 1518 316 1546 6.
331 1517 384 1547 74.
405 1515 459 1547 hic
482 1514 632 1555 satyrice
655 1514 716 1553 uti,
737 1519 774 1544 ut
799 1513 939 1553 indicet,
966 1523 1064 1544 senes
1090 1514 1194 1544 etiam
1222 1517 1294 1544 tota
1315 1513 1371 1544 die
1395 1514 1516 1554 puerili
1540 1513 1600 1545 illa.

145 1557 390 1590 exercitatione
406 1556 638 1598 computandi,
662 1565 832 1595 numeros,
855 1560 958 1597 atque
981 1566 1051 1587 aera
1073 1565 1207 1587 suarum
1232 1555 1400 1586 rationum
1417 1556 1599 1596 tractandi,

145 1605 330 1641 occupatos
346 1609 431 1631 esse.
481 1600 533 1630 lta
558 1599 613 1630 hic
640 1608 769 1638 versus,
794 1598 851 1639 qui
873 1598 1042 1629 insiticius
1071 1598 1180 1629 videri
1202 1602 1352 1638 poterat,
1375 1604 1411 1629 et
1433 1598 1521 1629 visus
1545 1603 1599 1629 est

147 1641 370 1683 euningamio
402 1647 438 1674 et
460 1641 640 1680 Wetzelio,
662 1641 806 1681 gratiam
833 1645 869 1671 et
896 1645 1109 1672 venustatem
1138 1639 1244 1671 addet
1272 1639 1441 1670 orationi!
1475 1640 1599 1671 Fen.—

145 1685 199 1714 ⁵7.
222 1687 264 1715 68
287 1684 325 1714 Si
339 1683 588 1724 quadringentis,
612 1684 666 1723 ξε.
712 1684 774 1713 Est
795 1683 930 1721 unimus,
950 1685 1004 1722 ᾃτ.
1029 1687 1080 1713 est
1095 1682 1179 1713 ordo
1194 1682 1228 1712 iu
1248 1681 1398 1722 plurimis
1420 1681 1520 1712 codd.
1540 1691 1597 1722 ap.

146 1725 270 1765 Feam3
294 1730 331 1757 et
356 1727 406 1757 sie
432 1726 488 1757 alii
514 1726 599 1756 Mas.
625 1725 715 1765 apud
737 1725 851 1756 Pulm.
878 1725 992 1756 Bentl.
1018 1723 1100 1755 edit.
1125 1724 1242 1755 Princ.
1259 1724 1374 1755 Veun.
1390 1725 1486 1754 1479.
1503 1725 1599 1754 1481.

132 1769 241 1800 ,uss-
260 1770 352 1800 1490.
370 1770 464 1800 1495.
499 1768 591 1799 Flor.
617 1769 712 1798 1482.
749 1767 840 1806 Lips.
862 1768 958 1797 1499.
991 1766 1100 1798 Aldus
1117 1769 1212 1798 1501.
1236 1765 1343 1798 Junta
1361 1768 1455 1796 1503.
1478 1765 1597 1798 Basili.

145 1811 352 1842 15221531.
370 1813 466 1842 1580.
499 1810 592 1841 Frib.
608 1811 704 1840 1536.
740 1809 857 1840 Lamb.
884 1809 1014 1840 Muret.
1037 1808 1182 1850 aliaeque
1209 1817 1314 1849 usque
1334 1807 1377 1839 ad
1399 1807 1515 1839 Bentl.
1539 1808 1598 1849 qui

144 1851 298 1890 praetulit
313 1852 496 1883 lectionem
514 1853 655 1882 aliorum
672 1851 753 1881 Mss.
770 1850 860 1891 apud
882 1851 977 1890 alios,
999 1851 1122 1891 quibus
1139 1850 1193 1881 alii
1210 1859 1264 1889 ap.
1283 1851 1384 1881 Feam
1400 1850 1597 1889 concinunt,

167 1893 200 1924 ui
226 1892 354 1925 habent
371 1893 434 1924 Sed
447 1893 704 1934 quadringentis:
727 1897 763 1923 et
779 1902 910 1923 versum
933 1896 1142 1933 postponunt
1163 1893 1329 1932 sequenti.
1373 1891 1597 1931 Adoptarunt

142 1902 229 1967 2:⁰1„
251 1935 332 1967 San.
359 1935 448 1967 Phil.
467 1935 620 1975 Sandby,
639 1935 717 1965 Val.
731 1934 876 1965 Wetzel.
901 1939 936 1964 et
959 1934 1065 1965 Zeun.
1110 1934 1151 1964 In
1179 1933 1312 1965 duobus
1331 1934 1430 1964 Vatt.
1453 1933 1597 1965 habetur

142 1977 240 2013 ordo.
261 1978 321 2009 Eat
334 1979 474 2009 animus.
486 2000 494 2009 .
506 1976 558 2008 ,δι’
581 1975 836 2018 quadringentis,
853 1980 891 2007 ut
909 1976 941 2006 in
958 1976 1024 2006 alio
1040 1976 1108 2006 Ms.
1126 1985 1224 2015 quem
1242 1976 1397 2016 seqnitur
1413 1975 1596 2016 Cruquius.

142 2019 153 2036 ⁴
170 2018 319 2050 Primam
335 2019 516 2050 lectionem
533 2019 677 2058 retineo,
692 2019 771 2059 quia
787 2019 909 2058 plana3
933 2022 968 2049 et
983 2018 1200 2048 adversativa
1215 2018 1269 2048 sed
1286 2017 1394 2048 minus
1411 2016 1499 2048 bene
1516 2027 1596 2048 con-

143 2065 242 2092 sonat
257 2061 413 2102 sequenti
428 2064 473 2092 ot.
518 2061 638 2091 Sermo
659 2065 711 2091 est
726 2060 806 2091 Jani
831 2060 1006 2091 incitantis
1024 2059 1065 2090 ad
1082 2059 1300 2100 quaerendam
1318 2059 1496 2098 pecuniam
1513 2064 1597 2092 ante

145 2102 333 2134 virtutem!
356 2102 431 2133 Fea.
474 2105 520 2133 eat
535 2102 644 2140 lingua
669 2111 754 2132 unus
780 2102 889 2132 codex
916 2111 972 2140 ap.
998 2102 1114 2132 Lamb.
1131 2102 1212 2133 alius
1230 2111 1286 2139 ap.
1309 2101 1420 2132 Pulm.
1436 2102 1521 2132 alius
1537 2111 1593 2142 ap.

141 2145 260 2176 Bentl.
285 2144 492 2183 adoptarunt
520 2143 663 2175 Chabot.
689 2143 804 2174 Bentl.
832 2142 977 2183 Cuning.
1002 2143 1128 2174 Sanad.
1152 2143 1304 2180 Francis,
1332 2143 1421 2174 Phil.
1442 2142 1593 2184 Sancum,

145 2187 289 2218 Wetzel.
306 2186 413 2218 Zeun.
427 2190 463 2217 et
477 2185 584 2216 Kidd.
628 2185 724 2223 Mox,
746 2184 861 2215 desinit
881 2191 1027 2224 quatuor
1043 2186 1138 2216 Vatt.
1156 2190 1191 2215 et
1208 2185 1263 2214 alii
1287 2184 1389 2215 codd.
1406 2194 1461 2225 ap.
1476 2185 1592 2216 Bentl.

144 2229 200 2268 qui
225 2229 356 2269 recepit
378 2228 412 2258 in
437 2232 590 2266 textum3
612 2227 691 2258 inde
708 2226 851 2266 Cuning.
868 2226 992 2257 Sanad.
1009 2227 1162 2266 Francis,
1180 2227 1266 2257 Phil.
1281 2226 1432 2267 Sandby‚
1446 2227 1592 2259 Wetzel.

144 2269 254 2303 zeun.
271 2275 307 2303 et
323 2270 429 2303 Kidd.
452 2271 562 2301 desunt
585 2270 620 2301 iu
650 2269 773 2301 ceteris
801 2268 901 2300 codd.
929 2274 964 2300 et
991 2268 1156 2300 edd-59
1181 2270 1224 2300 Et
1243 2269 1334 2310 pueri
1350 2269 1428 2301 Vat.
1444 2269 1541 2301 Rom.
1558 2273 1590 2301 7.

798 2353 937 2386 NOTAE

185 2423 227 2453 66
248 2421 342 2452 Loew
355 2420 506 2462 suspensi,
525 2421 595 2462 ξω]
627 2420 729 2452 Hunc
755 2427 837 2449 eun-

143 2470 222 2502 dem
231 2479 364 2502 versum
374 2471 551 2512 anteajam
563 2472 709 2511 positum
722 2469 836 2508 expla-

143 2519 233 2558 navi,
248 2527 273 2550 1.
291 2519 361 2551 Sat.
376 2523 406 2552 6.
418 2523 470 2552 74.
515 2521 655 2560 Lot-ulos,
668 2519 709 2551 ad
726 2518 836 2550 foenus

145 2568 387 2609 reponendum,
418 2571 470 2601 vel
493 2570 526 2601 in
561 2571 684 2611 quibus
714 2569 836 2601 calculi

146 2618 187 2649 ad
204 2619 464 2650 numerandum:
490 2620 638 2659 tabulam,
650 2620 703 2651 vel
719 2620 752 2650 iu
771 2627 836 2659 qua

145 2667 334 2698 debitorum
369 2669 502 2699 nomina
539 2669 710 2710 descripta
747 2674 837 2708 sunt,

146 2718 199 2748 vel
225 2726 328 2757 super
350 2727 449 2758 quam
475 2719 593 2758 positis
613 2720 751 2752 calculis
777 2724 836 2751 aut

144 2765 291 2798 numeris
307 2771 523 2806 supputatur.

187 2817 229 2847 58
252 2813 314 2847 Sed
335 2814 405 2856 [Si]
423 2817 672 2860 quadringentis]
693 2819 834 2860 simple,

893 2417 1038 2449 millibus
1068 2418 1281 2458 sestertium
1318 2419 1374 2459 qui
1397 2427 1518 2449 census
1545 2418 1589 2449 E-

891 2469 1034 2508 questris
1050 2474 1122 2500 est:
1149 2473 1187 2499 ut
1202 2468 1281 2499 alibi
1300 2467 1471 2498 annotavi.
1505 2468 1589 2500 Qui-

890 2517 966 2549 dam
998 2520 1129 2558 legunt‚
1151 2518 1213 2549 Sed
1249 2517 1498 2558 quadringentis,
1534 2519 1588 2558 ᾁτ.

891 2571 928 2598 ut
944 2568 991 2598 sic
1010 2569 1168 2608 loquatur
1184 2576 1303 2597 avarus
1324 2566 1414 2596 idem
1431 2570 1467 2597 et
1483 2566 1588 2597 ambi-

890 2617 1020 2648 tiosus:
1045 2616 1173 2650 Quidni
1196 2625 1276 2656 opes
1299 2624 1491 2656 congeram,
1507 2621 1546 2648 ut
1567 2627 1588 2648 a

890 2665 990 2706 plebe
1007 2675 1060 2697 me
1077 2669 1310 2706 segregem,et
1326 2664 1368 2696 ad
1385 2665 1586 2707 Equestrem

889 2727 1040 2759 censum,
1059 2717 1225 2757 ordinem,
1239 2717 1512 2759 dignitatemque
1536 2727 1586 2749 as-

889 2769 1049 2809 surgam?
1086 2769 1131 2799 At
1146 2768 1237 2809 prior
1250 2769 1354 2801 lectio
1370 2772 1404 2800 et
1418 2768 1586 2810 iuterpre-

889 2820 973 2850 tatio
984 2812 1209 2860 praefereuda.
