1904 3256
333 269 418 311 632
485 316 487 318 v
794 286 840 322 Q.
871 283 1075 314 HoRATu
1111 283 1282 312 FLAcm

552 374 616 414 Te
635 387 716 415 non
738 376 932 427 paventis
951 375 1098 414 funera
1113 373 1271 415 Galliae

557 438 778 491 Duraeque
799 439 926 479 tellus
947 440 1066 479 audit
1084 439 1262 481 Iberiae:

608 503 672 543 Te
692 504 813 544 caede
832 504 1065 556 gaudentes
1085 505 1308 558 Sygambri

667 568 935 622 Compositis
955 575 1207 611 venerantur
1227 572 1367 612 armis.

329 684 407 714 Ιιαιαὶ
423 683 569 723 timentis,
582 690 672 726 atque
689 687 845 727 Hispania
858 687 954 724 ferox
975 690 1147 719 veneratur.
1193 688 1260 719 Tibi
1281 689 1413 720 crudeles
1427 686 1590 730 Sygambri
1612 685 1743 717 conditis

327 726 421 756 armis
434 725 651 766 obtemperant.

927 789 1159 801 OOOOOmmO

327 848 370 879 ad
387 859 434 881 vs·
449 853 585 883 26.-49
608 851 754 883 Bentleii
770 851 913 883 Cantab.
936 856 971 882 et
994 851 1076 882 alius
1093 851 1272 890 recentior,
1286 852 1365 883 item
1381 851 1493 883 Acron
1508 851 1575 882 Ms.
1586 859 1642 890 ap.
1660 858 1740 880 eun-

326 889 415 930 dem,
430 897 465 922 et
483 893 572 933 Lips.
588 896 618 924 1.
640 897 793 933 paventes.
827 892 930 933 Atqui
946 893 995 924 ita
1011 892 1148 924 edidere
1163 894 1273 925 Bentl.
1287 894 1431 934 Cuning.
1443 891 1575 924 Wakef.
1588 897 1622 922 et
1635 891 1740 938 Kidd.

327 939 403 1002 nvait?
423 934 547 1004 {saepius
572 934 639 965 dici
662 933 835 1006 :iGalligs'
863 934 984 1005 pllurali
1008 939 1242 1006 ἲιιὶῐςηιετοὶ-Ἶόο
1263 935 1377 1006 Blentl5
1398 940 1432 966 et
1457 933 1560 1006 {Kidtm
1585 932 1741 1005 kfsibeffi:

326 976 1610 1064 bri6''targolffietaaedri-(gegtgffiugggorp'zi-3132§Retia-egtcuoagncggpakh
1633 982 1741 1061 ’.Ιξῖἰάἐ

327 1053 407 1086 Var.
424 1057 533 1087 Lectt.
549 1058 589 1088 ad
607 1066 658 1088 iv.
673 1057 741 1088 Od.
754 1060 786 1088 2.
801 1060 853 1089 36.
874 1062 909 1089 et
924 1058 966 1088 ad
984 1058 1140 1098 Propert.
1153 1067 1202 1089 ιν.
1217 1061 1248 1089 6.
1263 1061 1397 1090 77.-52
1421 1057 1578 1098 Depo-situ
1594 1067 1626 1087 υ.
1644 1064 1740 1086 armis

326 1096 415 1135 conj.
433 1098 575 1138 Cuning.
609 1099 687 1129 Cum
704 1099 816 1145 positis
837 1108 904 1130 var.
921 1099 999 1130 lect.
1015 1109 1068 1139 ap.
1082 1099 1196 1131 Jones.

965 1191 1103 1222 NOTAE

325 1249 407 1279 daeae
437 1249 557 1290 Ioppe,
586 1250 734 1281 ostendit
761 1252 852 1282 inter
880 1231 1028 1292 reliquax
1061 1261 1130 1292 prae
1158 1251 1336 1284 ferocitate
1363 1257 1504 1284 mortem
1540 1251 1743 1292 spernebant

323 1298 484 1330 miracula
504 1299 539 1330 in
561 1299 736 1331 AEdilitate
759 1309 819 1331 sua
841 1300 892 1332 M.
906 1300 1009 1332 Scau-

323 1355 389 1383 rus,
406 1347 614 1387 longitudine
637 1348 759 1388 pedum
775 1349 1009 1389 quadraginta,

322 1394 499 1426 altitudine
514 1400 680 1428 costarum
702 1396 836 1428 Indicos
851 1398 1007 1437 elephan-

322 1446 374 1473 tos
406 1443 607 1484 excedente,
642 1444 746 1485 spinae
786 1445 1009 1477 crassitudine

321 1491 571 1531 sesquipedali!

362 1541 404 1569 48
426 1539 607 1580 Britannis]
633 1540 684 1571 De
707 1539 848 1581 adjectis
864 1540 1009 1582 Augusti

321 1586 470 1626 Imperio
481 1588 574 1619 hisce
590 1589 733 1628 populis,
744 1589 814 1620 dixi
830 1598 886 1620 ιιι.
899 1589 966 1622 Od.
978 1593 1009 1620 5.

320 1637 352 1665 3.
374 1636 452 1667 Jam
465 1637 523 1676 qui
537 1637 604 1667 sint
621 1637 670 1667 illi
685 1637 875 1668 dicendum.
897 1638 1011 1669 Insula

319 1689 373 1714 est
395 1684 428 1714 in
447 1685 586 1716 Oceano
606 1685 881 1725 septemtrionali
902 1687 1006 1717 maxi-

319 1742 386 1772 ma,
398 1733 477 1764 olim
491 1733 615 1765 Albion
631 1733 737 1774 dicta,
752 1735 872 1766 Galliae
887 1735 1006 1767 obver-

320 1792 369 1821 sa,
384 1783 557 1814 Britannis
575 1783 704 1823 pridem
725 1784 888 1816 habitata.
934 1785 1006 1816 Hos

318 1831 416 1862 avitis
433 1830 568 1862 sedibus
584 1832 785 1871 expulerunt
801 1832 902 1872 Angli
918 1833 1004 1864 Ger-

317 1879 449 1910 manica
471 1879 576 1917 natio,
600 1879 693 1910 circa
721 1888 843 1910 annum
878 1880 1005 1912 Christi

317 1930 392 1958 441.
425 1927 466 1958 In
481 1927 700 1959 cismarinam
716 1937 816 1967 porro
831 1928 1003 1969 migranti-

319 1976 381 2007 bus
406 1975 472 2007 illis
498 1976 682 2017 regionem,
704 1986 779 2017 quae
805 1977 896 2019 prius
919 1978 1002 2010 Are-

318 2025 445 2057 morica
465 2025 654 2066 dicebatur,
677 2027 798 2058 exinde
825 2027 1002 2059 Britannia

319 2074 433 2105 Minor
449 2078 579 2114 vocata,
593 2078 628 2106 et
648 2083 733 2106 nunc
749 2084 826 2115 pars
842 2081 894 2108 est
909 2077 1002 2117 regui

319 2122 532 2154 Francorum.

357 2174 400 2204 49
415 2172 485 2204 Non
498 2172 637 2213 paventis
640 2172 756 2215 funera
768 2172 896 2214 Gallia]
911 2173 1001 2206 Galli

1061 1300 1145 1332 adeo
1166 1306 1216 1339 ut,
1242 1301 1415 1332 imminens
1439 1300 1640 1342 evidensque
1664 1300 1742 1332 vitae

1060 1349 1243 1390 periculum
1255 1350 1423 1380 declinare
1438 1359 1512 1381 cum
1525 1353 1672 1390 possent,
1682 1349 1742 1380 mi-

1058 1396 1147 1427 nime
1168 1402 1281 1427 tamen
1303 1395 1444 1428 vellent}
1467 1396 1554 1428 forte
1568 1396 1657 1438 quod
1673 1406 1742 1428 me-

1059 1445 1306 1486 tempsychosin
1321 1455 1340 1476 a
1358 1446 1492 1477 Druidis
1514 1445 1625 1477 edocti
1649 1445 1746 1486 spem

1056 1494 1279 1525 reviviscendi
1309 1496 1536 1536 conciperent.
1591 1494 1681 1530 Hinc
1705 1499 1741 1526 et

1057 1545 1206 1575 coronati
1222 1544 1430 1584 pugnabant.
1458 1544 1565 1576 'Pestis
1580 1544 1740 1584 AElianus,

1058 1593 1136 1624 Var.
1153 1593 1242 1624 Hist.
1260 1602 1327 1624 xu.
1341 1595 1393 1624 18.
1426 1593 1540 1624 Caesnr
1554 1593 1740 1626 Bell-Gall.

1058 1649 1106 1672 vi.
1124 1644 1174 1672 13.
1199 1640 1263 1672 ‘In
1286 1642 1400 1681 primis
1425 1640 1575 1672 Druides
1600 1640 1663 1673 hoc
1684 1651 1740 1673 vo-

1058 1690 1131 1722 lunt
1143 1690 1357 1731 persuadere,
1371 1699 1436 1721 non
1450 1690 1588 1722 interire
1603 1690 1740 1730 animas,

1058 1738 1117 1770 sed
1139 1739 1180 1771 ab
1197 1739 1268 1770 aliis
1283 1743 1360 1779 post
1380 1742 1520 1770 mortem
1535 1738 1680 1770 transire
1696 1738 1739 1771 ad

1059 1787 1162 1826 alios;
1177 1793 1280 1828 atque
1294 1788 1356 1818 hoc
1370 1787 1512 1818 maxime
1526 1787 1569 1818 ad
1582 1787 1740 1820 virtutem

1059 1835 1199 1866 excitari
1219 1840 1352 1875 putant,
1368 1840 1460 1868 metu
1476 1836 1593 1868 mortis
1608 1837 1739 1877 neglec-

1058 1882 1118 1922 to‚’
1133 1884 1198 1913 &c.

1098 1933 1140 1961 50
1162 1931 1260 1961 Dura:
1275 1932 1364 1963 tellus
1385 1932 1510 1974 Iberia]
1535 1929 1676 1974 Hispani
1692 1934 1738 1965 la-

1056 1980 1136 2012 bore
1152 1986 1187 2012 et
1202 1981 1320 2013 militia
1335 1981 1494 2014 indurati.
1529 1982 1616 2014 Vide
1638 1992 1738 2024 supra

1059 2029 1138 2060 Not.
1154 2029 1248 2070 hujus
1262 2030 1336 2061 libri
1353 2031 1420 2063 od.
1438 2041 1473 2063 v.
1488 2034 1540 2063 28.

1095 2081 1135 2109 51
1151 2078 1330 2120 Sygambri]
1351 2079 1471 2121 Supra,
1485 2080 1583 2120 hujus
1597 2080 1654 2112 lib.
1671 2080 1737 2114 Od.

1055 2136 1096 2158 ιι.
1111 2130 1163 2160 36.
1179 2128 1261 2159 Not.
1326 2138 1333 2144 ’

895 2311 1022 2353 ODE
1053 2312 1163 2353 XV.

801 2409 1012 2440 Aucus'm
1046 2411 1256 2441 LAUDES.

316 2481 475 2512 Extrema
489 2481 552 2513 hac
567 2482 644 2515 Ode
665 2482 780 2516 civiles
795 2483 935 2526 Augusti
955 2486 1071 2517 laudes
1087 2495 1146 2526 per
1162 2486 1275 2526 capita
1298 2490 1399 2527 atque
1420 2487 1607 2519 summatim
1623 2488 1733 2520 dictu-

358 2542 426 2572 rus,
440 2533 538 2575 fingit
552 2543 588 2566 se
601 2534 645 2565 ab
660 2534 818 2575 Apolline
832 2535 975 2578 Augusti
992 2538 1125 2569 numine
1149 2537 1365 2577 admonitum,
1381 2548 1423 2569 ne
1440 2540 1578 2580 amplius
1596 2549 1647 2571 res
1665 2541 1735 2572 bel-

358 2583 437 2615 licas
451 2586 525 2626 lyra
541 2595 602 2617 sua
615 2590 762 2618 tractare
774 2587 869 2619 velit.

539 2648 753 2691 PHOEBUS
773 2650 984 2692 volentem
1005 2652 1159 2705 praelia
1177 2665 1245 2694 me
1265 2653 1380 2706 loqui

357 2744 559 2776 Meditantem
574 2755 620 2777 me
632 2756 741 2778 canere
755 2749 922 2780 certamina
935 2751 964 2780 et
976 2749 1064 2781 urbes
1084 2753 1274 2790 expugnatas
1288 2750 1395 2791 Apollo
1409 2751 1530 2783 cithara
1544 2750 1731 2792 objurgavit,
