1936 3236
606 314 880 345 cAssuiuuM
916 313 1010 343 mn.
1044 313 1112 344 ιν.
1142 302 1184 344 2.

1539 300 1624 342 557

395 422 480 463 que
501 420 659 450 aureos
681 408 830 450 educit
848 407 891 448 in
910 411 1042 456 astra,
1063 407 1206 460 nigro-

738 487 826 528 que
845 474 1012 515 invidet
1032 472 1162 515 Orco.

394 542 542 584 Multa
562 543 791 584 Dircaeum
810 543 931 583 levat
951 554 1058 582 aura
1077 554 1279 595 cycnum,

394 608 570 658 Tendit,
592 607 775 658 Antoni,
797 609 970 662 quoties
989 607 1034 648 in
1053 607 1168 648 altos

394 676 590 718 Nubium
613 680 804 718 tractus:
836 689 935 728 ego,
957 675 1056 728 apis
1077 673 1264 716 Matinae

740 741 868 783 More
890 740 1116 794 modoque

393 809 535 851 Grata
556 809 780 864 carpentis
800 809 950 862 thyma
970 819 1049 861 per
1064 808 1259 849 laborem

392 877 654 926 Plurimum,
676 877 796 918 circa
814 888 967 917 nemus
988 874 1201 928 uvidique

1570 875 1626 916 30

393 943 574 986 Tiburis
594 945 713 999 ripas
732 956 921 998 operosa
941 954 1104 996 parvus

735 1004 946 1052 Carmina
965 1009 1096 1063 fingo.

170 1153 207 1175 oc
225 1143 318 1176 bonos
331 1152 432 1175 mores
446 1143 572 1175 extollit
584 1153 679 1184 usque
693 1145 735 1175 ad
745 1143 865 1180 caelum,
878 1143 1019 1182 atrisque
1030 1141 1147 1181 Inferis
1161 1141 1286 1172 eximit.
1334 1141 1364 1172 Ο
1380 1140 1512 1180 Antoni,
1527 1139 1629 1179 sortis

168 1187 290 1219 votam
303 1185 398 1227 effert
413 1195 542 1228 cycnum
559 1186 752 1224 Thebanum,
776 1185 1022 1226 quotiescumque
1044 1184 1183 1224 assurgit
1200 1184 1234 1215 in
1246 1193 1375 1224 superos
1387 1183 1456 1215 coeli
1476 1184 1628 1222 regiones.

171 1228 244 1268 Ego
256 1229 401 1269 exiguus,
417 1230 499 1260 velut
513 1229 582 1269 opis
595 1229 704 1270 thyma
723 1229 828 1259 dulcia
843 1228 875 1259 in
891 1228 1020 1258 Matina
1034 1230 1137 1258 monte
1150 1227 1288 1257 maxima
1309 1227 1474 1258 sedulitate
1495 1225 1629 1264 colligit,

172 1271 218 1303 tic
230 1271 353 1311 ingenti
368 1270 470 1302 labore
493 1272 590 1301 condo
609 1279 728 1306 versus,
747 1279 844 1311 prope
859 1271 962 1310 sylvas
977 1273 1007 1300 et
1022 1269 1132 1307 fontes
1149 1269 1276 1299 Tiburis
1290 1269 1423 1300 humidi.
1468 1269 1528 1309 Tu,
1544 1271 1630 1299 vates

773 1361 1014 1374 oeeoaeeoeeeeo

169 1426 212 1458 ad
235 1435 284 1458 vs.
301 1427 417 1457 1.-23
441 1424 563 1456 Aureos
574 1423 700 1454 deducit
717 1422 869 1454 nonnulli
898 1422 1013 1453 Lamb.
1030 1422 1213 1454 Pulmanni
1230 1424 1363 1455 Diestli.
1388 1424 1525 1465 aliique,
1545 1424 1628 1456 item

166 1468 283 1501 Basill.
309 1467 439 1499 Μαι-εί.
455 1467 558 1499 Fabr.
572 1466 692 1506 Steph.
709 1465 817 1505 Rutg.
841 1465 924 1496 Fab.
940 1470 974 1495 et
993 1466 1117 1497 Dacer.
1163 1466 1234 1497 Diu
1255 1465 1323 1497 fuit
1347 1466 1488 1506 vulgata
1510 1467 1627 1499 lectio.

169 1510 304 1547 reducit,
319 1520 347 1541 s.
362 1509 506 1542 redducit
530 1509 644 1550 plures
660 1509 817 1540 Torrent.
865 1507 918 1538 cui
936 1506 1068 1548 placet)
1086 1509 1237 1540 nonnulli
1259 1509 1363 1550 Cruq.
1379 1509 1494 1541 Pulm.
1511 1509 1626 1541 Hunn.

166 1553 347 1586 Gemblae.
364 1555 394 1583 1.
406 1556 443 1584 et
460 1551 587 1583 Beller.
604 1561 688 1583 unns
704 1552 837 1582 Bersm.
882 1551 999 1581 entleii
1015 1551 1111 1582 Leid.
1127 1556 1162 1582 et
1179 1551 1301 1593 Regin.
1319 1563 1338 1583 a
1354 1561 1397 1583 m.
1414 1561 1467 1592 pr.
1484 1552 1629 1594 Franeq.

166 1595 276 1637 Lipss.
291 1594 440 1627 Helmst.
457 1594 582 1626 venet.
598 1596 694 1626 1492.
712 1593 854 1625 Loclier.
869 1592 1010 1624 Ast-ens.
1032 1593 1135 1625 educit
1152 1594 1304 1635 plerique
1322 1595 1440 1626 Lamb.
1454 1594 1631 1636 antiquiss.

164 1637 290 1670 Bland.
307 1637 413 1679 Cruq.
441 1641 513 1668 tres
536 1637 694 1668 'Pori-ent.
721 1636 835 1668 Pulm.
862 1635 1043 1667 Gemblac.
1060 1639 1091 1667 2.
1117 1637 1184 1667 duo
1211 1637 1342 1669 Ber-sm.
1372 1637 1488 1668 Bentl.
1512 1637 1629 1669 Gr-aev.

166 1681 315 1714 Mentel.
340 1680 428 1712 Aut.
455 1679 554 1711 Dess-
571 1683 600 1711 2.
622 1680 748 1711 Venet.
766 1680 862 1711 1478.
885 1679 1000 1710 Lamb.
1025 1679 1129 1720 Cruq.
1143 1679 1244 1711 Torr.
1269 1679 1389 1711 Heius.
1410 1680 1526 1711 Bentl.
1543 1679 1630 1711 Cun‘.

167 1723 248 1755 San.
277 1727 312 1754 et
341 1726 488 1755 reeentt.
534 1722 619 1754 Mox
646 1723 749 1762 nigro,
774 1721 898 1753 omisso
926 1731 998 1761 que,
1024 1731 1111 1752 unus
1133 1722 1265 1753 Bersm.
1310 1722 1400 1753 Vide
1424 1722 1466 1753 ad
1491 1732 1537 1752 vs.
1557 1725 1630 1753 l.—

166 1768 210 1798 26
232 1765 348 1797 Bentl.
365 1765 516 1806 quotiens,
531 1766 671 1807 antiqua
686 1765 954 1804 scriptura-29
974 1764 983 1781 ⁴
1003 1763 1090 1794 Post
1105 1764 1238 1795 laborem
1253 1773 1383 1795 comma
1401 1765 1497 1804 ponit
1512 1765 1629 1795 Bentl.

167 1806 382 1849 utjungatur
399 1817 448 1840 vs.
461 1810 516 1839 30.
536 1807 706 1847 plurimum
717 1807 800 1837 circa
816 1815 930 1836 nemus.
948 1805 1237 1847 quemadmodum
1252 1807 1262 1823 ‘
1276 1807 1374 1846 plura
1390 1805 1510 1847 sylva,'
1525 1806 1630 1837 Ovid.

166 1849 255 1882 Met.
272 1858 353 1882 xlv.
369 1853 445 1882 361.
493 1850 558 1880 Per
571 1849 703 1881 laborem
723 1849 772 1879 ait
790 1858 864 1879 esse
888 1857 961 1888 pro,
986 1847 1168 1885 laboriose,
1195 1848 1245 1879 uti
1270 1849 1407 1879 dicatur
1428 1850 1437 1866 ⁸
1453 1858 1515 1888 per
1538 1848 1629 1888 vim,'

166 1891 178 1910 ‘
195 1901 259 1933 per
276 1891 420 1933 jocum:
443 1893 506 1923 &c.
553 1892 620 1923 Sed
637 1896 734 1922 recte
752 1890 924 1931 jungitur,
943 1899 1001 1930 per
1024 1889 1158 1920 laborem
1174 1890 1353 1921 Plurimum
1361 1901 1372 1926 ;
1396 1900 1471 1921 nam
1492 1900 1510 1921 e
1527 1900 1630 1921 sensu

167 1934 276 1976 lyrico
292 1944 350 1976 per
361 1935 498 1966 laborem
521 1943 587 1966 non
615 1938 731 1974 potest
754 1933 787 1964 h.
803 1933 827 1964 l.
845 1942 921 1964 esse
937 1932 1010 1964 sine
1026 1932 1195 1973 epitheto,
1219 1934 1336 1964 nemori
1360 1933 1451 1965 idem
1473 1933 1629 1965 additum

825 2028 966 2060 NOTAE

209 2109 252 2139 24
275 2106 400 2138 Invidet
424 2105 525 2146 Orco]
549 2104 724 2136 Oblivioni
751 2103 869 2145 praeri-

166 2155 232 2197 pit,
247 2154 431 2187 immortali
446 2155 618 2186 memoriae
637 2158 826 2185 consecrat.

209 2207 252 2237 25
274 2205 382 2237 Multo
406 2205 570 2236 Dircoeum
595 2204 677 2235 levat
698 2212 777 2235 aura
799 2213 868 2244 cyc-

167 2255 258 2297 num]
295 2253 481 2286 Pindarum
516 2254 587 2284 alte
623 2253 795 2284 volantem
834 2257 870 2283 et

168 2314 272 2337 suave
300 2309 482 2336 canentem
511 2303 618 2335 instar
648 2302 749 2343 cycni
778 2302 869 2334 idem

168 2363 303 2397 semper
318 2355 430 2395 vigor,
447 2353 565 2386 eadem
583 2353 633 2385 vis
657 2353 813 2385 sublevat
834 2355 870 2384 et

167 2404 326 2437 sustinet.

213 2453 369 2497 Cycnum]
390 2453 480 2485 Vide
497 2462 538 2485 ιι.
556 2452 625 2485 Od.
637 2455 690 2485 20.
740 2471 745 2481 .

211 2505 387 2546 Dircaeum]
403 2504 507 2536 Dirce
521 2503 597 2536 fons
613 2503 773 2545 Boeotiae,
786 2503 868 2535 item

167 2554 291 2588 fluvius
312 2555 447 2587 Thebas
472 2555 602 2586 alluens
625 2555 660 2586 in
684 2554 867 2586 Ismenium

169 2605 373 2638 devolvitur.
386 2604 523 2645 Strabo,
538 2607 603 2637 ὅτε.
626 2604 719 2636 Hinc
733 2604 868 2637 Dircae-

170 2662 211 2688 us
222 2665 286 2698 pro
298 2656 471 2688 Thebano.

211 2707 256 2738 ²ss
276 2706 412 2748 Antoni]
441 2705 535 2739 Iulus
558 2707 612 2739 hic
633 2705 803 2739 Antonius
818 2704 870 2736 M.

173 2752 315 2787 Antonii
338 2757 522 2789 Triumviri
544 2767 586 2789 ac
616 2757 747 2789 Fulviae
769 2756 872 2796 filius,

173 2808 254 2844 post
283 2812 406 2836 caesum
439 2808 698 2849 extinctumque
725 2811 871 2848 patrem,

174 2853 320 2895 Augusti
344 2856 487 2894 gratiam
513 2863 634 2890 nactus
666 2857 740 2899 ejus
767 2857 870 2888 etiam

922 2107 1061 2144 neptem
1072 2103 1181 2135 duxit.
1207 2103 1322 2134 Romae
1334 2103 1543 2135 consulatum
1555 2114 1629 2145 ges·

923 2153 969 2185 sit
982 2163 1069 2185 anno
1082 2154 1186 2186 Urbis
1200 2153 1347 2185 conditae
1360 2155 1435 2186 743.
1446 2163 1524 2184 cum
1537 2154 1629 2185 Pau-

923 2205 956 2235 lo
972 2204 1138 2243 Maximo,
1153 2204 1207 2236 cui
1222 2203 1314 2245 prior
1327 2203 1404 2234 Ode
1416 2208 1470 2235 est
1487 2205 1627 2244 scripta.

923 2254 994 2285 Dio
1009 2254 1067 2286 lib.
1083 2263 1132 2285 m.

966 2306 1008 2336 27
1047 2305 1128 2345 Ego,
1155 2304 1224 2345 apis
1253 2303 1393 2335 Matinae
1421 2304 1527 2343 More,
1558 2304 1628 2344 lisa]

924 2355 997 2395 Ego
1013 2355 1180 2386 Horatius
1205 2364 1270 2386 non
1286 2355 1335 2385 ita
1351 2355 1441 2386 celsa
1458 2358 1552 2395 peto,
1568 2354 1628 2384 sed

924 2406 1020 2437 velut
1049 2406 1123 2447 apis
1153 2404 1315 2436 inferiora
1345 2405 1565 2442 circumvola,
1592 2407 1628 2434 et

922 2455 1024 2488 flores
1038 2456 1183 2488 humiles
1199 2466 1316 2496 carpo.
1352 2455 1505 2486 Matinns
1530 2454 1627 2485 Cala·

924 2506 1008 2538 briae
1020 2516 1116 2538 mons
1133 2507 1249 2548 thymo
1262 2505 1427 2545 abundat,
1441 2515 1459 2535 e
1476 2513 1542 2544 quo
1560 2503 1627 2534 mel

923 2557 1088 2596 optimum
1105 2566 1187 2597 apes
1204 2555 1401 2588 conficiunt.
1426 2555 1509 2584 Eam
1526 2562 1626 2593 porro

923 2610 1090 2638 memorat
1118 2605 1286 2637 Horatius
1316 2604 1501 2645 regionem,
1533 2601 1625 2643 quod

923 2666 989 2687 non
1034 2657 1134 2697 longe
1168 2656 1210 2686 ab
1248 2663 1289 2686 ea
1325 2659 1438 2694 natus,
1475 2655 1513 2683 ut
1551 2651 1624 2683 dixi

926 2706 1019 2738 alibi.

968 2758 1010 2787 30
1037 2754 1135 2786 Uvidi
1151 2753 1292 2794 Tiburis]
1315 2751 1401 2784 Vide
1417 2761 1441 2783 ι.
1458 2751 1526 2785 Od.
1539 2754 1572 2784 7.
1588 2755 1625 2783 et

927 2808 976 2838 18.
995 2814 1036 2837 11.
1054 2805 1123 2836 Od.
1140 2808 1171 2835 ὃ.
1197 2812 1254 2835 111.
1278 2802 1347 2835 od.
1361 2804 1415 2833 29.
1450 2802 1518 2835 Od.
1543 2811 1624 2834 vero

926 2865 996 2897 seq.
1012 2856 1021 2873 ‘
1034 2855 1139 2887 Tibur
1151 2863 1247 2895 aquae
1260 2850 1457 2893 perfluunt!
