1904 3256
313 305 396 345 806
784 316 827 352 o.
859 314 1063 343 HonATii
1104 311 1274 340 FnAcm

315 405 418 446 Non
439 406 550 446 alius
571 406 827 458 quisquam;
858 412 904 443 at
924 405 1004 443 tibi
1023 405 1213 444 amicus:
1243 409 1288 444 at
1308 404 1521 455 ingenium
1546 405 1693 456 ingens

316 470 488 512 Inculto
508 471 614 511 latet
634 471 713 508 hoc
735 469 816 508 sub
836 481 1043 521 corpore:
1073 469 1259 522 denique
1279 474 1320 510 te
1340 470 1483 522 ipsum

315 535 523 583 Concute,
544 547 639 574 num
661 546 746 585 qua
766 534 842 573 tibi
861 535 1056 574 vitiorum
1076 535 1276 576 inseverit
1295 536 1398 575 olim

315 601 496 647 Natura,
518 604 591 638 aut
609 599 739 637 etiam
758 599 1024 639 consuetudo
1045 599 1183 649 mala3
1213 612 1396 652 namque

316 665 540 715 Neglectis
560 663 722 703 urenda
742 662 834 703 filix
852 664 1091 705 innascitur
1111 664 1234 716 agris.

315 730 427 769 Illuc
449 732 774 779 praevertamur3
805 733 1038 770 amatorem
1059 729 1175 781 quod
1197 728 1347 768 amicae

316 793 481 845 Turpia
501 791 728 844 decipiunt
749 806 913 834 caecum
935 795 1053 844 vitia,
1076 799 1151 835 aut
1169 794 1297 834 etiam
1320 794 1416 845 ipsa
1439 793 1530 833 haec

1666 534 1723 574 35

314 905 436 944 inquam
451 915 517 945 ego,
531 908 604 938 adeo
627 911 662 938 ut
680 917 766 939 nemo
779 908 821 939 sit
840 909 982 947 probior.-
1004 911 1058 940 sed
1081 909 1138 940 tibi
1156 909 1286 940 amicus,-
1306 910 1359 939 sed
1380 918 1462 939 mens
1480 916 1592 945 magna
1610 907 1727 945 tegitur

315 956 348 976 eo
362 957 482 986 corpore
494 957 552 978 non
566 950 611 979 ita
626 949 698 980 belle
712 950 882 988 composito.
918 951 984 981 Uno
997 951 1085 981 verbo
1100 954 1190 981 temet
1203 950 1355 988 examina,
1369 953 1471 980 utrum
1483 949 1562 979 vitio
1576 948 1726 988 qua-piam

315 987 373 1018 tibi
387 992 498 1019 natura
511 989 749 1028 ingeneraverit,
760 992 808 1021 vel
820 1000 914 1030 prava
929 993 1118 1022 consuetudo.
1143 992 1264 1022 Etenim
1270 992 1347 1031 filix
1360 991 1558 1021 comburendo
1571 989 1678 1019 erescit
1693 988 1725 1017 in

316 1029 401 1067 agris
415 1031 552 1062 incultis.
596 1031 669 1062 Huc
687 1032 790 1071 potius
802 1033 1006 1072 deveniamus,
1020 1035 1098 1072 quod
1118 1033 1248 1063 amatori
1267 1032 1440 1062 conniventi
1457 1031 1533 1062 vitia
1554 1030 1660 1061 amieoe
1683 1029 1730 1060 vel

909 1124 1138 1136 ‘mcum-ee

316 1174 493 1205 Pulnianni
515 1176 760 1217 Torrentiique,
783 1178 902 1208 Inculto
924 1179 1000 1209 lutet
1022 1179 1076 1209 hoc
1098 1178 1153 1208 sub
1171 1181 1313 1217 pectore5
1336 1180 1436 1215 atque
1460 1175 1510 1205 ita
1524 1178 1666 1213 quatuor
1687 1182 1731 1203 ex

317 1217 450 1248 nostris.
494 1218 591 1249 Quod
613 1219 712 1248 miror
727 1220 879 1259 equidem
907 1220 1100 1250 Lambinum
1127 1229 1191 1249 non
1218 1218 1436 1258 improbasse,
1459 1222 1494 1246 et
1516 1214 1728 1246 Torrentinm

317 1258 457 1296 amplius
471 1260 572 1289 etiam
589 1260 723 1300 vulgato
740 1261 938 1299 praetulisse.
983 1261 1074 1291 Nihil
1097 1261 1185 1291 euim
1205 1259 1400 1290 absurdius:
1424 1262 1459 1288 et
1481 1256 1618 1297 perinde
1640 1259 1732 1303 esset:

318 1307 356 1328 ac
378 1299 515 1338 ‘ingens
537 1301 705 1340 ingenium
728 1302 788 1332 sub
803 1303 930 1333 inculto
951 1302 1013 1333 hoc
1036 1301 1192 1339 ingenio:
1214 1306 1251 1332 ut
1276 1310 1300 1332 1.
1324 1300 1430 1339 Epist.
1444 1301 1474 1329 3.
1491 1300 1541 1328 11.
1563 1299 1649 1328 ‘non
1669 1295 1732 1345 tibi

318 1347 454 1377 parvum
477 1341 664 1380 Ingenium,
681 1352 745 1373 non
761 1343 920 1374 incultum
936 1349 999 1380 est,
1013 1352 1075 1373 nec
1092 1344 1236 1382 turpiter
1251 1340 1398 1371 hirtum.’
1437 1340 1563 1370 Pectus
1578 1338 1666 1370 enim
1681 1346 1732 1377 ip-

318 1389 388 1410 sum
402 1380 568 1420 ingenium
586 1387 700 1414 notat:
726 1389 762 1413 nt
777 1393 800 1413 ι.
819 1384 926 1423 Epist.
943 1387 972 1414 4.
986 1387 1018 1414 6.
1039 1385 1048 1400 ‘
1067 1384 1142 1414 Non
1168 1389 1202 1413 tu
1228 1391 1348 1421 corpus
1374 1390 1449 1411 eras
1475 1380 1546 1411 sine
1568 1377 1732 1419 pectore!

317 1420 339 1451 i.
358 1430 388 1452 e.
404 1422 474 1452 sine
495 1428 618 1461 mente,
633 1425 703 1454 sine
719 1425 861 1459 ingenio.
907 1425 1007 1456 Ovid.
1030 1425 1116 1455 Met.
1132 1432 1213 1454 xm.
1229 1426 1302 1454 290.
1323 1423 1333 1440 ⁴
1350 1421 1443 1452 Artis
1458 1430 1541 1460 opus
1557 1424 1660 1452 tantae
1677 1428 1730 1449 ru·

317 1461 368 1491 dis
392 1467 426 1492 et
449 1464 518 1493 sine
544 1469 679 1503 pectore
704 1467 799 1495 miles
826 1464 1016 1496 Indueret?'
1063 1466 1166 1496 Recte
1183 1474 1262 1504 ergo
1279 1473 1351 1494 cum
1367 1462 1557 1493 melioribus
1573 1460 1733 1491 membra-

318 1503 369 1532 nis
386 1509 421 1534 et
437 1505 550 1543 priscis
566 1506 781 1540 editionibus,
803 1506 856 1536 sub
875 1507 990 1537 inculto
1012 1515 1153 1546 corpore.-
1176 1511 1213 1536 ut
1239 1506 1279 1536 ad
1301 1506 1310 1522 ‘
1328 1503 1535 1534 rusticiorem
1553 1508 1733 1538 tonsuram,

318 1548 431 1583 togam
456 1545 678 1586 defluentem,'
700 1551 735 1578 et
756 1549 869 1577 ‘laxos
894 1547 1049 1578 calceos'
1073 1546 1246 1577 referatur.
1290 1546 1396 1576 Porro
1419 1546 1542 1583 saepius
1567 1543 1640 1573 haee
1664 1542 1731 1573 duo

319 1585 481 1616 vocabula
494 1596 513 1616 a
530 1587 690 1617 Librariis
707 1593 936 1626 permutantur
951 1599 960 1625 3
984 1593 1021 1618 ut
1038 1588 1127 1625 apud
1143 1588 1262 1626 virgil.
1280 1587 1352 1617 IEn.
1367 1594 1432 1616 vn.
1446 1588 1520 1616 849.
1541 1585 1551 1601 ‘
1565 1584 1628 1614 Ille
1644 1583 1732 1613 inter

318 1627 420 1655 vestis
437 1631 472 1656 et
487 1627 573 1658 levia
596 1633 734 1667 pectora
756 1628 888 1667 lapsus!
929 1629 1078 1659 Pieriani
1103 1629 1229 1668 aliquot
1252 1628 1384 1658 codices
1406 1628 1415 1644 ⁴
1433 1624 1591 1665 corpora’
1613 1624 1735 1654 habue-

320 1666 418 1696 runt.'
440 1667 546 1699 Bentl.
587 1669 640 1699 sub
660 1673 782 1708 pectore
803 1671 906 1700 multo
929 1670 1041 1709 plnres
1064 1675 1100 1700 et
1119 1669 1364 1700 emendatiores
1379 1666 1477 1698 codd.
1491 1666 1674 1705 Torrentii,
1700 1667 1735 1695 et

319 1707 417 1738 Harl.
432 1711 462 1738 2.
478 1712 509 1740 7.
542 1710 650 1740 deinde
670 1711 798 1750 teipsum
823 1712 994 1751 exemplar
1008 1711 1166 1751 optimum
1182 1709 1444 1741 Torrentii.—-35
1469 1709 1553 1739 Exc.
1568 1709 1642 1737 Sax.
1656 1707 1735 1736 ime·

317 1749 397 1779 derit
413 1749 507 1786 olim,·
528 1757 561 1780 et
579 1752 626 1782 ita
642 1753 812 1783 Lambert.
828 1753 907 1786 Bos,
925 1762 956 1792 p.
970 1754 1023 1783 57.
1066 1754 1075 1769 ‘
1088 1752 1122 1782 Si
1139 1752 1215 1792 quid
1234 1752 1303 1781 veri
1320 1750 1442 1781 lrabeat
1454 1749 1555 1780 lectio
1569 1748 1735 1781 insederit,-

318 1790 492 1822 ‘naturam
519 1792 670 1823 vitiorum
685 1793 693 1806 ’
713 1794 1012 1834 interpretabimur
1035 1793 1117 1824 vitia
1142 1793 1319 1832 naturalia,
1342 1791 1534 1823 vitiosamve
1560 1786 1734 1820 naturam.'

966 1877 995 1907 N
1002 1876 1102 1907 OTAE

319 1931 420 1976 affert
446 1937 656 1976 conspicuas,
679 1947 817 1977 quarum
845 1938 1003 1977 splendor
1056 1947 1136 1968 vero
1161 1938 1246 1968 solus
1269 1936 1346 1968 dico
1370 1941 1403 1967 te
1423 1935 1541 1967 flavam
1557 1944 1629 1980 esse
1646 1935 1734 1966 sicut

322 1985 464 2016 leviores
493 1995 606 2017 naevos
631 1987 754 2018 debeat
781 1987 939 2027 obtegere
967 1993 1004 2019 et
1056 1986 1145 2017 me1.’

323 2043 551 2074 compensare.
585 2035 667 2065 Erat
682 2035 768 2065 enim
779 2035 937 2076 Virgilius
955 2036 1005 2066 vir

322 2083 483 2122 optimus:
508 2086 581 2113 erat
600 2082 676 2113 fidei
694 2084 728 2114 in
749 2084 871 2114 amicos
894 2085 1005 2115 obser-

323 2132 536 2162 vantissimus
559 2143 568 2169 ;
608 2136 679 2162 erat
713 2132 848 2173 ingenio
890 2133 1006 2172 grandi

324 2179 499 2220 praeditus.

366 2231 405 2259 37
430 2229 591 2268 Neglectis
611 2231 724 2260 urenda
741 2230 818 2270 filix
837 2229 1007 2260 innascitur

323 2277 425 2317 agris]
446 2278 540 2309 Sicut
556 2279 691 2309 inutiles
714 2284 750 2310 et
771 2280 877 2310 uoxiae
894 2279 1005 2310 lierbae

326 2331 482 2358 crescunt
498 2328 530 2357 iu
547 2337 626 2367 agro
642 2328 767 2359 inculto
781 2339 790 2366 ;
813 2329 860 2360 sic
877 2328 959 2359 vitia
974 2330 1005 2359 iu

325 2375 435 2405 animo
463 2376 688 2416 Philosophiae
725 2377 933 2408 documentis
967 2387 1006 2408 ae

329 2424 510 2455 virtutibus
525 2434 589 2455 non
607 2427 746 2457 imbuto.

369 2476 410 2503 38
432 2474 608 2504 Amatorem
621 2477 698 2514 quod
712 2476 816 2506 amicoe
829 2476 943 2515 Turpia
957 2477 1006 2506 de·

326 2523 444 2562 cipiunt
457 2533 568 2554 eoecum
590 2525 684 2563 vitia]
714 2525 881 2556 Tlieocrit.
908 2525 1006 2565 Idyll.

329 2580 379 2602 v1.
409 2571 519 2612 Ἔρωτι
544 2572 699 2605 Πολλάκις
723 2596 731 2604 .
745 2595 753 2604 .
771 2595 780 2605 .
801 2573 843 2604 τὰ
866 2573 908 2612 μὴ
929 2573 1010 2604 καλὰ

329 2620 413 2651 καλὰ
423 2620 583 2661 πέφανται.
605 2622 715 2654 Amori
728 2633 808 2662 saepe
818 2633 877 2654 non
884 2623 1010 2662 pulchra

329 2670 456 2708 pulchra
471 2671 622 2702 videntur.
677 2672 771 2702 Idem
793 2672 892 2712 Idyll.
907 2680 944 2702 x.
966 2675 975 2691 ‘
989 2680 1009 2701 ο

329 2722 500 2761 Bombyce
522 2728 677 2761 venusta,
699 2732 812 2754 omnes
837 2729 870 2754 te
891 2723 1008 2762 Syram

331 2777 464 2812 vocant,
484 2781 644 2811 macram,
660 2772 729 2803 sole
753 2771 924 2803 adustam:
948 2779 1009 2810 ego

1098 2038 1139 2066 39
1164 2034 1231 2066 Aut
1257 2035 1351 2066 etium
1375 2035 1441 2074 ipsa
1464 2034 1528 2064 Ιιωο
1557 2031 1735 2072 Delectant]

1058 2085 1130 2116 Cic.
1144 2094 1168 2115 x.
1184 2085 1225 2115 de
1235 2084 1315 2115 Nat.
1325 2085 1428 2115 Deor.
1437 2093 1468 2113 n.
1480 2085 1532 2114 80.
1548 2081 1558 2099 ‘
1570 2082 1674 2114 Nobis
1683 2102 1693 2111 .
1705 2103 1713 2112 .
1725 2103 1735 2112 .

1059 2134 1114 2174 qui
1133 2133 1389 2164 adolescentulis
1404 2132 1622 2169 delectamur,
1636 2130 1735 2161 etiam

1058 2181 1141 2212 vitia
1157 2191 1247 2220 saepe
1265 2181 1417 2220 jucunda
1432 2184 1520 2211 sunt.
1565 2179 1689 2210 Naevus
1702 2178 1734 2207 in

1058 2230 1197 2261 articulo
1214 2229 1307 2268 pueri
1322 2230 1468 2259 delectat
1484 2227 1644 2259 Alcaeum.
1688 2226 1736 2257 At

1059 2283 1110 2310 est
1132 2278 1277 2317 corporis
1302 2277 1432 2307 macula
1456 2285 1588 2313 naevus;
1610 2274 1659 2305 illi
1685 2278 1735 2305 ta-

1058 2336 1133 2358 men
1145 2327 1205 2357 hoe
1215 2326 1324 2356 lumen
1336 2325 1520 2354 videbatur.
1543 2323 1584 2355 Q.
1595 2322 1735 2354 Catulus

1059 2398 1069 2407 .
1083 2399 1091 2407 .
1103 2398 1111 2407 .
1124 2375 1241 2406 dilexit
1255 2373 1454 2412 municipem
1470 2377 1561 2403 tuum
1578 2372 1735 2403 Roscium

1061 2447 1070 2456 .
1082 2447 1091 2456 .
1103 2447 1111 2456 .
1125 2424 1203 2455 huic
1220 2422 1385 2464 pulchrior
1400 2422 1492 2452 Deo?
1517 2421 1561 2452 At
1576 2425 1661 2460 erat,
1673 2421 1736 2452 sic-

1060 2481 1096 2506 ut
1120 2473 1215 2504 hodie
1244 2476 1307 2511 est,
1331 2470 1590 2510 perversissimis
1617 2470 1736 2500 oculis.

1061 2522 1149 2557 Quid
1167 2520 1283 2558 refert,
1299 2519 1325 2550 si
1343 2519 1404 2549 hoc
1426 2519 1531 2557 ipsum
1549 2519 1670 2548 salsum
1686 2518 1737 2550 illi

1062 2576 1096 2603 et
1112 2574 1283 2601 venustum
1300 2567 1473 2597 videbatur
1486 2566 1514 2596 Γ
1545 2566 1622 2597 Huc
1637 2567 1736 2597 etiam

1062 2620 1222 2660 pertinet,
1237 2617 1324 2658 quod
1340 2616 1456 2647 scribit
1472 2616 1606 2646 Lucret.
1621 2616 1654 2645 in
1671 2615 1737 2646 fine

1061 2669 1118 2700 lib.
1129 2677 1176 2698 iv.
1200 2666 1210 2683 ‘
1225 2668 1310 2697 Nam
1324 2665 1482 2695 divinitus
1497 2663 1660 2695 interdum
1672 2664 1738 2694 Ve-

1062 2717 1212 2756 nerisque
1228 2715 1359 2755 sagittis
1375 2714 1551 2745 Deteriore
1567 2713 1604 2743 fit
1621 2716 1657 2743 ut
1670 2711 1737 2742 for-

1061 2773 1113 2798 ma
1137 2765 1330 2796 muliercula
1350 2767 1490 2803 ametur,
1507 2783 1534 2795 ..
1546 2784 1556 2794 .
1572 2759 1670 2794 Quod
1683 2768 1738 2790 su-
