1956 3236
603 308 879 340 saRMONUM
915 308 1011 339 mu.
1045 309 1076 339 1.
1107 298 1148 338 5.

148 405 362 447 Proxima
384 404 610 459 Campano
631 405 757 458 ponti
773 417 874 459 quae
897 404 1066 453 villula,
1087 406 1252 444 tectum

1520 296 1607 339 845

1545 404 1602 443 45

147 472 348 514 Praebuit
366 486 376 523 ;
407 476 449 513 et
468 472 666 525 parochi,
686 485 787 525 quae
807 472 981 521 debent,
998 471 1113 523 ligna
1136 471 1372 524 salemque.

150 537 273 580 Hinc
294 538 399 579 muli
423 537 593 590 Capuae
615 538 806 579 clitellas
829 543 1021 592 tempore
1042 541 1228 591 ponunt.

148 635 253 668 vicina
267 639 314 667 est
327 635 415 676 ponti
432 636 589 676 Campano
604 636 772 676 hospitium
785 639 870 669 dedit
881 649 891 668 .·
912 638 1040 678 parochi
1054 647 1126 669 vero
1141 647 1209 678 quoe
1223 637 1335 669 debent
1349 638 1436 676 ligna
1458 640 1489 668 et
1511 636 1604 667 salem

145 678 355 719 proebuerunt.
390 679 469 710 Inde
482 679 558 709 muli
576 679 692 719 capua·
706 680 863 720 deponunt
877 682 1012 712 clitellas
1026 680 1218 721 tempestive.
1252 681 1407 712 Maecenas
1419 679 1479 711 ivit
1494 680 1605 719 lusum,

807 765 951 797 NOTAE

190 831 232 860 45
255 827 410 859 Proxima
426 828 598 868 Campano,
613 829 683 869 ὅκῃ]
714 828 850 859 Sinues-

148 887 196 910 sae
209 877 514 918 pransijucundius
527 877 660 919 quidem
676 877 718 908 ob
732 886 849 908 occur-

148 938 221 959 sum
234 928 431 967 amicorum,
445 933 611 959 venerunt
625 937 740 959 omnes
753 927 850 958 simul

148 978 191 1011 ad
207 979 294 1010 hanc
310 978 438 1019 villam,
456 979 489 1010 iu
506 989 573 1020 qua
590 982 850 1019 pernoctarunt.

193 1029 351 1069 Campano
374 1028 479 1069 ponti]
516 1029 583 1062 Qui
601 1029 781 1069 impositus
798 1032 850 1059 est

146 1078 318 1109 Vulturno
330 1078 526 1118 Campaniae
542 1076 646 1108 fluvio
662 1087 723 1118 per
735 1078 851 1108 Vena-

147 1126 250 1168 frum,
259 1127 423 1168 Capuam,
437 1128 588 1169 aliasque
600 1128 700 1159 urbes
711 1128 743 1158 iu
757 1137 850 1158 mare

148 1177 361 1218 Tyrrhenum
385 1177 594 1209 decurrenti.

191 1229 235 1258 46
258 1227 412 1269 Paroclti]
449 1228 554 1260 Quasi
585 1227 800 1269 praebitores,
831 1238 849 1259 a

150 1274 311 1319 παρέχειν,
345 1277 496 1318 proebere,
538 1283 714 1309 curatores
752 1284 851 1310 erant

148 1327 276 1369 publici
293 1337 356 1369 per
372 1328 475 1359 urbes
490 1332 525 1360 et
547 1329 623 1360 loca
641 1329 700 1368 jus
726 1329 850 1359 baben-

149 1384 205 1410 tes
225 1378 270 1409 ab
295 1377 474 1419 oppidanis
496 1378 655 1418 exigendi
679 1383 775 1410 certa
791 1379 850 1408 sti·

148 1427 287 1469 pendia,
316 1427 406 1459 unde
443 1428 632 1468 peregrinis
665 1432 702 1459 et
728 1428 850 1468 legatis

148 1477 339 1509 necessaria
366 1477 628 1518 suppeditarent
662 1478 760 1518 Reip.
791 1487 850 1508 no-

147 1527 251 1559 mine.
289 1527 379 1558 Tull.
397 1528 439 1559 ad
453 1527 562 1559 Attio.
580 1537 663 1559 xm.
679 1530 708 1559 2.
726 1529 736 1546 ‘
750 1527 848 1559 Aria-

146 1577 264 1610 rathen
275 1577 518 1610 Ariobarzanis
533 1577 622 1609 filius
640 1579 779 1610 Romam
794 1588 850 1609 ve-

147 1627 201 1660 nit
215 1650 225 1659 .
241 1649 251 1659 .
265 1648 275 1658 .
291 1650 301 1660 .
317 1629 454 1660 omnino
481 1638 558 1660 eum
582 1629 714 1660 Sestius
733 1633 850 1660 noster

146 1677 317 1720 parochiis
329 1678 474 1719 publicis
486 1679 668 1719 occupavit
682 1678 703 1717 ;'
717 1678 768 1719 (id
784 1684 850 1714 est,

148 1727 412 1768 praebitionibus
426 1738 466 1760 ac
479 1729 675 1760 muneribus
689 1729 850 1769 publicis;

153 1777 210 1809 alii
225 1779 359 1819 legunt,
371 1780 523 1819 parochus
536 1781 678 1820 publicus
688 1779 718 1821 ;)
738 1784 747 1798 ‘
760 1779 850 1821 quod

147 1827 285 1870 quidem
310 1827 412 1861 facile
433 1830 557 1870 patior.
603 1831 849 1862 Verumtamen

148 1878 239 1919 quod
255 1878 338 1910 mibi
352 1889 474 1920 magna
491 1890 567 1911 cum
583 1880 745 1912 fratribus
761 1880 851 1911 illius

148 1928 366 1960 necessitudo
393 1934 457 1964 est,
478 1929 584 1960 invito
599 1939 676 1960 eum
694 1939 758 1970 per
774 1930 850 1961 lite-

151 1986 206 2011 ras
220 1985 260 2010 ut
287 1979 330 2010 ad
355 1989 410 2011 me
435 1980 652 2011 diversetur!
693 1981 772 2013 „lam
795 1989 850 2011 res

150 2033 250 2068 patet
264 2028 307 2059 de
322 2031 526 2071 peregrino:
543 2031 585 2061 de
601 2031 722 2070 legatis
736 2035 849 2061 autem

153 2077 359 2108 auctoritate
383 2079 519 2118 publica
539 2079 648 2110 missis
664 2080 736 2110 lraec
751 2079 852 2118 habe,

153 2124 307 2171 studiose
321 2126 442 2157 lector.
486 2127 583 2158 Idem
605 2128 694 2158 Tull.
711 2128 794 2159 item
810 2129 852 2159 ad

155 2173 265 2206 Attie.
282 2184 318 2206 v.
340 2178 392 2207 16.
415 2176 465 2207 ita
490 2176 629 2208 scribit:
654 2181 663 2194 ¹
685 2177 724 2207 ln
741 2177 853 2217 perdi-

153 2228 223 2256 tam
238 2229 275 2256 et
290 2225 390 2266 plane
411 2235 564 2258 eversam
588 2227 622 2258 in
647 2232 851 2268 perpetuum

153 2274 364 2314 provinciam
389 2285 451 2307 nos
467 2277 602 2308 venisse
618 2278 715 2313 scito,
730 2287 853 2318 magna

152 2323 290 2365 quidem
305 2326 560 2368 expectatione,
570 2327 659 2367 prid.
671 2327 753 2360 Kal.
767 2329 852 2360 Sex·

152 2374 204 2406 til.
231 2379 379 2406 moratus
404 2376 551 2407 triduum
574 2377 769 2417 Laodiceae,
793 2379 852 2409 tri·

155 2423 257 2455 duum
286 2423 462 2465 Apamea»,
492 2427 633 2458 totidem
666 2427 739 2458 dies
769 2428 852 2469 Syn-

154 2473 254 2510 nade,
279 2475 468 2506 audivimus
484 2476 566 2507 nihil
583 2476 673 2508 aliud
692 2476 754 2508 nisi
770 2477 852 2508 civi-

157 2527 263 2555 tatum
301 2526 459 2566 gemitus,
489 2528 654 2568 ploratus,
683 2530 737 2559 &c
741 2549 851 2560 .....

156 2571 327 2606 Levantur
365 2581 476 2608 tamen
514 2579 644 2609 miserae
680 2578 854 2618 civitates,

157 2621 247 2661 quod
262 2623 371 2654 nullus
386 2625 432 2656 sit
452 2633 580 2659 sumtus
595 2629 628 2659 in
644 2638 717 2663 nos,
741 2638 851 2669 neque

156 2669 192 2700 in
207 2670 352 2712 legatos,
365 2682 475 2716 neque
497 2677 532 2708 in
553 2683 770 2719 quaestorem,
794 2688 851 2708 ne-

157 2728 224 2761 que
246 2720 281 2751 in
303 2731 502 2766 quenquam.
545 2727 640 2759 Scito
663 2737 729 2759 non
752 2727 852 2760 modo

157 2778 218 2800 nos
233 2768 371 2807 foenum.
388 2778 446 2804 aut
459 2775 548 2814 quod
569 2777 646 2817 lege
667 2778 760 2810 Julia
779 2778 852 2808 dari

159 2821 256 2862 solet,
271 2830 336 2853 nou
354 2823 522 2865 accipere,
539 2827 599 2858 sed
614 2837 655 2859 ne
669 2829 760 2869 ligna
778 2830 851 2871 qui·

904 828 1004 867 detn3
1028 838 1103 868 nec,
1127 834 1256 869 praeter
1272 833 1419 870 quatuor
1435 829 1544 861 lectos
1568 833 1604 860 et

905 883 1046 918 tectum,
1083 890 1274 920 quenquam
1312 880 1474 921 accipere
1508 881 1604 922 quic-

904 939 1028 970 quam:
1053 931 1168 961 multis
1193 931 1276 962 locis
1309 941 1350 961 nc
1378 936 1506 962 tectum
1533 931 1606 973 qui-

904 978 996 1019 dem,
1021 984 1056 1010 et
1080 980 1114 1010 in
1139 980 1360 1011 tabernaculo
1381 990 1520 1012 manere
1536 981 1607 1021 ple-

906 1039 1059 1071 rumque.
1107 1030 1166 1061 Me
1182 1030 1322 1061 hercule
1340 1031 1440 1061 etiam
1457 1029 1607 1061 adventu

904 1086 1021 1112 nostro
1037 1081 1257 1117 reviviscunt,
1268 1080 1420 1120 justitia,
1435 1080 1608 1111 abstinen-

906 1130 966 1170 tia,
981 1131 1163 1162 clementia
1181 1131 1228 1161 tui
1252 1130 1437 1162 Ciceronis.
1483 1130 1607 1171 Itaque

905 1182 1082 1222 opiniones
1105 1182 1252 1213 omnium
1271 1181 1471 1222 superavit!
1514 1181 1608 1213 Prae-

906 1233 1030 1263 claram
1048 1233 1149 1263 etiam
1176 1232 1255 1263 huic
1279 1233 1353 1263 loco
1374 1233 1482 1263 lucem
1511 1231 1608 1263 dabit

906 1282 1022 1313 Livius
1039 1282 1134 1313 initio
1150 1282 1197 1313 lib
1214 1291 1304 1313 xnu.
1318 1283 1327 1300 ‘
1342 1282 1433 1314 Ante
1450 1283 1487 1314 L.
1504 1283 1607 1314 Post-

905 1331 1052 1363 humium
1082 1332 1289 1370 Consulem,’
1324 1332 1445 1373 inquit,
1480 1333 1608 1364 ‘nemo

905 1381 1006 1412 sociis
1033 1391 1180 1422 unquam
1207 1382 1240 1412 in
1265 1382 1334 1412 ulla
1363 1391 1398 1412 re
1425 1382 1518 1412 oneri
1547 1386 1608 1414 aut

904 1431 1028 1460 sumtui
1046 1429 1122 1461 fuit.
1171 1430 1256 1461 Ideo
1272 1431 1491 1471 magistratus
1507 1432 1608 1464 mulis

904 1479 1203 1520 tabernaculisque
1219 1486 1253 1510 et
1278 1480 1368 1510 omni
1395 1480 1460 1510 alio
1482 1481 1608 1511 instru-

902 1534 1018 1560 mento
1048 1530 1186 1560 militari
1211 1529 1433 1569 ornabantur,
1456 1540 1497 1561 ne
1524 1531 1607 1571 quid

904 1581 973 1612 tale
990 1581 1202 1621 imperarent
1225 1581 1350 1612 sociis:
1377 1581 1513 1622 privata
1528 1582 1607 1613 hos-

904 1631 993 1671 pitia
1006 1630 1201 1668 habebant3
1225 1640 1266 1661 ea
1281 1630 1430 1670 benigne
1447 1631 1607 1662 comiter-

905 1689 970 1720 que
990 1679 1170 1711 coleban't:
1187 1679 1374 1720 domusque
1387 1680 1519 1711 illorum
1538 1681 1608 1712 Ro-

905 1739 968 1760 mae
985 1728 1178 1769 hospitibus
1200 1729 1378 1769 patebant,
1403 1730 1493 1769 apud
1521 1740 1607 1772 quos

905 1778 987 1819 ipsis
1004 1778 1128 1809 diverti
1154 1788 1225 1809 mos
1248 1783 1350 1810 esset.
1395 1779 1530 1819 Legati,
1548 1781 1607 1820 qni

906 1834 1049 1869 repente
1074 1828 1187 1870 aliquo
1217 1829 1449 1868 mitterentur,
1475 1829 1612 1869 singula

898 1879 1059 1918 jumenta
1074 1887 1137 1918 per
1152 1878 1291 1918 oppida,
1308 1878 1374 1908 iter
1389 1887 1456 1918 qua
1478 1877 1608 1910 facien-

905 1928 984 1958 dum
1024 1934 1110 1968 crat,
1140 1927 1382 1967 imperabant:
1416 1927 1515 1958 aliam
1546 1928 1608 1959 im-

906 1987 1044 2018 pensam
1058 1977 1139 2009 socii
1155 1978 1189 2008 in
1206 1977 1425 2018 magistratus
1439 1977 1609 2009 Romanos

903 2037 970 2058 non
986 2025 1184 2058 faciebant.’
1219 2027 1264 2057 At
1282 2026 1368 2066 ipse,
1385 2029 1422 2056 ut
1437 2030 1490 2057 est
1506 2027 1607 2067 paulo

907 2082 1000 2117 ante,
1011 2086 1089 2108 cum
1106 2077 1238 2108 senatui
1252 2077 1440 2117 placuisset
1455 2077 1464 2093 ‘
1477 2077 1608 2108 Consu-

906 2126 984 2166 lem,
1006 2126 1049 2157 ad
1075 2136 1193 2168 agrum
1223 2126 1397 2167 publicum
1425 2136 1445 2157 a
1470 2126 1606 2166 privato

906 2176 1168 2215 terminandum,
1183 2176 1215 2206 in
1233 2176 1456 2216 Campaniam
1474 2176 1552 2216 ire„
1574 2198 1582 2208 .
1597 2199 1607 2208 .

907 2226 1100 2267 priusquam
1118 2226 1162 2257 ab
1188 2226 1294 2257 Roma
1318 2225 1607 2266 proficisceretur,

906 2276 1024 2308 literas
1040 2278 1221 2308 Praeneste
1237 2276 1341 2312 misit,
1352 2280 1389 2307 ut
1403 2276 1469 2307 sibi
1485 2277 1607 2317 magis-

909 2331 1016 2358 tratus
1032 2328 1166 2358 obviarn
1195 2327 1317 2366 exiret,
1342 2328 1452 2358 locum
1470 2327 1606 2367 publice

909 2382 1045 2417 pararet
1071 2377 1127 2409 ubi
1157 2377 1412 2415 divertet-etum
1431 2378 1607 2417 jumenta—

906 2436 984 2467 que,
1013 2436 1088 2458 cum
1119 2427 1230 2458 exiret
1269 2426 1362 2465 inde,
1401 2430 1527 2466 praesto
1554 2435 1604 2455 es-

906 2476 1007 2508 seut.’
1610 2504 1614 2510 .

946 2532 989 2561 47
1013 2529 1102 2561 Hinc
1129 2529 1205 2559 muli
1235 2529 1362 2567 Capuoe,
1384 2525 1452 2566 &sc-J
1486 2525 1542 2557 Ab
1564 2536 1606 2558 ea

906 2580 1021 2611 villula
1045 2579 1144 2610 mulis
1161 2577 1251 2608 vecti
1272 2577 1423 2615 Capuam
1442 2575 1608 2615 venimus,

904 2628 1109 2669 tempestive
1131 2627 1282 2667 quidem,
1304 2634 1381 2655 nam
1399 2633 1440 2655 ea
1456 2624 1510 2655 die
1526 2635 1605 2656 con-

905 2678 1048 2709 fecimus
1063 2677 1168 2707 millia
1185 2684 1341 2716 passuum
1357 2683 1423 2706 non
1437 2675 1512 2715 plus
1527 2684 1603 2706 sex-

905 2727 1028 2759 decim.

951 2776 1081 2818 capuoe]
1115 2776 1200 2808 Haec
1215 2774 1412 2815 Campauiae
1430 2779 1603 2816 metropo-

905 2829 947 2861 lis
972 2838 1011 2860 ac
1029 2828 1135 2861 veluti
1159 2837 1219 2859 arx
1242 2826 1438 2859 deliciarum
1458 2831 1494 2858 et
1511 2837 1603 2859 arro-
