1890 3256
569 294 919 325 neis'roLARUM
958 294 1051 324 mn.
1083 294 1114 324 1.
1143 283 1187 324 2.
1490 282 1600 324 1087

149 385 324 427 Invidia
345 385 484 428 Siculi
505 399 588 428 non
612 387 814 428 invenere
837 388 1010 441 tyranni

149 451 301 506 MaJus
323 458 595 495 tormentum.
654 452 746 503 Qui
768 466 854 494 non
875 453 1170 494 moderabitur
1191 453 1286 502 irae,

147 518 362 560 Infectum
383 519 504 560 volet
520 531 636 568 esse,
659 519 784 560 dolor
804 519 923 572 quod
944 520 1135 560 suaserit
1155 525 1200 560 et
1219 531 1358 568 menS‚

147 584 267 625 Dum
289 597 445 638 poenas
465 584 567 626 odio
589 598 665 639 per
684 585 771 626 vim
792 585 971 626 festinat
990 585 1143 627 inulto.

147 649 221 692 Ira
240 651 361 692 furor
379 651 524 692 brevis
543 657 637 693 est:
668 653 862 693 animum
882 664 1002 704 rege:
1031 653 1124 706 qui,
1147 653 1232 693 nisi
1253 654 1391 706 paret,

145 715 364 770 Imperat:
391 716 503 758 hunc
525 717 688 767 fraenis,
708 717 824 758 hunc
846 721 895 758 tu
917 730 1158 779 compesce
1177 724 1350 760 catena.

146 781 294 836 Fingit
310 795 469 837 equum
493 787 637 826 tenera
658 784 850 824 docilem
871 784 1042 825 cervice
1063 785 1268 838 magister

143 847 216 890 Ire
237 849 350 891 viam
369 862 455 903 qua
473 853 684 892 monstret
702 862 859 903 eques.
918 849 1180 901 Venaticus,
1201 865 1259 892 ex
1276 865 1367 905 quo

1543 516 1599 558 60

1542 851 1599 893 65

141 957 234 989 muni
246 956 364 989 nullum
376 957 548 989 habuerunt
561 958 730 990 cruciatum
745 957 867 989 invidia
880 958 1069 997 graviorem.
1116 958 1266 1000 Quisquis
1280 960 1360 991 iram
1372 969 1433 991 non
1449 970 1597 1001 compres-

140 1000 230 1039 serit,
242 1003 348 1040 postea
368 1000 471 1040 cupiet
484 1010 544 1031 non
552 999 785 1038 factumsuisse
800 1002 878 1040 quod
886 1000 1020 1038 jusserit
1035 1001 1157 1033 unimus
1171 1002 1334 1041 incitatus,
1348 1003 1422 1032 dum
1436 1003 1597 1035 vehemen-

141 1042 206 1073 tius
230 1043 304 1073 dure
324 1041 496 1073 vindictam
515 1046 660 1082 properat
685 1042 900 1080 indignationi
923 1052 983 1073 non
1007 1044 1142 1074 sutiatoe.
1187 1044 1244 1075 Ira
1269 1047 1317 1074 est
1341 1044 1442 1075 brevis
1463 1045 1599 1078 insania.

142 1082 258 1114 Frena
271 1084 453 1124 appetitum,
468 1084 520 1124 qni
535 1085 713 1115 dominatur
728 1086 850 1123 quando
862 1093 924 1113 non
939 1087 985 1115 est
1000 1084 1153 1116 subactus.
1188 1085 1419 1123 Huncfraenis,
1433 1087 1513 1117 hunc
1528 1088 1597 1118 vin·

142 1126 220 1157 culis
233 1126 366 1165 stringe.
414 1126 498 1156 Nam
512 1129 595 1157 certe
611 1126 763 1164 magister
773 1135 883 1164 equum
889 1125 1066 1165 flexibilem
1089 1127 1173 1157 molli
1193 1128 1310 1158 cervice
1326 1127 1448 1165 format
1471 1130 1512 1159 ad
1528 1139 1598 1159 cur·-

142 1168 270 1199 rendum
281 1167 468 1208 qudcumque
484 1177 585 1199 sessor
599 1167 743 1199 soluerit.
789 1167 887 1198 Canis
901 1169 1072 1209 venaticus,
1094 1172 1257 1209 postquam
1278 1169 1361 1200 certi
1381 1170 1498 1201 corium
1513 1172 1596 1201 «taini

752 1262 987 1274 OO‘C‘OO‘OO‘O

143 1331 184 1360 58
206 1327 333 1360 Invidia
347 1328 457 1360 sceleri
472 1338 504 1360 n.
517 1328 540 1360 i.
556 1327 700 1369 tyrannis
712 1326 948 1359 Schoenborn.
959 1329 1080 1358 3.-59
1097 1328 1298 1359 Tormentum
1322 1327 1422 1366 mnjus
1446 1328 1594 1360 Schoen-

143 1371 240 1402 born.
253 1373 286 1403 4.
303 1376 339 1402 et
350 1371 428 1402 Vat.
443 1373 493 1402 14.
508 1371 589 1400 irum
599 1369 832 1401 Schoenboru.
843 1372 876 1400 4.
892 1369 1011 1400 Van-1.
1028 1379 1048 1399 a
1062 1379 1104 1401 m.
1119 1379 1170 1410 pr.
1193 1370 1274 1401 Vat.
1288 1370 1385 1401 Rom.
1396 1372 1428 1400 2.
1445 1380 1465 1400 a
1481 1379 1524 1401 m.
1543 1380 1594 1410 pr.

143 1419 179 1443 et
196 1412 274 1443 Vat.
292 1412 390 1444 Rom.
403 1415 521 1443 4.-60
537 1412 768 1443 Schoenborn.
786 1414 816 1443 3.
837 1411 924 1441 dolor
935 1414 966 1442 et
977 1411 1112 1442 suaserit
1125 1421 1263 1442 exmens.
1299 1411 1344 1443 H.
1359 1411 1478 1451 steph.
1491 1413 1594 1443 etiam

140 1463 274 1485 exmem-
297 1453 576 1492 CuningAEanad.
591 1459 625 1484 et
640 1453 789 1493 Francis,
798 1463 835 1483 αι·
845 1455 1029 1484 mens.-61
1043 1453 1123 1483 Bos.
1132 1454 1217 1484 Dum
1224 1462 1330 1493 poenas
1340 1453 1421 1491 odio,
1434 1454 1509 1484 dum
1521 1454 1596 1484 vim.

139 1498 226 1528 -62
242 1495 502 1527 Hemistichium
517 1495 654 1527 animum
669 1504 743 1533 rege
751 1505 765 1531 ;
787 1495 851 1535 qui,
867 1494 932 1525 nisi
951 1497 1054 1534 paret,
1067 1504 1134 1526 non
1151 1494 1299 1526 habetur
1315 1495 1348 1525 in
1362 1495 1596 1527 Schoenborn.

139 1539 258 1570 3.-63
282 1537 406 1579 Impera
419 1541 450 1570 et
465 1538 545 1570 hunc
561 1537 606 1568 H.
621 1537 740 1578 Stepb.
762 1537 882 1569 catenis
895 1536 1131 1568 Schoenborn.
1148 1539 1180 1568 2.
1197 1539 1226 1568 3.
1243 1544 1277 1568 et
1296 1537 1392 1568 Harl.
1407 1540 1440 1568 2.
1462 1540 1494 1568 6.
1518 1540 1596 1568 7.-

138 1582 180 1611 64
194 1580 276 1611 Vnt.
290 1580 386 1613 Rom.
400 1582 433 1612 9.
448 1580 578 1611 docilem
593 1581 794 1610 tenera.-65
812 1579 894 1610 Vat.
907 1579 1005 1610 Rom.
1018 1583 1050 1610 5.
1066 1589 1086 1609 a
1101 1589 1143 1611 m.
1161 1589 1213 1619 pr.
1229 1584 1265 1610 et
1289 1579 1468 1610 Barberin.
1485 1583 1514 1610 1.
1537 1589 1596 1620 qun

140 1625 301 1658 monstret,
327 1622 384 1654 aiii
407 1622 510 1653 etiam
535 1622 636 1652 codd.
658 1621 748 1661 apud
774 1621 990 1660 Cruq.Torr.
1013 1621 1129 1651 Bentl.
1152 1624 1253 1661 atque
1279 1621 1329 1651 ita
1351 1621 1454 1651 Baxt.
1480 1621 1596 1652 Bentl.

141 1663 227 1695 Cun.
251 1664 330 1695 San·
357 1664 464 1696 Gesn.
491 1663 581 1694 Phil.
605 1662 758 1703 Sandby,
785 1662 904 1694 Oberl.
936 1662 1078 1701 Combe,
1100 1660 1240 1693 Wakef.
1259 1663 1403 1692 VVetzel.
1429 1668 1464 1693 et
1485 1662 1594 1695 zeun.

141 1708 293 1736 monum
318 1706 421 1737 etiam
446 1706 523 1737 Vat.
539 1708 570 1736 1.
595 1705 674 1736 Vat.
691 1706 785 1736 Rom.
801 1707 832 1736 8.
849 1704 905 1735 alii
921 1704 1005 1734 Mus.
1021 1704 1111 1744 apud
1127 1704 1240 1735 Pulm.
1259 1704 1374 1735 Benth
1407 1704 1417 1721 ‘
1433 1704 1498 1744 Ire,
1512 1705 1595 1736 riam

140 1756 201 1787 «μω
223 1750 371 1779 monstret
393 1757 496 1788 eques,
512 1747 560 1778 sic
577 1747 790 1787 inter-pungit
807 1746 996 1784 Remmius,
1013 1751 1049 1777 et
1064 1752 1160 1786 puto,
1178 1746 1327 1784 rectius;
1354 1751 1391 1777 ut
1408 1755 1472 1777 non
1489 1747 1534 1778 sit
1548 1747 1595 1778 ire

140 1789 245 1825 viarm
267 1790 339 1828 sed,
363 1790 423 1827 ire,
451 1799 511 1829 qua
535 1798 626 1829 eques
649 1792 800 1820 monstret
821 1789 918 1819 viam.
966 1788 1038 1819 Liv.
1055 1796 1174 1819 xxxii.
1193 1790 1264 1819 110.
1287 1790 1296 1805 ‘
1317 1787 1460 1819 Pedites
1479 1788 1594 1828 jubet,

140 1839 208 1870 qua
222 1831 291 1862 dux
307 1836 516 1862 monstraret
531 1831 631 1866 viam,
648 1830 720 1863 ire!
750 1830 837 1872 Equi
853 1830 1034 1869 docentur,
1055 1835 1163 1870 recta,
1179 1829 1220 1861 ad
1238 1831 1428 1870 dexteram,
1442 1831 1482 1861 ad
1499 1830 1595 1861 siuis-

140 1877 242 1915 tram,
267 1872 300 1904 in
318 1882 439 1914 gyrum
463 1873 526 1910 ire,
551 1873 693 1913 gradum
715 1873 849 1908 sistere,
868 1871 1044 1914 variosque
1060 1871 1197 1904 motus!
1220 1872 1295 1903 Fea.
1341 1871 1429 1904 Vide
1454 1871 1543 1904 infra
1566 1882 1592 1904 1.

798 1956 939 1990 NO'I'AE

184 2022 227 2051 58
249 2019 350 2051 Sicuti
365 2020 510 2060 tyranni]
543 2020 724 2062 Dionysius
740 2025 776 2052 et
793 2020 838 2051 A·
892 2019 1050 2052 laborat!
1095 2020 1168 2053 Cic.
1185 2020 1287 2053 Offic.
1307 2030 1332 2052 ι.
1348 2031 1380 2052 n.
1398 2023 1470 2052 101.
1494 2020 1504 2037 ‘
1519 2022 1593 2053 Du—

142 2070 314 2110 gnthocies
351 2070 651 2110 Syracusanorum,
683 2070 838 2100 Phalaris
893 2069 973 2108 plex
1008 2074 1060 2100 eat
1088 2071 1138 2102 vis
1169 2072 1354 2102 animorum
1385 2080 1425 2102 ac
1449 2076 1593 2103 naturae.

143 2118 442 2159 Agrigentinorum
456 2118 604 2158 tyranni,
620 2121 683 2149 &m
708 2118 838 2151 Justin.
891 2117 970 2149 Una
993 2129 1082 2160 para,
1105 2121 1137 2151 in
1161 2121 1319 2160 appetitu
1338 2120 1462 2160 posita,
1487 2121 1593 2151 homi-

142 2167 166 2199 l.
184 2176 234 2199 iv.
257 2167 267 2185 ‘
281 2167 432 2208 Singuiae
449 2167 609 2199 civitates
625 2169 657 2199 in
679 2172 838 2209 tyranno-

142 2226 216 2248 rum
231 2217 409 2258 imperium
427 2223 681 2259 concesserunt,
697 2226 838 2259 quorum

142 2267 235 2298 nulla
251 2271 345 2298 terra
358 2265 504 2299 feracior
517 2265 605 2298 fuit!

183 2318 227 2347 60
249 2316 404 2353 Insertum
427 2315 508 2347 volet
531 2315 610 2356 esse]
647 2316 744 2348 Facti
759 2316 838 2348 snb·

142 2366 221 2398 inde
236 2366 432 2408 poenitebit.

184 2419 225 2448 61
252 2417 339 2448 Dum
350 2426 456 2457 poenas
470 2415 554 2457 odio]
578 2417 639 2447 Est
660 2417 747 2448 enim
766 2416 838 2448 odi-

144 2475 199 2497 um
225 2466 284 2497 irae
307 2466 518 2507 impatientia
544 2466 706 2498 ultionem
734 2476 836 2507 appe-

147 2515 262 2546 tentis.

161 2566 228 2608 ‚62
253 2563 398 2595 Animum
423 2573 509 2606 rege,
536 2567 606 2608 ξω]
635 2565 836 2607 Appetitum

145 2614 377 2645 vehementem
389 2623 566 2655 compesce
578 2627 586 2648 z
611 2617 667 2658 qui
678 2617 740 2648 uisi
753 2627 772 2648 a
784 2626 838 2648 ra-

145 2664 236 2695 tione
260 2668 444 2704 prematur,
466 2664 552 2696 hauc
568 2665 640 2706 ipse
662 2667 838 2707 opprimit,

145 2718 181 2744 et
210 2712 244 2744 in
274 2722 426 2754 praeceps
450 2714 550 2755 rapit.
594 2716 691 2748 Pers.
714 2717 784 2748 Sat.
804 2727 836 2749 v.

145 2765 199 2794 38.
223 2765 232 2780 ‘
246 2762 397 2795 Intortus
410 2764 564 2796 extendit
579 2767 694 2806 regula
705 2777 836 2808 mores3

146 2813 192 2844 Et
208 2812 373 2855 premitur
390 2813 516 2846 ratione
529 2815 668 2858 animus,
679 2818 835 2861 vincique

892 2176 968 2198 nem
993 2168 1059 2200 huc
1081 2174 1116 2200 et
1143 2170 1223 2201 illuc
1247 2171 1351 2210 rapit.
1397 2170 1530 2209 Altera,
1557 2171 1592 2201 in

892 2218 1036 2260 ratione,
1058 2219 1160 2252 docet
1177 2226 1213 2252 et
1236 2222 1396 2262 explanat
1412 2221 1491 2262 quid
1509 2221 1593 2253 faci-

893 2268 1017 2300 endum
1046 2268 1289 2310 fugiendumve
1313 2272 1366 2302 sit.
1412 2271 1468 2302 Ita
1490 2264 1530 2302 fit
1554 2276 1592 2302 ut

891 2318 979 2349 ratio
1003 2320 1130 2360 praesit,
1151 2321 1325 2360 appetitus
1349 2330 1430 2352 vero
1460 2326 1590 2360 optem-

892 2373 1001 2408 peret.
1018 2390 1027 2399 .
1051 2392 1060 2401 .
1085 2391 1094 2400 .
1118 2391 1127 2401 .
1147 2368 1371 2401 Efficiendum
1398 2375 1510 2401 autem
1538 2375 1591 2401 est

891 2422 929 2449 ut
955 2420 1130 2459 appetitus
1157 2419 1321 2451 obediant
1345 2420 1480 2458 rationi,
1501 2428 1589 2450 eani-

889 2477 954 2508 que
971 2478 1034 2500 nee
1059 2473 1272 2508 praecurrant
1289 2468 1331 2499 ob
1348 2469 1590 2506 temeritatem,

890 2526 953 2548 nec
981 2522 1121 2559 propter
1145 2519 1314 2559 pigritiam
1338 2524 1397 2549 aut
1419 2518 1588 2559 ignaviam

891 2566 1078 2606 deser-ants
1093 2569 1156 2598 &c-

933 2620 974 2650 64
1006 2618 1121 2658 Fingit
1150 2618 1276 2659 equum]
1322 2619 1436 2660 Equus
1469 2623 1590 2650 tenera

890 2667 1024 2698 cervice
1040 2667 1208 2707 domatur,
1221 2674 1258 2700 et
1274 2668 1316 2700 ad
1332 2668 1510 2700 arbitrium
1527 2668 1587 2700 fin-

891 2717 998 2758 gitur:
1027 2718 1160 2748 catulus
1185 2717 1225 2748 ad
1250 2718 1464 2750 venationem
1487 2718 1588 2750 facile

890 2767 1046 2798 eruditur
1057 2778 1067 2798 z
1091 2768 1138 2799 sic
1152 2777 1237 2810 puer
1250 2767 1354 2800 bonos
1365 2777 1474 2800 mores
1486 2777 1586 2809 spon-

892 2823 926 2850 te
942 2817 1085 2850 imbibit.
