1890 3256
344 263 453 306 1010

812 279 854 315 Q.
885 277 1088 307 HORATu
1123 276 1293 307 FLAcm

344 365 402 405 Et
417 378 546 418 genus
566 369 610 406 et
626 367 776 415 virtus,
796 367 878 406 nisi
901 378 998 406 cum
1018 378 1076 415 re,
1098 366 1227 407 vilior
1245 369 1342 420 alga
1363 373 1443 409 est.

343 430 378 478 ΊῘ
397 430 582 480 Quando
601 431 866 484 pauperiem,
886 430 1032 471 missis
1050 433 1316 484 ambagibus,
1336 434 1506 487 horres;

343 495 526 548 Accipe,
547 508 633 548 qua
653 495 815 535 ratione
834 507 971 546 queas
991 496 1211 538 ditescere.

342 561 447 602 Sive
470 560 586 600 aliud
607 560 775 611 privum
795 559 968 600 dabitur
988 561 1067 602 tibi
1089 575 1101 613 ;
1131 563 1300 604 devolet
1319 565 1422 605 illuc

343 626 436 666 Res
457 626 529 665 ubi
547 637 705 675 magna
722 625 840 674 nitet,
862 625 1036 668 domino
1057 639 1162 667 sene
1190 641 1200 668 2

1267 499 1442 539 Turdus
1698 501 1752 554 10

1231 628 1376 669 dulcia
1394 642 1541 682 poma,

342 691 397 731 Et
419 701 715 742 quoscumque
735 688 840 730 feret
858 690 1001 730 cultus
1021 692 1099 732 tibi
1119 692 1276 734 fundus
1295 695 1494 744 honores,

342 755 458 794 Ante
479 754 632 794 Larem
652 757 788 805 gustet
809 756 1091 796 venerabilior
1111 757 1220 798 Lare
1241 758 1363 799 dives
1380 773 1391 810 ;

343 819 432 869 Qui
453 820 654 872 quamvis
674 819 868 872 perjurus
887 821 978 870 erit,
1003 823 1095 862 sine
1115 827 1251 875 gente,
1272 829 1473 866 cruentus

1677 825 1752 865 ⁴15

341 884 555 936 Sanguine
575 884 775 934 fraterno,
803 885 1032 938 fugitivus3
1063 901 1113 928 ne
1133 893 1276 930 tamen
1300 890 1362 930 illi

339 949 409 988 Tu
429 961 575 989 comes
596 950 794 999 exterior,
811 951 850 990 si
871 953 1078 1002 postulet,
1098 954 1158 993 ire
1176 965 1367 995 recuses.

340 1013 374 1061 ἿῘ
397 1013 512 1054 Utne
533 1019 675 1065 tegam
695 1027 854 1067 spurco
877 1016 1030 1058 Damae
1051 1018 1165 1059 latus
1179 1020 1198 1058 ’1
1228 1019 1343 1060 haud
1361 1021 1420 1060 ita
1439 1021 1582 1073 TroJae

337 1154 424 1192 origo
439 1158 468 1184 et
484 1154 583 1186 virtus
596 1156 686 1186 vilior
699 1159 745 1187 est
759 1156 842 1195 alga,
857 1156 885 1186 si
899 1156 1004 1195 opibus
1017 1157 1214 1189 destituatur.
1247 1158 1364 1189 Tmss.
1383 1158 1632 1198 Quandoquidem
1645 1158 1752 1200 absque

339 1196 590 1234 tergiversatione
612 1201 824 1237 paupertatem
845 1198 1007 1236 aversaris,
1021 1199 1094 1228 audi
1108 1209 1164 1238 quo
1181 1202 1267 1238 pacto
1282 1200 1457 1239 locupletari
1473 1200 1572 1231 liceat.
1615 1199 1651 1230 Si
1664 1201 1753 1231 done-

337 1239 390 1266 tur
404 1237 462 1267 tibi
476 1239 584 1268 turdus
597 1239 644 1269 vel
657 1239 810 1278 quidpiam
829 1239 995 1278 privatum,
1008 1240 1115 1270 statim
1129 1241 1287 1278 deseratur
1301 1251 1334 1271 eo
1349 1241 1398 1271 ubi
1414 1251 1531 1280 magnoe
1545 1250 1614 1280 opes
1625 1241 1752 1280 fulgent

337 1278 456 1308 domino
469 1282 563 1310 aetale
575 1283 713 1319 provecto
722 1290 732 1310 :
756 1280 1032 1319 quoslibetfructus
1046 1282 1212 1321 exquisitos
1226 1285 1257 1312 et
1270 1291 1395 1313 munera
1407 1284 1551 1321 producet
1565 1291 1638 1321 ager
1651 1283 1753 1313 excul-

339 1321 398 1357 tus,
413 1320 551 1357 degustet
567 1330 602 1350 ea
615 1330 707 1352 senex
722 1322 879 1360 opulentus
896 1331 962 1360 proe
977 1322 1110 1353 Laribus
1122 1324 1271 1354 colendus.
1319 1323 1382 1358 Qui
1403 1323 1473 1354 lieet
1493 1323 1626 1364 perfidus
1637 1323 1752 1360 suerit,

336 1359 489 1398 ignobilis,
502 1361 683 1399 fratricida,
697 1371 800 1392 servus
808 1372 821 1398 ,⁰
842 1372 878 1392 ne
894 1366 994 1393 tamen
1009 1364 1128 1394 dubites
1143 1374 1209 1394 eum
1222 1365 1367 1395 assectari
1389 1368 1422 1394 tu
1443 1374 1539 1395 comes
1557 1363 1700 1402 inferior,
1725 1363 1753 1394 a·

334 1403 430 1438 petat.
476 1401 598 1434 ULvss.
619 1403 727 1440 Egone
748 1403 845 1442 turpis
863 1403 974 1433 Dama:
995 1404 1052 1434 sim
1073 1406 1208 1435 assecla?
1229 1405 1351 1437 minime
1375 1406 1419 1435 sic
1433 1405 1499 1436 vixi
1513 1406 1592 1445 apud
1609 1405 1751 1444 woJam

930 1492 1160 1505 00000000000

337 1555 495 1586 illim—1⁰
518 1556 626 1596 Aspice
649 1557 744 1588 Gott.
768 1566 827 1596 qua
851 1557 970 1587 ratione
998 1567 1104 1596 queam
1131 1559 1208 1589 Vet.
1231 1559 1430 1590 Comb.—ll
1453 1559 1549 1591 Gott.
1566 1560 1649 1591 Exc.
1672 1559 1751 1590 Sax-

337 1596 470 1635 quidam
496 1606 550 1636 ap.
577 1597 719 1628 Laudin.
741 1602 776 1628 et
791 1598 939 1628 Florem.
956 1601 1046 1629 1482.
1090 1599 1163 1629 Sit-e
1177 1600 1262 1630 aliud
1281 1601 1422 1640 primum.
1466 1601 1476 1618 ‘
1493 1601 1645 1638 Primum,
1659 1601 1752 1640 cujus

335 1637 556 1668 auctoritates
573 1639 665 1676 posui
682 1647 794 1678 snpra,
808 1647 980 1678 possumus
1001 1639 1188 1679 intelligere
1205 1642 1256 1671 vel
1278 1641 1406 1672 ratione
1431 1642 1604 1680 temporis,
1625 1646 1663 1672 ut
1685 1641 1751 1681 pri·

336 1687 406 1708 mos
423 1677 531 1718 flores,
548 1677 691 1716 fructus,
707 1679 814 1719 pullos
829 1679 1040 1718 gallinaceos,
1055 1681 1198 1719 haleces,
1213 1683 1244 1712 in
1258 1683 1382 1722 magnis
1397 1682 1532 1713 urbibus
1543 1691 1621 1713 caro
1637 1683 1750 1713 venire

337 1719 508 1757 novimus;
531 1721 583 1751 vel
599 1725 740 1760 propter
762 1722 990 1761 praestantiam
1008 1722 1148 1762 aliquam
1177 1723 1209 1753 in
1233 1732 1291 1754 suo
1313 1733 1446 1763 genere,
1468 1733 1540 1764 quae
1565 1724 1751 1754 van-iurene

337 1761 472 1799 potest!
495 1762 591 1793 Gesn.
635 1762 776 1802 Cuning.
811 1762 888 1793 Sive
908 1763 994 1793 aliud
1011 1763 1193 1803 priva—18
1214 1764 1223 1780 ‘
1243 1765 1287 1795 Ut
1310 1774 1348 1795 ne
1374 1769 1475 1803 tegam
1500 1764 1622 1795 liabent
1643 1765 1752 1795 omnia

336 1802 465 1841 scripta
481 1809 598 1833 contra
613 1803 779 1842 vulgatam
796 1804 993 1842 lectionem;
1015 1809 1135 1844 estque
1156 1803 1373 1843 ἀγανάκτησις,
1397 1805 1535 1844 perinde
1551 1814 1590 1836 ac
1604 1805 1630 1835 si
1647 1805 1750 1841 dicat,

336 1842 425 1872 itane
441 1852 493 1873 me
508 1844 663 1874 comitem
679 1845 726 1874 ire
743 1844 856 1884 jubes,
873 1850 910 1875 ut
933 1854 1051 1885 spurco
1074 1851 1109 1876 et
1130 1846 1185 1876 vili
1207 1855 1394 1884 genereque
1411 1846 1522 1876 servili
1538 1850 1617 1876 nato
1632 1846 1750 1877 Damae

337 1883 489 1913 claudam
506 1885 591 1915 latus
608 1885 774 1915 sinistrum
787 1884 808 1916 ἓ*
833 1885 927 1923 Cruq.
974 1885 1018 1915 Et
1041 1885 1090 1916 ita
1105 1886 1186 1925 legit
1202 1887 1280 1916 Nic.
1294 1887 1409 1916 Heins.
1426 1887 1466 1917 ad
1483 1886 1585 1918 ovid.
1610 1887 1700 1918 Fast.
1715 1895 1749 1918 v.

335 1925 388 1954 21.
419 1925 428 1940 ‘
445 1925 500 1955 Sic
517 1925 638 1955 nabent
654 1925 728 1956 cod.
745 1926 811 1955 duo
826 1926 938 1956 Vatic.
955 1929 990 1956 et
1012 1926 1172 1958 Jannoct.
1197 1927 1314 1958 Faeru.
1328 1928 1467 1959 Tornes.
1483 1928 1640 1959 Russard.
1655 1929 1751 1968 cujixs

334 1964 487 1996 lectionis
512 1966 712 2007 elegantiam
737 1965 870 2007 quidam
895 1975 961 1997 non
987 1967 1215 2008 intelligentes
1240 1973 1493 2009 supposuerant,
1519 1969 1611 2001 Visne
1627 1969 1750 2009 tegam?

973 2061 1111 2093 NOTAE

378 2125 418 2152 10
441 2122 575 2162 Turdus]
598 2122 685 2154 Vide
710 2132 735 2154 1.
761 2123 832 2155 Sat.
859 2127 889 2154 5.
915 2129 950 2155 et
976 2132 1016 2154 11.

334 2170 403 2201 Sat.
419 2173 450 2201 2.

377 2221 415 2250 11
440 2219 586 2259 Primum]
606 2220 757 2260 Propriis
770 2220 898 2252 deliciis
911 2230 1015 2252 reser-

336 2271 460 2298 vntum.

379 2318 418 2346 14
439 2316 523 2347 Ante
537 2315 663 2356 Larem]
686 2317 824 2348 Laribus
840 2318 913 2348 Diis
929 2317 1017 2348 fruc-

336 2367 430 2394 tuum
448 2364 610 2404 primitias
625 2364 835 2396 deferebant.
879 2366 962 2397 Vide
979 2375 1019 2398 11.

337 2411 404 2442 011.
421 2414 475 2443 23.
491 2417 526 2443 et
542 2421 581 2444 11.
595 2413 666 2445 Sat.
680 2416 710 2445 3.
726 2415 798 2444 165.

378 2463 416 2491 15
433 2460 507 2491 Sine
513 2461 620 2500 gente]
633 2462 741 2493 Nullis
757 2462 944 2502 majoribus,
962 2463 1016 2504 qui

330 2508 403 2547 jam
415 2509 595 2539 claruerint
605 2521 613 2547 ς
625 2509 721 2540 homo
731 2518 848 2546 novus,
861 2510 1015 2551 libertus,

336 2558 520 2590 libertinus.
550 2559 621 2592 Cic.
634 2559 751 2599 Topic.
768 2569 801 2592 n.
811 2562 866 2591 29.
877 2560 885 2576 ‘
898 2560 1016 2591 Genti-

335 2607 383 2636 les
399 2613 475 2638 sunt
490 2608 546 2648 qui
561 2609 649 2639 inter
669 2618 705 2640 se
730 2608 848 2641 eodem
865 2615 943 2642 sunt
959 2619 1015 2641 uo·

335 2655 422 2685 mine
451 2657 494 2687 ab
522 2657 674 2696 ingenuis
701 2658 845 2696 oriundi,
877 2668 1014 2700 quorum

336 2703 495 2742 majorum
523 2714 620 2736 nemo
646 2707 841 2737 servitutem
866 2707 1015 2747 servivit,

337 2751 394 2792 qui
407 2754 519 2792 capite
534 2762 598 2785 non
615 2759 692 2785 sunt
707 2754 884 2786 diminuti!

1111 2127 1149 2155 17
1177 2125 1283 2155 Comes
1307 2125 1459 2165 exterior]
1480 2124 1636 2156 Inferiori
1654 2129 1750 2166 parte

1068 2173 1240 2211 incedens,
1271 2174 1403 2205 honoris
1436 2172 1613 2205 deferendi
1641 2182 1749 2205 cansa.

1069 2222 1205 2252 Interior
1217 2230 1341 2260 comes,
1356 2222 1411 2262 qui
1428 2222 1469 2252 ad
1485 2221 1651 2262 dextram,
1664 2225 1748 2253 exte-

1066 2270 1131 2300 rior
1142 2270 1197 2310 qui
1213 2270 1254 2300 ad
1272 2270 1400 2301 laevam.

1111 2321 1150 2349 18
1177 2319 1257 2349 Uene
1269 2317 1387 2356 tegam]
1410 2317 1499 2350 Gall.
1522 2318 1619 2358 Moy?
1630 2318 1667 2357 J'e
1685 2328 1749 2350 m·-

1065 2367 1161 2398 virois
1180 2366 1331 2406 cl'estafier
1343 2367 1362 2395 ὰ
1377 2375 1419 2396 un
1429 2366 1534 2406 coquin
1545 2369 1558 2396 ?
1578 2366 1748 2399 Abhorret

1067 2425 1205 2456 magnus
1228 2415 1354 2455 Ulyssis
1377 2416 1502 2446 animus
1525 2425 1544 2446 a
1561 2415 1696 2447 sordida
1712 2421 1749 2448 et

1068 2465 1183 2496 infami
1199 2464 1254 2494 illa
1269 2463 1455 2494 ditescendi
1471 2464 1612 2495 ratione.
1648 2464 1747 2496 Latus

1068 2513 1166 2544 alicui
1181 2515 1282 2551 tegere
1302 2512 1422 2542 dicitur
1438 2512 1494 2552 qui
1517 2513 1622 2543 virum
1645 2513 1748 2544 110110-

1069 2567 1174 2594 ratum
1192 2562 1242 2592 vel
1257 2562 1360 2601 stipat
1371 2567 1406 2594 ut
1417 2562 1568 2605 satelles,
1579 2563 1632 2594 vel
1646 2563 1747 2594 comi·

1069 2614 1158 2641 tatur
1182 2613 1219 2640 ut
1241 2610 1388 2648 assecla3
1418 2615 1518 2651 atque
1541 2610 1583 2642 ad
1605 2611 1674 2652 ejus
1689 2619 1744 2643 ca·

1067 2658 1230 2698 pensanda
1244 2659 1383 2698 imperia
1397 2663 1448 2689 est
1460 2658 1650 2699 expeditus.

1063 2726 1073 2746 ,χ
1108 2706 1232 2746 Damae]
1256 2707 1351 2738 Servi
1376 2711 1573 2749 nomenvest,
1593 2707 1742 2739 diminut-

1067 2764 1085 2786 a
1114 2756 1302 2788 Demetrio.
1344 2756 1431 2789 Vide
1459 2765 1484 2788 ι.
1511 2757 1581 2790 Sat.
1604 2759 1637 2789 6.
1661 2757 1742 2788 item
