1904 3256
822 288 866 324 Q.
897 286 1104 317 HORA'ru
1138 285 1310 315 FLAOGI

527 377 665 430 Niger
683 377 884 418 rudentes
905 377 1062 426 Eurus,
1079 377 1251 418 inverso
1270 379 1393 427 mari,
1743 383 1771 422 5

583 443 849 494 Fractosque
867 454 1008 482 remos
1027 441 1212 492 differat3

525 508 727 559 Insurgat
746 505 923 559 Aquilo,
950 512 1140 559 quantus
1160 508 1258 549 altis
1277 509 1494 550 montibus

583 572 759 624 Frangit
777 575 1010 612 trementes
1029 572 1152 613 ilices
1169 586 1180 624 ;

524 637 620 678 Nec
642 636 764 677 sidus
784 640 880 678 atra
897 640 1020 678 nocte
1041 638 1226 679 amicum
1245 644 1463 692 appareat,

580 701 680 750 Qua
700 701 832 743 tristis
853 701 989 742 Orion
1010 702 1149 754 cadit;

524 765 747 815 Quietiora
765 779 847 807 nec
865 767 1023 807 feratur
1043 780 1232 820 aequore,

577 830 720 880 Quam
738 830 875 873 Graia
896 833 1105 874 victorum
1125 846 1294 883 manus,

521 896 630 937 Cum
650 897 802 938 Pallas
821 901 921 939 usto
941 899 1073 940 vertit
1091 899 1198 940 iram
1217 900 1273 941 ab
1294 899 1380 940 Ilio

579 961 631 1001 In
649 962 829 1015 impiam
845 962 1002 1016 Ajacis
1021 968 1171 1006 ratem.

525 1027 562 1066 Ο
585 1030 771 1080 quantus
791 1029 925 1069 instat
943 1030 1104 1070 navitis
1125 1029 1256 1070 sudor
1275 1029 1377 1078 tuis,

577 1093 765 1146 Tibique
784 1095 923 1147 pallor
941 1095 1102 1144 luteus,

1717 703 1772 745 10

1715 1030 1771 1071 15

349 1211 459 1248 pergat
472 1208 570 1245 sanes
583 1212 614 1240 et
628 1218 725 1240 remos
738 1210 903 1250 disruptos.
946 1212 1107 1249 Exeat-gat
1122 1209 1232 1250 Aquilo
1248 1213 1310 1241 tam
1323 1210 1489 1249 vehemens,
1502 1218 1592 1249 quam
1603 1217 1671 1239 eum
1677 1207 1770 1246 fran-

349 1250 400 1288 git
421 1249 507 1280 ilices
524 1250 558 1281 in
571 1252 699 1282 excelsis
716 1252 868 1282 montibus
889 1261 1057 1283 concussus.
1102 1252 1170 1283 Nec
1189 1251 1354 1291 propitium
1373 1252 1468 1282 ullum
1487 1250 1636 1291 affulgeat
1653 1253 1772 1281 astrum

350 1294 436 1320 nocte
450 1291 586 1330 obscum,
598 1302 657 1331 qua
675 1296 763 1332 parte
781 1294 877 1324 Orion
891 1294 1012 1324 occidit.
1045 1294 1113 1325 Nec
1127 1293 1339 1333 tranquilliore
1352 1293 1430 1323 mari
1442 1293 1566 1331 naviget
1579 1301 1669 1332 quam
1683 1300 1771 1323 exer-

351 1332 432 1362 citus
446 1333 624 1364 Gra-corum
636 1334 743 1369 victor,
757 1335 875 1373 quando
891 1335 1035 1365 Minerva
1049 1335 1087 1365 ab
1101 1335 1222 1365 incensa
1239 1333 1330 1370 stoja
1342 1334 1421 1364 iram
1432 1333 1583 1364 convertit
1596 1333 1630 1363 in
1643 1334 1771 1363 scelera·

351 1376 415 1404 tam
427 1372 535 1412 Ajacis
548 1375 663 1406 navim.
709 1375 738 1404 0
750 1378 882 1414 quantus
893 1376 985 1406 sudor
999 1375 1136 1406 imminet
1156 1375 1219 1405 tuis
1238 1374 1360 1412 nautia
1381 1374 1438 1405 tibi
1452 1383 1522 1405 vero
1539 1375 1641 1414 pallor·
1652 1375 1771 1414 flavus,

940 1465 1173 1479 000000000000

351 1528 371 1556 7
396 1526 490 1557 Unus
519 1526 640 1557 mand.
663 1527 811 1568 Cruquii,
839 1528 939 1568 qualis
966 1528 1040 1559 altis
1061 1527 1290 1559 montilum—8
1314 1529 1455 1567 Frangat
1483 1528 1606 1559 Venet.
1629 1531 1665 1559 et
1692 1527 1772 1558 Vet.

352 1567 468 1598 Comb.
513 1567 624 1606 Fregit
650 1568 734 1599 citat
755 1569 887 1600 Plotius
913 1569 1157 1600 Grammaticus
1173 1579 1206 1609 p.
1222 1573 1316 1601 1647.
1358 1571 1425 1600 ‘Et
1447 1578 1527 1600 sane
1550 1568 1678 1599 dulcius
1692 1568 1772 1609 quitl

351 1608 439 1646 apud
456 1607 582 1638 Poe'tas
603 1618 674 1648 prae
701 1618 736 1640 se
764 1609 878 1640 ferunt
902 1610 1085 1640 Praeterita
1133 1619 1207 1641 uam
1234 1611 1446 1641 Praesentiaz
1469 1614 1508 1640 ut
1523 1618 1574 1641 tv.
1589 1608 1657 1640 Od.
1673 1611 1771 1639 1-12.

349 1648 445 1687 Virg.
463 1649 534 1679 AEn.
549 1658 589 1679 ιι.
604 1651 674 1680 223.
714 1650 879 1681 Neutrum
893 1654 1005 1681 tamen
1019 1651 1072 1681 hic
1088 1620 1245 1686 admiror,
1265 1652 1421 1692 quiajam
1437 1660 1535 1682 versu
1551 1650 1700 1691 proximo
1715 1650 1772 1680 ba-

349 1688 442 1719 buit:
466 1690 475 1706 ‘
493 1690 679 1730 Fractusque
700 1699 798 1722 remos
818 1691 970 1732 differat?
1014 1691 1177 1732 Equidem
1211 1693 1325 1728 Vertit.
1352 1693 1406 1723 vei
1430 1692 1564 1731 Sternit,
1587 1692 1640 1722 vei
1663 1691 1771 1721 simile

350 1730 443 1768 quid,
457 1729 616 1762 dixissem
640 1732 766 1771 potius,
790 1742 891 1773 quam
921 1734 971 1763 bis
1000 1733 1215 1765 continenter
1251 1734 1338 1764 idem
1364 1733 1503 1764 verbum
1531 1732 1772 1764 inculcassem:

351 1771 458 1803 Bentt.
501 1773 511 1789 ‘
532 1773 782 1804 Divinationem
820 1775 987 1814 propriam
1013 1774 1046 1804 in
1070 1779 1200 1805 textum
1230 1774 1421 1815 importavi,
1442 1774 1576 1814 Plangit
1601 1776 1773 1805 trementer.

348 1812 471 1843 Statim
486 1819 709 1850 praecesserat
724 1824 789 1845 vox
814 1815 945 1846 chtos
956 1826 968 1852 ;
992 1820 1027 1846 et
1042 1825 1197 1855 quorsum
1211 1816 1309 1846 sodes
1330 1817 1340 1834 ‘
1357 1816 1522 1854 tremere,’
1543 1817 1570 1846 si
1591 1816 1601 1832 ‘
1613 1814 1770 1854 frangan-

349 1852 433 1883 tur?’
480 1853 578 1884 Haud
593 1864 689 1885 secus
705 1856 802 1887 Lucr.
818 1865 869 1887 vr.
884 1858 957 1886 114.
980 1861 1014 1886 et
1028 1856 1089 1886 Sil.
1106 1856 1184 1886 Ital.
1201 1866 1226 1887 1.
1241 1859 1315 1887 587.
1339 1866 1404 1888 non
1427 1856 1558 1897 vulgari
1582 1855 1770 1894 (θεραπηίης

348 1893 407 1924 ubi
422 1893 555 1934 quidam
569 1895 668 1925 codd.
684 1896 785 1926 etiam
806 1896 934 1927 habent
955 1895 965 1912 ‘
978 1895 1181 1935 frangunt.”
1209 1897 1334 1934 Wakef.
1379 1899 1491 1928 Klotz.
1513 1897 1600 1936 conj.
1631 1896 1768 1934 Frangit

346 1937 510 1972 gementes.
553 1936 639 1966 Vide
663 1937 858 1967 Drackenb.
882 1938 941 1967 Sil.
957 1936 1177 1968 Ital.vn.49.
1200 1938 1315 1968 Burm.
1341 1938 1382 1968 ad
1407 1938 1508 1969 Ovid.
1532 1938 1615 1968 Met.
1631 1946 1679 1968 iv.
1693 1939 1768 1968 449.

349 1975 467 2007 Heius.
491 1976 532 2006 ad
555 1976 658 2007 Ovid.
673 1977 758 2008 Met.
769 1986 853 2008 xxv.
870 1980 944 2009 739.
967 1982 1003 2008 et
1018 1979 1130 2009 Bentl.
1146 1987 1201 2009 111.
1216 1981 1267 2010 27.
1302 1979 1610 2017 Frangitsrementes
1625 1978 1768 2018 Cuning.

348 2019 431 2047 —18
457 2017 534 2048 Cum
552 2018 657 2048 Panas
680 2021 748 2049 usta
770 2018 858 2050 idem
874 2019 1099 2059 Cuning.—-17
1121 2019 1223 2050 Liber
1244 2019 1488 2052 vetustissimus
1507 2019 1690 2058 Tor-rentii,
1710 2028 1770 2051 non

995 2102 1139 2134 No'rAE

347 2171 412 2204 que
423 2161 579 2194 fluctibus
593 2163 747 2195 obruant.
768 2163 1033 2205 Virgii.AEneid.
1086 2165 1163 2205 Ilio]
1185 2163 1324 2196 Offensa
1346 2165 1489 2205 primum
1510 2165 1568 2197 ilia
1587 2165 1699 2196 fuerat
1713 2164 1769 2204 ju-

349 2212 723 2253 1.89.‘UuaEurusque
738 2213 912 2254 Notusque
923 2217 1034 2254 ruunt,
1086 2213 1173 2245 dicio
1199 2213 1344 2252 Paridis,
1370 2214 1520 2254 adeoque
1545 2212 1694 2253 Trojanis
1720 2213 1769 2243 in·

348 2260 533 2302 creberque
547 2262 702 2300 procellis
717 2261 877 2294 Africus!
1085 2262 1195 2293 festa:
1228 2262 1349 2293 deinde
1379 2262 1510 2294 Graecis
1536 2262 1660 2299 etiam;
1697 2265 1767 2292 tum

391 2312 431 2341 10
456 2310 569 2350 orion]
592 2310 643 2340 De
657 2310 754 2350 hujus
773 2311 892 2342 sideris
913 2320 1034 2342 occasu
1085 2311 1176 2352 quod
1205 2312 1343 2351 Ulysses
1375 2315 1411 2341 et
1448 2309 1629 2341 Diomedes
1658 2317 1678 2339 e
1707 2318 1767 2340 suo

349 2361 576 2398 tempestuoso
602 2363 639 2390 et
667 2360 902 2399 navigantibus
931 2360 1030 2396 tristi,
1085 2359 1210 2399 templo
1239 2357 1428 2389 Palladium
1459 2357 1659 2397 rapuissent,
1683 2360 1766 2396 tum,

348 2417 374 2438 1.
402 2406 469 2438 Od.
496 2409 548 2438 28.
572 2410 625 2438 21.
661 2417 700 2439 ιι.
727 2408 795 2439 Od.
819 2411 871 2440 13.
894 2408 928 2439 ἰη
950 2408 1030 2448 fine,

347 2465 403 2487 111.
419 2455 486 2486 Od.
503 2458 535 2487 4.
551 2455 613 2486 sub
628 2455 740 2497 finem,
755 2459 817 2488 ὅτε.

390 2506 430 2535 12
455 2504 557 2535 Graia
577 2504 724 2536 victorum
738 2506 869 2546 gruonae]
891 2506 944 2537 Ad
969 2506 1032 2537 Ca-

347 2552 507 2592 phareum
524 2553 661 2584 Euboeae
685 2554 946 2594 promontorium
966 2555 1031 2586 dis-

342 2601 439 2640 jecta
463 2605 536 2632 tota
550 2602 663 2633 classis
678 2602 871 2634 Graecorum
888 2608 1033 2644 tempes-

349 2650 471 2680 tatibus
484 2654 613 2681 tautum
626 2660 691 2682 non
709 2652 821 2691 periit,
831 2661 906 2683 cum
919 2661 1031 2683 rever-

350 2701 501 2728 terentur
516 2702 591 2738 post
601 2705 827 2740 expugnatam
843 2701 988 2741 Trojam.

389 2748 428 2778 13
453 2746 530 2777 Cum
547 2747 654 2778 Pallas
675 2752 743 2779 usto
769 2749 863 2780 vertit
887 2748 968 2779 imm
991 2749 1029 2780 ab

1084 2413 1123 2439 ut
1141 2407 1233 2439 canit
1252 2407 1413 2447 Virgilius
1429 2405 1503 2436 AEn.
1519 2414 1543 2436 r.
1558 2408 1612 2436 45.
1636 2406 1646 2423 ‘
1659 2405 1767 2438 Unius

1083 2456 1128 2487 ob
1143 2465 1262 2486 noxam
1277 2459 1313 2486 et
1328 2454 1430 2485 furias
1446 2453 1561 2494 Ajacis
1577 2453 1692 2485 Oilei.’

1127 2506 1166 2534 14
1190 2503 1321 2543 Impiam
1348 2502 1453 2539 Aiacis
1487 2503 1599 2542 ratem]
1636 2501 1765 2542 Impius

1084 2556 1177 2585 certe
1191 2552 1281 2592 Ajax
1303 2551 1418 2582 Oileus
1441 2554 1476 2581 et
1499 2550 1692 2590 sacrilegus,
1710 2552 1766 2592 qui

1083 2601 1304 2633 Cassandram
1332 2600 1374 2630 ad
1403 2599 1493 2639 ipsas
1521 2597 1668 2629 Pauadis
1692 2607 1766 2630 ara·

1082 2651 1233 2682 violarat.
1278 2649 1372 2680 Unde
1388 2648 1480 2679 navis
1496 2648 1568 2688 ejus
1590 2645 1743 2678 diffracta
1753 2657 1764 2684 ;

1081 2699 1152 2738 ipse
1166 2707 1246 2729 vero
1259 2706 1336 2728 mox
1357 2697 1389 2727 in
1411 2705 1528 2728 saxum
1546 2699 1685 2728 enatans
1701 2693 1764 2726 fui·

1080 2748 1168 2779 mine
1184 2746 1311 2787 pariter
1325 2745 1474 2778 attritus.
