1890 3256
563 312 840 347 sERMONuM
880 315 971 346 mu.
1004 315 1056 345 11.
1086 305 1128 346 8.
1466 303 1576 345 1051

126 404 217 447 Hic
239 404 392 458 herus;
423 403 661 455 Albanum,
685 407 933 457 Maecenas,
955 406 1050 447 sive
1074 405 1306 447 Falernum

122 473 188 515 Te
207 473 348 527 magis
367 472 592 527 appositis
614 472 831 525 delectat;
859 474 1078 514 habemus
1100 476 1348 526 utrumque.

122 538 159 589 ἹῘ
183 540 376 582 Divitias
395 538 603 580 miseras!
636 539 723 581 Sed
745 541 874 594 queis
894 540 1176 582 coenantibus
1195 552 1300 589 una,

124 607 342 657 Fundani,
363 606 545 660 pulchre
565 606 696 648 fuerit
716 607 810 658 tibi,
827 621 960 649 nosse
979 607 1152 648 laboro.

122 675 158 725 Ἦ
180 675 384 717 Summus
405 685 504 727 ego,
525 678 568 715 et
590 688 729 728 prope
749 689 819 716 me
837 674 1005 716 Viscus
1026 675 1267 724 ThurinuS,
1287 676 1332 714 et
1351 672 1477 723 infra,
1521 674 1577 714 20

122 743 171 784 Si
187 742 374 792 memini,
390 740 583 794 Varius3
605 755 707 783 cum
727 742 917 784 Servilio
936 742 1178 794 Balatrone

123 809 350 858 Vibidius,
371 822 486 862 quos
510 809 738 851 Maeeenas
760 810 1007 851 adduxerat
1027 810 1222 850 umbras.

120 955 175 977 con
198 948 302 977 autem
326 945 440 977 Chium
462 946 573 986 ubsque
593 945 716 977 marina
740 954 831 985 aqua.
878 944 959 975 Mox
972 945 1114 976 dominus
1129 944 1234 975 dixit.-
1259 943 1299 975 Si
1313 943 1403 981 forle
1420 942 1577 974 Albanum

118 989 168 1019 vel
185 989 364 1029 Falernum,
385 998 403 1019 ο
418 989 588 1028 Maecenas,
608 991 639 1019 te
657 988 828 1029 plusculum
841 987 948 1026 juvat,
973 995 1064 1028 quum
1091 998 1159 1028 quoe
1184 988 1280 1018 allata
1303 989 1388 1025 sunt,
1415 989 1579 1025 utrumque

118 1031 216 1064 adut.
261 1031 405 1062 HORAT.
430 1032 460 1061 0
474 1031 688 1070 infortunatus
709 1029 803 1070 opes!
822 1033 856 1060 at
878 1039 952 1060 aveo
977 1031 1068 1067 scire,
1091 1029 1270 1070 quibuscum
1295 1028 1492 1069 epulantibus
1514 1031 1579 1058 tam

119 1073 204 1104 laute
223 1074 404 1108 coenuueris,
418 1084 436 1104 ο
453 1074 613 1105 Fundani.
659 1074 828 1104 FUNDAN.
852 1073 924 1111 Ego
943 1082 1083 1113 supremo
1096 1073 1129 1103 in
1145 1076 1226 1111 toro,
1239 1075 1271 1103 et
1284 1071 1383 1110 juxta
1403 1080 1451 1102 me
1467 1070 1578 1101 Viscus

123 1115 282 1147 Thurinus
295 1116 510 1153 mammam
532 1119 624 1156 atque
639 1115 783 1154 inferiori
798 1116 873 1155 loco,
893 1115 922 1145 si
946 1115 1020 1146 bene
1041 1116 1199 1153 recordor,
1220 1114 1342 1145 Varius.
1389 1113 1529 1144 Aderant
1543 1112 1577 1142 in

119 1158 220 1189 medio
240 1159 318 1190 lecto
332 1158 487 1190 Servilius
503 1159 648 1200 Balatro,
662 1161 693 1190 et
713 1157 879 1195 Vibidium
901 1167 975 1199 quos
988 1159 1122 1189 asseclas
1136 1159 1310 1189 adduxerat
1325 1156 1493 1187 Maeceuus.
1537 1155 1578 1185 Iu

726 1262 968 1276 ooooooooooo

120 1347 205 1370 unus
217 1338 299 1371 Vat.
314 1338 414 1370 Rom.
435 1342 471 1370 et
488 1338 637 1371 Chisian.
654 1341 770 1371 1.-17
793 1338 950 1380 Angelic.
966 1342 998 1371 1.
1014 1339 1198 1380 appositum.
1229 1337 1409 1369 Barberin.
1423 1339 1455 1368 2.
1480 1337 1578 1368 delec-

119 1382 286 1412 tant.—18
309 1380 415 1414 Aldd.
432 1384 528 1413 1501.
545 1385 639 1413 1509.
652 1384 757 1413 1519.
775 1381 872 1414 Junt.
890 1384 984 1414 1503.
999 1380 1147 1421 Argent.
1160 1383 1255 1412 1514.
1274 1381 1374 1411 Dion.
1393 1379 1435 1409 ab
1451 1379 1578 1410 Harsio

120 1423 232 1463 Lugd.
248 1426 342 1455 1538.
359 1427 393 1454 et
410 1424 538 1455 Muret.
552 1424 580 1455 εἰ
595 1424 761 1463 quis.—2o
789 1423 900 1455 Viscus
918 1424 1097 1455 Thurrinus
1112 1423 1179 1454 duo
1196 1423 1291 1453 Vatt.
1312 1422 1368 1453 alii
1385 1421 1470 1452 Mss.
1486 1420 1578 1461 apud

118 1465 230 1497 Puim.
246 1465 331 1497 edit.
349 1466 435 1498 Ven.
447 1469 541 1497 1481.
571 1467 680 1498 Viscus
695 1466 848 1497 Turrinus
863 1467 950 1497 Mss.
967 1466 1057 1506 apud
1075 1466 1220 1497 eundem
1235 1464 1345 1496 Pulm.
1360 1463 1417 1505 qui
1435 1463 1578 1504 conjicit

118 1507 298 1548 legendum
318 1508 488 1545 Tur-mnus,
504 1513 543 1540 ut
556 1509 615 1539 iile
635 1509 694 1548 sit,
708 1508 752 1539 de
769 1518 835 1549 quo
854 1508 956 1540 Ovid.
974 1517 1024 1539 tv.
1040 1517 1083 1540 ex
1102 1507 1230 1546 Ponto,
1246 1508 1310 1548 Ep.
1328 1509 1380 1538 16.
1397 1508 1452 1537 29.
1475 1507 1484 1523 ‘
1499 1505 1577 1537 Mu-

118 1560 224 1592 saque
239 1551 386 1583 Turrani
404 1551 542 1592 tragicis
566 1551 682 1582 innixa
705 1550 893 1582 columnis!
938 1551 1060 1582 Luscus
1077 1551 1212 1582 Turinus
1227 1551 1312 1580 alius
1329 1550 1410 1580 Vat.
1443 1548 1580 1579 Turinus

117 1593 248 1625 Muret.
268 1594 278 1611 ‘
296 1593 364 1626 Sed
382 1594 468 1626 bene
492 1594 649 1625 Thurinus
673 1604 692 1624 a
720 1593 847 1634 Thurin,
870 1594 1008 1634 Magnae
1027 1594 1175 1625 Graeciae
1193 1591 1303 1630 urbe;
1327 1596 1365 1622 ut
1380 1590 1471 1632 apud
1493 1600 1577 1622 eun-

120 1635 198 1667 dem
215 1635 320 1667 Ovid.
331 1645 395 1668 xv.
411 1636 576 1668 Met.·52.'
590 1636 754 1668 Fea.—22
769 1637 853 1668 Tres
868 1637 966 1668 Vatt.
981 1635 1129 1678 Chisiun.
1146 1639 1176 1667 1.
1192 1634 1371 1666 Barbarin.
1382 1637 1412 1665 l.
1429 1637 1463 1664 et
1482 1632 1578 1664 Harl.

120 1679 152 1708 4.
169 1687 245 1718 quus
255 1678 351 1710 Μαι.
365 1679 501 1711 umbras.
541 1678 592 1711 Cf.
607 1678 744 1711 Sallust.
762 1679 839 1711 Cat.
854 1681 908 1710 58.
932 1678 1006 1710 Cic.
1019 1678 1119 1710 Orat.
1139 1687 1205 1709 vu.
1221 1680 1274 1708 36.
1299 1681 1335 1708 et
1350 1676 1465 1708 Somn.
1482 1675 1577 1717 Scip-

774 1783 807 1816 N
813 1783 919 1816 01·AE

162 1861 204 1891 16
225 1856 397 1899 Albanum]
419 1858 499 1890 vid.
513 1868 567 1890 xv.
581 1858 649 1890 od.
667 1861 720 1892 11.

162 1908 348 1949 Fukmum]
370 1909 452 1940 vid.
467 1918 492 1940 1.
510 1909 578 1940 Od.
593 1912 646 1940 20.

160 1961 202 1990 18
229 1959 373 1991 Divitias
394 1959 539 2000 miseras]
578 1958 657 1990 Hoc
676 1957 732 1989 alii
748 1957 817 1990 dici

119 2009 240 2041 volunt
265 2019 286 2041 a
305 2009 497 2048 Fundanio,
519 2010 576 2040 aiii
598 2009 642 2041 ab
658 2009 817 2042 Horatio.

117 2059 244 2091 Sensus
270 2063 344 2090 est:
379 2059 524 2089 Miser-as
550 2058 703 2099 divitias,
739 2069 816 2100 quae

119 2108 261 2143 divitem
279 2107 401 2139 nedum
425 2107 553 2139 faciant
573 2108 733 2148 beatum3
757 2109 820 2140 im-

118 2168 174 2191 mo
204 2168 360 2200 persaepe
392 2158 564 2190 sordidum
594 2163 630 2190 et
659 2159 818 2190 miserum

119 2209 290 2242 reddunt!
336 2210 439 2241 Certe
460 2208 514 2240 hic
529 2208 646 2240 sordes
662 2207 820 2240 Nasidie-

117 2269 181 2292 nus
204 2259 356 2298 exhibet,
377 2259 433 2301 qui
457 2268 522 2290 non
544 2258 662 2290 statim
688 2260 820 2300 optima

116 2309 196 2342 vina
232 2309 419 2341 Maecenati
457 2308 650 2349 depromat.
709 2309 818 2341 Eccui

115 2360 292 2392 enimvero
329 2359 386 2390 alii
418 2359 617 2391 reservabat
647 2358 819 2391 Albanum

119 2421 214 2444 sunm
228 2416 266 2444 et
280 2409 485 2442 Falernum?

161 2464 204 2494 19
227 2460 390 2501 Fundani]
427 2460 497 2491 Hic
516 2464 593 2492 erat
609 2469 648 2491 eo
665 2460 819 2501 tempore

118 2510 224 2553 potita
253 2511 390 2543 Comico
414 2510 484 2542 sale
515 2515 552 2542 et
581 2509 719 2542 facetiis
749 2511 819 2542 cia-

119 2570 188 2593 rus.

161 2612 204 2642 2⁰
225 2608 369 2641 Summus
397 2610 468 2651 ego]
504 2611 577 2651 Ego
606 2620 756 2643 summus
783 2610 817 2641 in

120 2669 250 2692 summo
266 2660 368 2691 lecto.
414 2660 470 2691 De
493 2659 560 2692 situ
575 2660 818 2693 discumbenti·

120 2720 192 2746 um,
215 2714 252 2741 et
266 2709 398 2740 ratione
413 2709 647 2744 discumbendi
662 2712 704 2743 ad
724 2721 818 2743 men-

122 2769 208 2800 sam,
231 2759 286 2801 egi
302 2768 327 2792 1.
348 2759 417 2791 od.
440 2762 493 2790 27.
538 2760 628 2792 Item
650 2771 676 2794 1.
699 2762 770 2794 Sat.
786 2765 820 2794 4.

122 2813 176 2842 86.
222 2810 332 2841 Porro
355 2809 541 2842 notandum
563 2815 628 2847 est,
647 2812 821 2844 honorati-

123 2870 217 2893 orem
247 2861 280 2892 in
305 2870 438 2902 quoque
468 2864 544 2892 toro
574 2860 686 2893 locum
710 2862 818 2894 fuisse

874 1858 1046 1891 medium:
1082 1863 1118 1891 et
1154 1856 1304 1891 convivii
1337 1857 1512 1890 dominum
1542 1857 1577 1889 in

874 1909 942 1940 imo
968 1910 1061 1941 lecto
1091 1919 1227 1948 semper
1254 1908 1469 1940 accubuisse.
1502 1907 1576 1939 Ita-

874 1968 940 2000 que
964 1958 1020 1990 hic
1049 1959 1083 1990 in
1106 1969 1236 1990 summo
1258 1963 1334 1990 toro
1355 1958 1486 1989 medius
1502 1961 1579 1989 erat

873 2009 1069 2042 Fundanius
1084 2009 1224 2041 Viscum
1236 2009 1423 2040 Thurinum
1447 2009 1578 2049 superi-

869 2070 962 2092 orem
981 2060 1073 2091 inter
1088 2065 1126 2091 et
1142 2059 1283 2091 Varium
1300 2058 1509 2091 inferiorem.
1534 2059 1577 2091 In

871 2110 984 2142 medio
1007 2111 1099 2142 lecto
1122 2109 1254 2142 medius
1280 2110 1453 2140 Maecenas
1475 2109 1578 2140 Bala-

872 2163 1004 2192 tronem
1020 2159 1111 2193 iuter
1127 2164 1163 2190 et
1179 2158 1369 2198 Vibidium,
1393 2159 1403 2175 ⁴
1416 2168 1501 2199 quos
1517 2159 1577 2190 ad-

871 2208 1017 2241 duxerat
1043 2207 1206 2241 umbras!
1250 2210 1292 2240 In
1319 2209 1387 2242 imo
1414 2210 1576 2241 Nasidie-

872 2268 935 2290 nus
964 2269 1041 2291 cum
1065 2259 1133 2291 snis
1161 2259 1331 2301 convivis,
1356 2259 1575 2292 Nomentano

872 2310 1003 2342 scilicet
1018 2314 1054 2341 et
1070 2310 1207 2343 Porcio.

922 2359 1034 2391 Viscus
1052 2359 1225 2402 narinus]
1261 2360 1392 2392 Thur-io
1406 2359 1575 2392 Calabriae

872 2409 999 2450 oppido
1015 2409 1188 2442 oriundus.
1212 2419 1238 2443 ι.
1256 2410 1327 2442 sat.
1343 2412 1395 2441 10.
1412 2412 1466 2441 83.

915 2462 954 2491 21
986 2460 1114 2501 Varius]
1148 2461 1203 2491 De
1220 2469 1262 2491 eo
1276 2459 1406 2492 celebri
1421 2457 1534 2490 Poeta
1550 2468 1575 2490 ι.

873 2508 941 2542 od.
957 2512 988 2542 6.
1006 2520 1031 2541 ι.
1045 2510 1118 2541 Sat.
1133 2513 1165 2541 5.
1180 2514 1220 2547 et
1231 2511 1263 2540 8.

912 2562 955 2591 22
982 2559 1131 2600 Umbras]
1154 2559 1311 2598 Scurras,
1324 2558 1503 2599 parasitos,
1515 2559 1574 2591 ho-

867 2610 975 2642 mines
1005 2619 1072 2641 non
1097 2609 1260 2640 invitatos
1291 2619 1311 2639 a
1337 2610 1573 2649 convivator-e,

870 2661 930 2692 sed
947 2661 989 2692 ab
1005 2660 1158 2692 invitatis
1174 2660 1343 2691 adductos
1361 2660 1454 2691 velut
1469 2661 1573 2691 comi-

870 2715 935 2742 tes.
980 2710 1036 2742 Sic
1066 2710 1156 2742 enim
1192 2710 1325 2750 pridem
1364 2709 1408 2741 ad
1439 2719 1573 2742 coenam

869 2766 1024 2803 vocatus,
1037 2761 1081 2793 de
1098 2761 1242 2802 hospitis
1260 2760 1406 2792 confisus
1422 2760 1573 2793 benevo-

870 2813 989 2852 lentia,
1016 2812 1182 2854 quosdam
1209 2811 1403 2842 deducebat
1427 2812 1573 2843 asseclas

871 2872 1006 2895 secum:
1041 2862 1163 2904 quibus
1186 2870 1309 2893 nomen
1334 2861 1452 2894 datum
1469 2870 1512 2892 ex
1529 2870 1572 2892 eo
