1890 3256
630 290 908 322 SERMONUM
941 289 1037 320 ms.
1070 289 1124 320 ιι.
1153 281 1195 320 7.
1535 278 1647 321 1037

194 384 405 428 Contudit
424 385 650 435 articuIOS,
667 386 742 439 qui
759 398 840 440 pro
860 398 908 427 se
927 385 1098 426 tolleret
1115 388 1246 438 atque

193 451 391 495 Mitteret
409 453 452 494 in
472 453 667 506 phimum
688 453 822 504 talos,
843 452 1048 494 mercede
1069 451 1226 492 diurna

194 517 473 560 Conductum
491 517 638 572 pavit3
670 523 838 572 quanto
860 519 1131 561 constantior
1151 517 1267 559 idem

193 585 248 627 In
267 586 403 638 vitiis,
423 589 547 627 tanto
564 584 707 626 levius
727 586 858 626 miser
877 598 931 627 ac
952 585 1070 639 prior
1088 585 1164 626 illo

194 652 284 704 Qui
297 652 393 706 jam
414 655 637 702 contento,
651 652 747 706 J’am
767 653 872 693 laxo
889 652 991 694 fune
1011 653 1196 694 laborat.

193 719 230 769 Ἥ
252 719 356 760 Non
375 717 495 778 dices
514 718 662 768 hodie,
682 731 891 772 quorsum
912 719 1007 760 haec
1030 723 1119 760 tam
1141 718 1297 772 putida
1316 717 1512 768 tendant,

1591 651 1646 692 ΞΟ

191 834 340 868 hominem
351 835 530 876 quotidiana
555 837 694 867 mercede
717 834 899 865 conductum
920 833 1013 875 aluit,
1029 834 1082 874 qui
1105 834 1233 866 taxillos
1243 844 1302 875 pro
1317 845 1350 866 se
1363 835 1523 874 colligeret
1540 844 1576 865 ac
1591 834 1647 864 im-

190 877 328 910 mitteret
342 879 377 909 in
388 879 554 909 alveolum.-
577 881 693 918 quanto
708 876 810 915 magis
835 878 980 907 constans
1001 876 1037 906 in
1057 878 1177 916 pravis,
1198 881 1286 908 tanto
1307 877 1410 908 minus
1430 877 1546 916 infelix
1558 887 1648 917 quam

188 919 276 959 μνίου·
287 920 360 960 iste,
375 921 430 962 qui
443 931 523 952 nunc
538 920 658 952 intento
677 929 758 950 manc
774 919 881 949 laxato
890 917 972 956 fune
985 919 1136 950 luctatur.
1184 919 1280 952 Hon.
1300 919 1356 951 An
1368 930 1430 951 mm
1444 920 1534 951 hodie
1546 919 1648 951 decla-

794 1023 1033 1036 eeeeeeeeeeee

190 1104 227 1131 et
240 1099 450 1132 Jaeek.—l⁷
474 1099 571 1131 Gott.
598 1099 630 1129 in
655 1108 763 1139 marg.
777 1099 861 1130 Exc.
878 1098 957 1130 Sax.
974 1098 1102 1130 Venet.
1126 1098 1288 1131 Glarean.
1305 1102 1342 1131 et
1359 1098 1478 1131 Lamb.
1499 1109 1647 1141 pyrgum.

190 1141 288 1174 Gott.
305 1142 400 1173 Harl.
417 1145 451 1173 2.
468 1144 499 1172 3.
514 1144 545 1173 4.
558 1144 591 1172 6.
615 1146 747 1181 septem
765 1150 821 1182 ap.
839 1141 956 1181 Feam,
978 1141 1035 1171 alii
1058 1141 1148 1181 apud
1168 1142 1286 1174 Lamb.
1302 1142 1414 1174 Pulm.
1438 1142 1543 1182 Cruq.
1558 1143 1648 1173 Can-

191 1188 256 1216 ter.
278 1184 367 1216 Nov.
386 1185 482 1215 Lect.
509 1192 573 1215 vn.
598 1186 630 1214 8.
673 1183 777 1214 Torr.
804 1183 878 1214 Val.
905 1187 942 1214 et
968 1182 1053 1214 edit.
1076 1183 1172 1215 Med.
1197 1186 1292 1215 1477.
1311 1184 1476 1225 pleimum;
1501 1183 1648 1224 probant

191 1226 298 1267 Cruq.
314 1230 350 1257 et
366 1227 518 1265 Comen,
533 1230 722 1267 sequuntur
737 1226 828 1257 Dae.
853 1225 950 1256 Talb.
965 1225 1069 1257 Baxt.
1094 1226 1210 1257 Bentl.
1237 1226 1325 1258 Cun.
1349 1226 1430 1258 San.
1443 1226 1534 1257 Phil.
1552 1226 1649 1257 Batt.

189 1268 340 1309 Sandby,
357 1269 433 1299 Val.
452 1268 570 1299 Oberl.
586 1267 705 1299 Comb.
722 1266 857 1299 Wakef.
875 1268 975 1306 Piue,
987 1268 1132 1299 Wetzel.
1145 1269 1287 1309 Bipont.
1303 1268 1409 1300 Kidd.
1426 1268 1509 1308 Fea,
1524 1268 1649 1307 Bothe,

190 1316 227 1342 et
240 1310 450 1343 Jaeck.-18
475 1310 640 1342 Indue-tum
654 1310 722 1341 duo
738 1310 839 1342 codd.
856 1319 911 1350 ap.
926 1310 1041 1342 Feam.
1063 1310 1161 1342 isdem
1179 1320 1240 1342 sex
1263 1321 1320 1352 ap.
1344 1311 1504 1351 eundem,
1518 1310 1574 1341 alii
1591 1320 1648 1350 ap.

191 1353 297 1395 Cruq.
321 1353 459 1384 Talbot.
488 1358 523 1383 et
552 1352 709 1384 oberlin.
740 1357 947 1392 receperunt
973 1352 1054 1391 Fea,
1077 1353 1202 1389 Bothe,
1224 1357 1260 1385 et
1281 1353 1492 1386 Jaeck.-19
1514 1353 1596 1384 Vat.
1611 1357 1649 1383 et

190 1396 276 1428 alter
292 1405 312 1426 a
327 1405 370 1427 m.
387 1405 439 1436 pr.
456 1404 511 1434 ap.
529 1395 646 1432 Feam,
669 1395 779 1426 melius
802 1395 906 1425 miser.
951 1394 1052 1426 Harl.
1067 1397 1098 1427 3.
1119 1398 1151 1426 6.
1176 1395 1357 1427 duodecim
1381 1405 1438 1436 ap.
1458 1395 1574 1435 Feam,
1590 1394 1648 1425 alii

189 1437 280 1478 apud
309 1437 427 1469 Lamb.
453 1437 566 1467 Pulm.
585 1435 713 1475 Acron,
729 1435 839 1467 Aldus
855 1435 952 1467 1509.
969 1439 1064 1468 1519.
1088 1437 1174 1468 edit.
1200 1437 1292 1469 Frib.
1310 1440 1405 1468 1536.
1430 1437 1583 1468 restituit
1604 1445 1649 1467 ex

188 1479 257 1511 suis
279 1479 364 1512 Mes.
387 1478 585 1517 Lambinus,
608 1482 797 1519 sequuntur
812 1478 939 1517 Georg.
963 1478 1096 1510 Fabric.
1120 1478 1294 1520 Gryphius
1312 1481 1408 1511 1666.
1430 1478 1539 1510 Chab.
1562 1478 1649 1510 Dae.

188 1520 292 1554 Baxt.
309 1521 399 1553 Phil.
414 1521 512 1553 Batt.
529 1520 652 1553 Oberl.
670 1519 806 1552 Wakef.
822 1520 968 1552 Wetzel.
987 1519 1094 1552 Gesn.
1111 1521 1252 1562 Bipont.
1272 1520 1404 1553 Wakef.
1419 1521 1504 1559 Fea,
1518 1521 1647 1560 Bothe,

187 1569 224 1597 et
241 1564 394 1604 Doering.
415 1574 453 1595 ac
471 1563 560 1605 prior
574 1563 640 1595 illo.
685 1563 819 1594 Laudat
833 1563 991 1595 Torreat.
1008 1562 1068 1595 sed
1085 1572 1151 1594 non
1169 1563 1327 1605 adoptat.
1371 1563 1443 1595 Alii
1469 1563 1540 1594 sive
1561 1563 1647 1595 Mus.

187 1607 259 1638 aive
275 1607 370 1643 editi,
385 1616 422 1638 uc
443 1607 534 1647 prior
556 1606 620 1645 ille,
636 1606 742 1636 acrior
756 1605 821 1644 ine,
845 1605 951 1637 acrior
964 1606 1038 1637 illo.-
1059 1605 1164 1637 acrior
1179 1606 1232 1637 ille
1245 1610 1291 1637 est
1308 1606 1390 1637 Vat.
1407 1615 1462 1646 ap.
1478 1606 1595 1642 Feam,
1612 1611 1662 1646 et*

187 1648 382 1688 Lambinus,
397 1651 453 1690 qui
470 1658 538 1680 non
555 1648 695 1680 damnat
712 1647 897 1679 lectionem
925 1657 962 1678 uc
983 1648 1070 1688 prior
1084 1648 1149 1686 ille,
1170 1648 1314 1688 exponit
1328 1658 1378 1687 ac,
1393 1657 1456 1688 pro
1472 1657 1585 1687 quaem
1609 1651 1648 1678 ut
1662 1647 1666 1651 ‘

188 1691 247 1729 sit,
263 1697 360 1723 tanto
375 1692 482 1722 levius
498 1691 600 1722 miser
614 1700 624 1728 3
646 1690 681 1721 id
698 1695 764 1730 est,
780 1689 890 1720 minus
907 1690 1023 1729 miser,
1041 1699 1141 1730 quam
1156 1691 1248 1729 prior
1264 1690 1334 1727 ille,
1350 1690 1419 1730 qui,
1436 1691 1501 1720 διο.
1523 1698 1647 1728 nempe

188 1732 340 1765 Priscus.
363 1737 372 1750 ¹
386 1733 478 1764 Huic
494 1733 617 1763 rationi
634 1732 796 1763 insistunt
808 1731 949 1771 Talbot,
963 1731 1091 1763 Sanad.
1109 1732 1164 1762 alii
1179 1742 1186 1762 :
1205 1732 1353 1763 indocte.
1384 1731 1530 1763 Horatio
1547 1732 1647 1772 plane

187 1774 367 1816 indignum
382 1779 474 1806 esset
494 1775 581 1815 prior
595 1775 661 1812 ille,
678 1775 706 1805 si
722 1772 911 1805 referretur
927 1773 970 1804 ad
986 1773 1170 1805 Priscum.'
1194 1774 1270 1805 Fen.
1312 1774 1418 1805 acrior
1432 1774 1485 1805 ille
1501 1773 1601 1804 Harl.
1615 1776 1648 1804 3.

187 1819 220 1849 6.
237 1821 272 1848 et
289 1818 369 1848 Vet.
386 1817 594 1849 Comb.—20
619 1816 782 1848 Nonnulli
801 1825 857 1857 ap.
871 1816 999 1856 Bothe,
1015 1819 1079 1847 tam
1093 1820 1249 1855 contento,
1263 1826 1354 1857 quam
1368 1817 1452 1848 laxo.
1497 1816 1597 1847 Harl.
1613 1818 1646 1847 2.

187 1862 219 1892 4.
235 1859 354 1899 etiam,
374 1868 465 1900 qaam
479 1860 561 1890 laxo.
605 1859 692 1891 Tres
718 1858 820 1891 codd.
835 1868 892 1899 ap.
908 1859 1026 1899 Feam,
1040 1859 1121 1897 fune
1137 1858 1349 1891 luheren-21
1367 1858 1454 1890 Num
1469 1858 1552 1890 dices
1567 1858 1650 1890 Vat.

841 1952 990 1985 NOTAE

941 2017 1075 2049 alveum
1090 2026 1154 2055 seu
1168 2016 1330 2048 tabulam.
1354 2017 1364 2034 ‘
1381 2015 1552 2048 Fritillum
1564 2015 1574 2030 ’
1590 2026 1647 2048 vo-

939 2070 1021 2098 cant
1045 2067 1224 2100 Juvenalis
1251 2071 1287 2099 et
1312 2067 1458 2106 Seneca,
1482 2067 1492 2083 ‘
1509 2067 1649 2099 orcam'

189 2027 279 2050 mam
307 2016 450 2058 corripit.
483 2017 663 2059 syllabam,
693 2018 750 2050 vel
775 2016 890 2050 Poeta

190 2068 330 2110 scripsit
351 2069 512 2109 cheragra,
526 2073 567 2100 ut
589 2070 709 2100 volunt
731 2069 892 2110 quidam:

189 2118 212 2156 ἦ
225 2117 307 2159 ἄγρα
320 2118 379 2155 τῆς
391 2117 508 2159 χειρὸς,
522 2118 668 2150 Ροὲῐίοε
681 2117 786 2159 χερός.
813 2120 892 2150 Jus-

190 2168 240 2209 ta]
255 2168 367 2210 Digna
380 2168 521 2199 luxuriae
534 2177 645 2208 poena.
669 2168 809 2199 Persius
818 2168 894 2201 Sat.

190 2227 226 2249 v.
247 2220 300 2249 ⁵8.
325 2218 334 2235 ‘
349 2217 417 2249 Sed
443 2227 519 2249 cum
548 2218 702 2258 lapidosa
727 2218 891 2258 cheragra

189 2266 348 2308 Fregerit
365 2266 552 2299 articulos?
589 2267 728 2299 Scilicet
751 2268 890 2299 morbus

187 2317 247 2349 ille
274 2317 467 2349 articularis
491 2326 608 2349 manus
634 2327 675 2349 ac
703 2317 887 2358 digitorum

188 2375 286 2398 usum
303 2366 485 2407 prepedit,
497 2375 563 2398 non
579 2376 678 2398 secus
694 2376 734 2398 ac
748 2367 776 2397 si
786 2366 889 2399 fracti

188 2420 224 2448 et
239 2416 374 2448 contrusi
388 2420 504 2447 essent
519 2416 655 2448 articuli
673 2425 843 2447 manuum.

194 2502 196 2504 ,
233 2469 275 2498 16
299 2467 362 2502 Qui
387 2476 445 2506 pro
469 2476 503 2498 se
527 2466 665 2508 tolleret]
700 2468 784 2499 Cum
810 2466 888 2498 talis

191 2523 326 2555 semper
354 2515 471 2547 ludere
507 2517 754 2555 consuevisset,
781 2516 886 2547 inter-

191 2563 285 2594 clusa
302 2572 420 2594 manns
443 2573 518 2596 suas
534 2565 692 2597 movendi
711 2564 891 2606 facultate,

191 2611 303 2643 aliena
327 2619 428 2643 manu
453 2613 537 2645 talos
559 2614 755 2656 colligebat,
775 2623 888 2646 move-

192 2662 269 2700 bat,
276 2661 444 2702 jactabat.

237 2713 276 2741 17
311 2710 471 2753 phimum]
515 2713 696 2747 vasculum
725 2715 891 2757 ligneum,

192 2769 364 2800 corneum,
384 2760 583 2800 eburneum,
604 2765 671 2796 oris
697 2766 846 2807 angusti,
869 2775 887 2798 e

193 2820 260 2852 quo
275 2809 334 2843 tali
357 2814 460 2844 antea
481 2813 601 2854 agitati
617 2813 838 2848 effunduntur
852 2816 887 2847 in

941 2115 1095 2156 Persius,
1106 2117 1116 2135 ‘
1130 2117 1338 2149 turriculam’
1353 2117 1536 2156 Martialis,
1548 2117 1559 2134 ‘
1571 2127 1648 2157 pyr-

940 2165 1040 2205 gnm’
1068 2165 1162 2207 (quae
1196 2175 1261 2197 vox
1287 2166 1414 2197 Graeca
1446 2166 1645 2197 turriculam

940 2214 1119 2256 designat)
1147 2214 1217 2254 alii,
1247 2219 1285 2246 et
1314 2215 1369 2246 hic
1400 2214 1580 2254 Horatius,
1608 2220 1647 2246 nt

940 2265 1057 2306 placet
1065 2265 1179 2296 multis
1187 2266 1306 2307 hisque
1317 2265 1538 2297 doctissimis.
1555 2265 1647 2298 Gall.

941 2317 1045 2345 comet
1059 2316 1079 2345 ὰ
1094 2315 1160 2346 dez.
1190 2314 1261 2347 Jul.
1279 2316 1366 2346 Poll.
1380 2324 1416 2348 x.
1430 2318 1484 2347 31.
1496 2316 1647 2356 phimum,

942 2364 1048 2406 φίμον,
1064 2372 1218 2397 numerat
1233 2367 1324 2398 inter
1340 2365 1502 2397 aleatoris
1521 2365 1646 2396 instru-

941 2420 1078 2447 menta:
1108 2415 1190 2448 item
1216 2417 1392 2449 AEschines
1418 2417 1451 2446 in
1476 2415 1645 2446 Timarch.

943 2466 1032 2507 apud
1049 2465 1201 2498 Suidam.

982 2519 1025 2548 20
1050 2517 1115 2552 Qui
1128 2517 1199 2556 jam
1221 2516 1378 2556 contento]
1407 2516 1646 2556 Metaphorica

940 2566 1057 2598 dictio.
1102 2567 1210 2597 Velut
1233 2566 1374 2596 Priscus
1397 2565 1499 2596 modo
1524 2575 1645 2606 parcus

939 2615 1120 2647 admodum
1148 2620 1183 2646 et
1212 2614 1375 2654 frugalis3
1408 2614 1507 2646 modo
1537 2616 1645 2655 laxus,

939 2664 1152 2705 magnificus,
1168 2665 1359 2695 luxuriosus
1374 2675 1384 2702 ς
1408 2664 1580 2706 utrimque
1595 2665 1644 2695 ni-

938 2715 1025 2747 mius
1041 2720 1076 2746 et
1093 2715 1174 2745 vitio
1191 2713 1362 2746 laborans.

982 2767 1022 2796 21
1047 2764 1183 2804 Putida]
1207 2763 1338 2795 Auditn
1361 2763 1507 2805 ingrata,
1531 2767 1643 2795 trans-

943 2815 1026 2847 latio
1039 2824 1059 2847 a
1074 2815 1210 2847 naribus
1224 2814 1267 2846 ad
1284 2823 1394 2846 aures.
