1890 3256
663 299 940 330 SERMONUM
980 299 1069 330 mn.
1103 299 1152 328 ιι.
1183 288 1226 328 7.
1562 287 1676 328 ’1045

217 396 487 450 Urgetenim
506 374 710 436 domin‘us
730 397 916 435 mentem
938 407 1026 435 non
1047 393 1172 442 leuis,
1188 397 1234 434 et
1255 404 1384 434 acres

217 464 447 518 Subjectat
465 463 588 504 lasso
608 461 831 510 stimulos,
853 464 1088 516 versatque
1109 463 1361 513 negantem.

217 531 305 575 Vel
324 543 424 573 cum
445 529 672 572 Pausiaca
692 533 858 582 torpes,
879 531 1054 577 insane,
1076 528 1255 578 tabella,

218 597 308 649 Qui
332 610 496 652 peccas
516 597 661 637 minus
682 602 817 650 atque
837 610 934 651 ego,
956 610 1058 638 cum
1082 595 1218 638 Fulvi
1240 595 1542 649 Rutubaeque,

217 665 310 707 Aut
330 663 623 714 Placideiani,
646 667 854 705 contento
874 664 1048 718 poplite
1068 665 1203 706 miror

1619 526 1678 568 95

216 802 265 834 vis
275 813 288 840 ‚·
309 812 452 844 acresque
465 803 610 835 stimulos
629 802 736 834 subdit
753 802 912 842 salig-alo,
928 806 960 833 et
978 803 1182 834 reluctantem
1202 802 1360 841 exagitat.
1410 798 1680 833 Verumenimvero

216 846 338 886 quando
351 849 477 886 stupens
491 846 620 877 miraris
633 845 778 876 tabellam
792 855 812 875 a
825 845 945 876 Pausia
957 845 1088 885 pictam,
1101 854 1161 885 qua
1172 844 1294 875 ratione
1309 844 1406 874 levius
1418 843 1574 883 delinquis
1588 851 1681 880 quam

217 897 276 927 ego
299 897 368 920 cum
388 891 526 920 attentus
548 888 738 928 contemplor
759 897 885 928 pugnas
901 887 1023 928 Fulvii,
1048 887 1195 928 Rutubae,
1210 891 1241 918 et
1258 885 1468 927 Placidelani,
1486 885 1615 917 rubrica
1631 884 1681 915 cel

836 991 1079 1003 “emoneo“

215 1072 380 1103 cera—92
402 1070 484 1102 Vat.
500 1080 599 1110 unm,
614 1081 686 1102 num
702 1071 870 1112 quim—93
895 1070 1039 1110 Cuning.
1056 1081 1150 1102 more
1165 1080 1240 1110 suo,
1256 1074 1389 1102 mentem
1400 1069 1552 1102 dminus.
1586 1068 1683 1099 Unus

217 1113 399 1144 Chisianus
415 1123 434 1143 a
450 1123 494 1144 ιιι.
512 1122 580 1145 sec.
595 1117 627 1144 et
642 1115 821 1144 acria—94
845 1114 942 1145 Unus
959 1113 1193 1154 Angelicanus
1210 1113 1289 1144 Feae
1309 1124 1329 1144 a
1346 1123 1389 1145 ιιι.
1405 1122 1455 1153 ρι’.
1470 1112 1682 1143 subnectit.-

216 1158 261 1187 ⁰6
283 1155 367 1187 Vat.
383 1165 481 1191 unus,
502 1165 587 1186 unus
614 1156 696 1187 item
723 1156 867 1197 Bai-ber.
894 1166 914 1186 a
940 1166 983 1188 m.
1012 1166 1062 1196 pr.
1089 1157 1154 1192 Qui
1178 1158 1378 1196 peccem—9⁷
1403 1154 1585 1186 Placidiani
1614 1153 1682 1184 duo

215 1198 315 1230 Vatt.
332 1207 418 1229 uitus
434 1198 628 1237 cuisianus,
650 1208 734 1229 unus
759 1198 916 1239 Angelic.
933 1208 953 1229 a
970 1209 1012 1230 m.
1029 1209 1080 1239 pr.
1098 1200 1140 1231 al.
1160 1209 1215 1238 ap.
1231 1198 1344 1230 Pul-n.
1365 1197 1446 1229 item
1463 1196 1568 1228 Aldd.
1585 1198 1682 1227 1509.

190 1259 193 1261 Δ
217 1242 317 1272 1519.
339 1240 458 1272 Basill.
475 1243 569 1272 1527.
586 1243 682 1272 1531.
726 1241 857 1272 Placidi
871 1241 938 1272 iani
952 1247 1086 1283 septem
1102 1242 1197 1273 Vatt.
1216 1250 1301 1272 unus
1316 1239 1501 1272 Barberin.
1525 1248 1544 1271 a
1567 1249 1612 1270 ιιι.
1629 1247 1680 1278 ρι’.

217 1287 256 1316 et
277 1283 404 1316 Venet.
427 1286 521 1316 1478.
558 1283 758 1315 Placideiani
784 1284 850 1315 duo
877 1284 973 1315 Vatt.
1001 1284 1144 1316 totidem
1171 1284 1389 1325 Angelicani‚
1417 1283 1568 1314 Florent.
1587 1283 1683 1312 1482.

217 1325 362 1358 Venett.
380 1327 476 1358 1483.
495 1328 589 1358 1509.
606 1325 686 1357 Ald.
703 1329 797 1358 1501.
814 1326 962 1366 Argent.
979 1330 1079 1359 1514.
1094 1327 1174 1358 iude
1190 1327 1266 1358 aliae
1284 1326 1521 1362 communiter.
1556 1323 1684 1355 Placide

215 1368 284 1400 iani
307 1367 486 1400 Barberin.
503 1370 602 1409 alter,
628 1374 665 1401 et
689 1369 831 1401 Venett.
850 1372 944 1401 1478.
963 1372 1059 1402 1479.
1075 1372 1171 1402 1481.
1190 1372 1286 1401 1490.
1324 1369 1457 1401 Placide
1481 1367 1570 1399 Ιιίαπὶ
1595 1367 1686 1397 alter

218 1411 299 1443 Vat.
333 1411 518 1443 Placideani
541 1412 625 1442 alius
652 1412 733 1443 Vat.
765 1416 801 1443 et
831 1412 927 1443 Harl.
943 1415 976 1444 3.
1000 1414 1009 1430 ‘
1027 1413 1179 1443 Primam
1206 1412 1390 1448 lectionem
1415 1409 1577 1452 praefero,
1605 1409 1684 1450 quia

217 1454 321 1485 etiam
335 1453 369 1484 in
387 1463 555 1485 marmore
571 1453 662 1494 apud
681 1454 781 1485 Grut.
799 1464 833 1494 p.
850 1457 924 1485 301.
942 1456 973 1486 1.
998 1463 1255 1487 PLAcmmnvs.
1299 1453 1397 1485 Sumt
1425 1463 1459 1494 ru
1473 1452 1516 1484 ab
1534 1450 1682 1483 Horatio

217 1506 260 1527 ex
277 1496 421 1532 Lucilio,
448 1496 540 1536 apud
567 1496 769 1528 Ciceronem
787 1505 836 1529 ιν.
857 1497 995 1528 Tuscul.
1010 1499 1064 1529 21.
1081 1507 1115 1529 n.
1131 1499 1185 1528 28.
1209 1506 1265 1528 ιιι.
1282 1496 1324 1527 ad
1342 1496 1385 1529 Q.
1432 1498 1568 1530 ratrem,
1589 1496 1621 1525 4.
1639 1493 1683 1524 (le

217 1538 304 1579 Opt.
328 1539 418 1571 Gen.
439 1538 540 1571 Orat.
556 1542 589 1571 6.
617 1543 652 1570 et
677 1540 838 1577 Nonium,
863 1548 916 1571 ιν.
942 1542 996 1570 62.
1020 1550 1052 1571 ν.
1074 1541 1084 1557 ⁴
1099 1540 1276 1581 Compono
1292 1538 1313 1578 ;’
1337 1538 1426 1579 apud
1454 1547 1537 1578 quos
1563 1536 1683 1568 eadem

215 1589 325 1622 prope
341 1582 502 1623 varietas,
517 1583 575 1612 sed
591 1582 624 1612 in
642 1582 763 1622 priscis
778 1581 985 1613 editionibus
1002 1583 1222 1622 Placidianus,
1236 1582 1291 1613 vel
1309 1581 1511 1612 pacidianus.
1532 1578 1685 1611 Placidi-

216 1633 300 1655 auus
314 1624 495 1665 gladiator.
539 1624 620 1656 Vid.
637 1625 680 1654 de
698 1625 774 1655 Art.
788 1623 887 1656 Poet.
902 1625 944 1655 ad
963 1634 1012 1655 vs.
1029 1627 1084 1656 32.
1130 1625 1206 1656 Nec
1225 1628 1356 1655 metues
1373 1628 1496 1661 metro,
1525 1627 1562 1653 ut
1580 1622 1683 1652 tertia

217 1666 396 1706 syllabain
420 1676 461 1699 eo
484 1667 621 1698 nomine
646 1667 690 1698 sit
714 1667 950 1708 correpta;'si
976 1667 1180 1708 memineris,
1208 1667 1258 1698 ita
1284 1666 1463 1706 scripsisse
1490 1662 1687 1696 Lucilium.’

884 1764 1028 1797 NOTAE

216 1842 356 1871 nentem
387 1842 422 1869 te
452 1839 706 1871 meretriculam
736 1849 860 1881 sperne
887 1844 924 1871 et

216 1890 351 1922 desere.
395 1888 503 1931 Atqui
527 1899 592 1920 non
621 1890 714 1921 vales
739 1890 924 1931 cupiditati

219 1941 387 1978 subditus.
432 1942 506 1974 Cic.
535 1940 662 1973 Parad.
693 1950 729 1972 v.
757 1940 832 1972 ‘An
864 1942 922 1973 ille

219 1991 301 2025 mihi
317 1991 404 2022 liber
417 1991 584 2027 videatur,
607 1991 661 2022 cui
678 1991 800 2022 mulier
816 1991 922 2032 impe·

220 2046 290 2079 nt,
317 2040 373 2072 cui
400 2040 495 2080 leges
530 2041 688 2081 imponit,
718 2042 923 2081 praescribit,

217 2089 332 2130 jubet,
348 2093 445 2120 vetat
458 2089 549 2130 quod
566 2089 724 2127 videtui-3
755 2090 810 2130 qui
839 2091 924 2121 nihil

222 2139 547 2181 imperantinegare
573 2143 698 2179 potest,
723 2138 805 2169 nihil
829 2149 925 2170 recu-

222 2199 298 2222 sare
328 2188 456 2220 audet?
502 2189 649 2220 Poscit?
679 2188 828 2220 dandum
859 2195 926 2221 est.

222 2238 360 2271 Vocat?
389 2238 614 2269 Venieudum.
635 2238 763 2279 Ejicit?
789 2237 926 2270 Abeun-

222 2289 314 2321 dum.
329 2288 508 2320 Minatur?
523 2288 838 2321 Extimescendum.
853 2290 926 2330 Ego

222 2350 305 2372 vero
334 2341 434 2371 istum
466 2349 533 2371 non
564 2338 662 2371 modo
693 2349 840 2379 servum,
864 2340 925 2372 sed

221 2390 463 2433 nequissimum
478 2399 611 2421 servum
629 2389 736 2430 puto!

264 2443 306 2472 93
335 2441 436 2480 Urget
461 2440 544 2471 enim
567 2439 724 2479 dominus]
763 2439 923 2471 Domina·

223 2496 279 2521 tur
309 2489 372 2521 tibi
406 2489 526 2529 libido,
555 2490 766 2531 invitumque
806 2491 924 2522 trahit.

225 2542 326 2574 Pers.
357 2542 416 2573 cit.
445 2542 517 2574 Sat.
544 2551 578 2575 v.
603 2545 676 2574 121.
702 2542 711 2559 ‘
727 2543 831 2574 Liber
851 2553 925 2585 ego.

226 2591 329 2623 Unde
354 2591 470 2623 datum
493 2593 557 2624 hoc
585 2594 688 2624 sumis
713 2597 765 2624 tot
788 2593 925 2626 subdite

226 2640 353 2674 rebus?
395 2640 450 2672 An
479 2642 647 2674 domiuum
681 2643 826 2685 ignoraS.
859 2645 924 2676 nisi

227 2701 327 2735 quem
344 2691 495 2723 vindicta
509 2692 637 2725 relaxat
650 2694 674 2724 ?'

269 2744 312 2773 95
340 2740 397 2773 Vel
407 2749 475 2771 cum
501 2740 656 2773 Pausiaca
670 2746 784 2786 lorpes,
805 2746 925 2786 insane,

227 2790 354 2832 tabella]
390 2790 474 2822 Cum
492 2800 562 2832 prae
577 2791 800 2826 immoderato
819 2796 926 2836 picta-

229 2852 303 2875 rum
318 2841 456 2883 egregie
483 2842 681 2875 tabellarum
703 2845 816 2878 studio
835 2847 928 2878 velut

977 1840 1115 1871 insanis.
1160 1840 1236 1872 Cic.
1260 1838 1386 1872 Parad.
1413 1847 1447 1870 ν.
1472 1838 1482 1856 ‘
1500 1839 1587 1870 Sunt
1611 1838 1685 1880 pari

976 1890 1136 1928 stultitia,
1168 1900 1251 1932 quos
1281 1890 1389 1930 sigua,
1426 1898 1511 1930 quos
1544 1889 1684 1928 tabum,

975 1949 1059 1980 quos
1074 1941 1235 1971 caelatnm
1253 1943 1447 1980 argentum,
1463 1949 1547 1980 quos
1565 1939 1685 1970 Coriu-

980 1989 1050 2021 thia
1078 1999 1196 2031 opera,
1223 1999 1306 2030 quos
1334 1987 1481 2020 aedificia
1505 1988 1686 2028 magnifica

977 2039 1168 2081 nimiopere
1199 2040 1374 2071 delectant
1378 2061 1490 2071 .....
1524 2038 1685 2070 Echionis

979 2090 1096 2121 tabula
1124 2096 1157 2121 te
1183 2090 1358 2130 stupidum
1380 2089 1527 2128 detinet,
1544 2094 1602 2119 aut
1619 2090 1687 2129 sig-

980 2149 1060 2170 num
1090 2139 1228 2181 aliquod
1260 2139 1430 2179 Polycleti
1446 2161 1454 2169 .
1471 2161 1479 2169 .
1496 2160 1505 2168 .
1524 2161 1531 2169 .
1550 2138 1686 2169 intuen-

982 2195 1051 2220 tem
1082 2195 1131 2228 te,
1154 2189 1394 2223 admirantem,
1425 2187 1593 2219 clamores
1624 2189 1687 2219 tol-

980 2241 1109 2272 lentem
1139 2249 1215 2271 cum
1247 2238 1361 2278 video,
1389 2247 1525 2269 servum
1552 2243 1586 2268 te
1610 2247 1686 2269 esse

981 2291 1190 2331 ineptiarum
1213 2289 1362 2320 omnium
1380 2288 1513 2329 judicu.
1560 2288 1686 2321 Nonne

980 2341 1084 2381 igitur
1099 2346 1177 2372 sunt
1192 2341 1257 2372 ista
1282 2339 1434 2372 festiva?
1459 2344 1550 2370 sunt.
1596 2341 1687 2371 Nam

980 2402 1041 2424 nos
1057 2401 1193 2433 quoque
1209 2391 1325 2424 oculos
1342 2390 1496 2423 eruditos
1511 2389 1686 2422 habemus.

979 2442 1048 2474 Sed
1065 2442 1211 2474 obsecro
1235 2448 1284 2481 te,
1305 2442 1356 2472 ita
1382 2445 1523 2472 venusta
1538 2440 1687 2471 habean-

980 2498 1037 2524 tur
1052 2493 1128 2528 ista,
1146 2502 1212 2523 non
1230 2498 1267 2523 ut
1284 2491 1419 2522 vincula
1437 2491 1588 2521 virorum
1604 2490 1687 2532 sint,

979 2545 1038 2575 sed
1054 2547 1093 2575 ut
1107 2543 1365 2574 oblectamenta
1381 2539 1586 2581 puerorum.'

1024 2592 1198 2632 Pausiaca]
1222 2591 1366 2622 Pausias
1391 2590 1533 2630 insignis
1554 2590 1686 2629 Pictor,

980 2644 1024 2675 de
1040 2653 1106 2684 quo
1123 2643 1212 2674 Plin.
1230 2649 1308 2673 xxi.
1323 2644 1354 2672 2.
1371 2645 1405 2672 et
1423 2649 1542 2673 xxxv.
1558 2643 1610 2672 ll.

1024 2697 1067 2726 96
1090 2692 1198 2730 Fulvi,
1229 2691 1377 2732 Rutubae,
1401 2691 1614 2732 Ptacideiuni]
1639 2692 1684 2723 Hi

980 2744 1102 2776 famosi
1119 2748 1219 2776 erant
1236 2742 1457 2783 gladiatores.

1024 2798 1066 2827 97
1093 2796 1247 2827 Contento
1261 2791 1394 2833 poplite]
1426 2791 1462 2823 Is
1489 2798 1606 2831 gestus
1633 2798 1686 2824 est

982 2845 1190 2879 certantium
1206 2847 1242 2875 et
1254 2842 1535 2890 digladiandum.¹
