1890 3256
605 313 957 346 nris'ronAnmu
991 314 1085 345 nin.
1117 315 1149 346 1.
1179 303 1250 347 12.
1536 305 1650 348 1143

197 411 355 453 Stellae·
375 413 535 465 sponte
557 422 654 459 sua,
668 410 867 463 jussaene
888 411 1103 460 vagentur
1121 413 1168 450 et
1184 412 1348 461 errent;

196 477 316 528 Quid
334 481 506 531 premat
527 477 762 518 obscurum
784 475 938 524 Lunae,
958 474 1064 529 quid
1083 475 1279 529 proferat
1302 475 1480 527 orbem;

195 543 318 595 Quid
337 544 451 586 velit.
465 547 510 585 et
530 543 680 597 possit
699 555 839 583 rerum
859 542 1094 584 concordia
1115 542 1289 584 discors
1305 556 1317 595 3

194 610 512 664 Empedocles,
534 622 590 651 an
611 610 872 652 Stertinium
893 608 1051 651 deliret
1066 622 1263 651 acumen.
1596 613 1652 655 20

193 747 279 770 mure
287 750 300 777 ;
322 740 396 781 quid
411 744 548 781 tempora
562 745 742 782 componat,·
765 752 805 774 an
819 743 923 774 sidera
934 753 991 783 per
1004 753 1050 782 se,
1065 753 1106 774 απ
1121 743 1272 783 imperata
1284 745 1390 774 errent
1403 752 1440 774 ac
1454 742 1633 774 discurrant
1641 751 1653 778 ,-

195 781 270 820 quid
282 782 517 821 Lunamsacint
532 784 642 824 absque
657 786 784 819 lumine,
799 785 874 824 quid
890 786 990 816 lumen
1006 785 1073 823 eius
1094 787 1243 825 producat
1252 796 1263 822 ;
1277 785 1352 825 quid
1367 786 1469 816 voleat
1483 784 1654 826 efficiatque

194 822 379 856 dissentiens
392 834 496 857 rerum
508 827 666 858 consensio
679 837 690 863 ;
706 831 810 858 utrum
827 828 1036 867 Empedocles,
1051 838 1091 859 an
1106 827 1257 858 Stertinii
1271 828 1428 859 subtilitas
1442 827 1577 859 aberret.
1606 827 1654 858 At

805 918 1044 931 eeeeeeeeeeee

194 965 337 1006 Rom-2.
352 970 500 1003 Chisian.
513 975 546 1004 5.
564 971 759 1013 Angelic.l.
775 971 955 1004 Barberin.
974 974 1004 1005 l.
1022 977 1058 1004 et
1080 972 1134 1005 ed.
1159 973 1274 1004 zaroc.
1296 975 1546 1014 temperat—17
1568 972 1654 1004 Bar-

193 1010 303 1045 berin.
317 1016 347 1046 l.
360 1025 402 1046 an
414 1018 569 1046 errent.—
577 1017 617 1046 18
643 1015 719 1046 Vat.
738 1018 788 1045 10.
810 1015 924 1054 premit
939 1016 1197 1047 obscurum—20
1221 1017 1458 1054 Empedocteum
1473 1016 1561 1056 conj.
1588 1015 1653 1046 Cu-

193 1055 284 1094 ning.
299 1055 449 1087 Stertinii
464 1057 693 1088 Schoenborn.
710 1059 739 1087 3.
752 1057 901 1087 nonnulli
919 1067 974 1097 ap.
993 1059 1109 1095 Feam,
1124 1063 1159 1088 et
1175 1057 1254 1088 edd.
1271 1058 1396 1089 Venet.
1408 1061 1503 1089 1555.
1520 1063 1554 1088 et
1572 1057 1653 1088 Gla-

194 1106 286 1128 rean.
310 1097 486 1129 Stertinum
507 1099 590 1131 Vnt.
605 1102 637 1130 7.
652 1099 747 1131 Vatt.
765 1099 861 1129 Rom.
878 1102 908 1130 2.
924 1103 955 1130 4.
978 1100 1058 1132 Vnt.
1085 1100 1198 1131 Palat.
1221 1103 1253 1131 4.
1279 1100 1355 1131 Ald.
1380 1102 1474 1131 1501.
1499 1105 1536 1130 et
1551 1099 1652 1132 Junt.

195 1141 291 1171 1503.
310 1139 500 1172 Stertinium
514 1141 613 1173 Vatt.
629 1144 658 1172 l.
674 1144 705 1173 2.
719 1143 750 1172 3.
765 1144 797 1173 4.
814 1146 844 1172 5.
859 1144 890 1172 9.
911 1144 962 1173 12.
979 1145 1032 1174 15.
1051 1145 1101 1174 16.
1119 1145 1170 1174 18.
1191 1144 1242 1174 19.
1274 1142 1355 1174 Vat.
1380 1143 1475 1173 Rom.
1499 1144 1531 1173 3.
1555 1141 1652 1173 Vatt.

193 1181 292 1213 Rom.
305 1185 338 1214 6.
355 1192 374 1214 a
390 1192 433 1215 m.
450 1193 503 1224 pr.
518 1189 552 1214 et
569 1186 602 1215 7.
625 1184 707 1215 Vat.
722 1183 821 1215 Rom.
838 1186 870 1214 S.
887 1194 906 1214 n
922 1194 966 1215 m.
982 1194 1050 1216 sec.
1067 1185 1147 1216 Vnt.
1170 1185 1284 1216 Palat.
1299 1188 1331 1217 6.
1355 1184 1504 1216 Chisian.
1519 1187 1550 1215 6.
1581 1183 1653 1215 An—

193 1223 298 1262 gelic.
315 1228 345 1256 l.
358 1227 391 1256 2.
404 1225 561 1258 Vallicel.
576 1229 605 1258 1.
617 1236 637 1257 a
653 1236 697 1258 ιιι.
711 1236 780 1258 sec.
804 1226 962 1258 Vallicel.
980 1230 1012 1258 3.
1029 1227 1208 1258 Barberin.
1237 1231 1265 1259 1.
1293 1230 1324 1258 2.
1350 1227 1406 1258 ulii
1434 1226 1536 1258 codd.
1559 1225 1652 1266 apud

193 1265 314 1298 Lamb.
330 1267 442 1299 Pnim.
455 1268 557 1309 Crnq.
568 1269 662 1300 Torr.
677 1269 754 1300 Val.
770 1274 924 1300 notatum
942 1279 984 1300 ex
1003 1270 1068 1300 Ms.
1084 1270 1118 1301 in
1130 1279 1190 1301 ora
1203 1269 1288 1301 edit.
1304 1268 1383 1300 Aldi
1400 1272 1495 1301 1519.
1508 1268 1542 1299 ἰιι
1558 1267 1651 1300 Bibl.

193 1307 318 1350 Angel.
334 1315 370 1341 et
386 1313 482 1341 1509.
502 1310 605 1342 Barb.
632 1311 781 1342 restituit
813 1312 928 1343 Lamb.
954 1312 1089 1353 Gryph.
1113 1315 1206 1344 1566.
1231 1312 1335 1352 Cruq.
1360 1313 1455 1343 Torr.
1483 1310 1580 1342 Talb.
1603 1311 1652 1342 D.

193 1349 317 1384 Heius.
335 1353 421 1385 Dac-
432 1353 660 1385 Baxt.Bentl.
671 1363 857 1395 anonymus
868 1355 959 1395 Traj.
970 1355 1012 1386 ad
1028 1354 1138 1386 Rhen.
1150 1357 1245 1386 1713.
1255 1355 1341 1386 Cun.
1354 1354 1434 1385 San.
1445 1354 1535 1385 Phil.
1547 1353 1653 1384 Sand-

193 1392 250 1435 by,
274 1394 381 1427 Gesn-
406 1395 501 1428 Batt.
519 1397 594 1428 Val.
617 1397 762 1438 Dorigli.
780 1396 902 1428 Oberl.
915 1397 1055 1438 Combe,
1073 1395 1204 1429 Wakef.
1222 1397 1333 1428 Wetz.
1351 1397 1459 1429 Zeun.
1474 1395 1578 1428 Kidd.
1593 1395 1652 1427 Bi·

846 1480 990 1513 NOTAE

237 1543 278 1574 17
300 1541 408 1574 Stella.
435 1547 543 1584 sponte
567 1554 636 1584 sua,
653 1545 792 1583 jussaene
822 1555 895 1584 mg.

192 1591 263 1633 ξω]
282 1591 334 1624 Αιι
349 1598 440 1626 motu
458 1595 608 1635 proprio,
620 1604 662 1626 an
673 1595 772 1635 jussu
788 1601 825 1626 et
837 1596 897 1626 im·

192 1642 294 1681 pulsu
325 1647 483 1676 externo.
519 1644 642 1685 Virgil.
669 1644 744 1676 AEn.
769 1654 820 1677 tx.
843 1648 896 1676 21.

193 1690 375 1731 §palantes
402 1694 488 1725 coelo
511 1694 645 1726 stellus’
669 1694 764 1726 dicit.
805 1695 895 1727 Plin.

193 1739 252 1772 lib.
267 1749 309 1772 n.
324 1741 368 1772 de
384 1742 434 1773 liis
450 1744 567 1776 multa.
589 1745 673 1785 Cup.
688 1748 721 1776 6.
739 1747 748 1763 ‘
762 1749 893 1786 septem

192 1790 306 1823 sidera
321 1792 363 1824 ab
380 1793 513 1825 incessu
538 1804 699 1826 vocamus
722 1794 896 1834 errantia‚'

190 1841 315 1884 inquit,
344 1846 354 1861 ⁴
371 1853 447 1875 cum
466 1850 580 1876 errent
603 1845 697 1876 nulla
723 1845 833 1877 minus
857 1846 894 1877 il-

191 1891 256 1932 lis‚’
269 1892 332 1924 ἃς.

237 1944 278 1974 18
291 1942 375 1978 Quid
388 1947 507 1983 premat
523 1945 682 1976 obscurum
698 1946 806 1983 Lunoe,
821 1946 893 1987 εμπ]

193 1991 284 2024 Quid
303 1992 430 2024 Lunum
454 2003 610 2025 crescere
634 2005 673 2026 ac
692 1995 894 2027 decrescere

191 2041 363 2073 mensibus
377 2043 517 2083 singulis
531 2042 682 2075 efficiat?
701 2044 793 2075 Pliu.
810 2054 852 2075 ιι.
862 2048 894 2075 9.

193 2089 204 2106 ‘
221 2090 380 2123 Omnium
395 2092 651 2124 admirationem
669 2093 775 2125 vincit
790 2094 892 2125 Lunae

193 2139 286 2172 sidus
307 2141 406 2173 terris
419 2140 731 2173 familiarissimum.
775 2142 894 2174 Multi-

192 2189 293 2224 formi
309 2191 382 2223 liaec
394 2192 536 2234 ambage
552 2193 654 2225 torsit
665 2193 803 2233 ingenia
817 2203 894 2224 con-

195 2243 445 2283 templantium,
471 2248 507 2275 et
530 2244 721 2284 proximum
744 2244 894 2284 ignorari

193 2292 339 2324 maxime
351 2293 442 2324 sidus
455 2293 701 2334 indignantium
714 2304 723 2325 :
737 2304 893 2326 crescens

192 2353 329 2383 semper
344 2348 404 2376 aut
418 2353 616 2375 senescens:
641 2349 677 2375 et
697 2344 798 2375 modo
817 2355 893 2375 cur·

194 2398 274 2425 vata
293 2394 326 2425 in
348 2403 486 2432 cornua,
501 2393 598 2424 modo
616 2403 713 2434 siqua
736 2394 893 2434 portione

193 2444 316 2483 divisa,
344 2444 444 2476 modo
481 2444 617 2475 sinuata
631 2454 640 2483 3
655 2466 662 2475 .
677 2466 685 2474 .
701 2467 708 2475 .
724 2444 893 2476 immensa

195 2493 280 2525 orbe
304 2494 419 2534 pleno,
442 2504 481 2526 ac
506 2499 649 2535 repente
675 2495 787 2525 nulla:
812 2495 893 2526 alias

195 2537 338 2585 pernox.
352 2544 434 2575 alias
450 2545 548 2585 sera‚'
564 2547 630 2576 ὅτε.

241 2596 282 2624 19
306 2593 391 2628 Quid
404 2593 479 2625 velit
492 2598 522 2625 et
537 2597 637 2635 possit
652 2605 754 2627 rerum
770 2605 893 2628 concor-

196 2643 250 2677 dia
262 2643 397 2684 discors]
421 2644 599 2676 Quomodo
619 2647 790 2678 elementa
812 2657 891 2687 qua-

193 2698 276 2724 tuor
298 2693 387 2724 inter
410 2703 445 2724 se
476 2695 665 2734 pugnantia
693 2696 893 2728 concinnam

194 2749 309 2774 tamen
335 2743 449 2774 mundi
472 2753 666 2784 compagem
691 2755 811 2786 resque
827 2756 896 2777 oin-

196 2801 257 2824 nes
267 2794 488 2832 constituant,
500 2794 641 2835 perinde
654 2806 694 2826 ac
706 2797 732 2828 si
753 2797 894 2828 virtutes

197 2852 264 2875 ιιοιι
281 2844 468 2876 contrarias
478 2844 654 2877 haberent.
680 2846 836 2878 Lactant.
855 2853 894 2878 ιι.

952 1548 1003 1577 10.
1017 1545 1192 1577 ‘Discordi
1203 1543 1556 1577 concordiamundum
1571 1552 1651 1575 con-

951 1595 1065 1631 stare,’
1075 1595 1172 1627 dicit.
1187 1594 1289 1627 Ovid.
1301 1594 1387 1625 Met.
1397 1602 1422 1624 ι.
1434 1595 1509 1624 430.
1521 1595 1531 1610 ⁴
1542 1593 1652 1633 Quip-

952 1654 993 1686 pe
1010 1645 1065 1676 ubi
1079 1644 1279 1685 temperiem
1296 1652 1448 1674 sumsere
1463 1643 1651 1684 humorque

951 1695 1126 1736 calorque,
1146 1694 1376 1734 Concipiunt3
1398 1697 1434 1724 et
1449 1692 1492 1724 ab
1515 1691 1567 1723 his
1583 1693 1651 1724 ori-

950 1750 1054 1775 untur
1069 1748 1192 1776 cuncta
1209 1743 1352 1774 duobus.
1377 1743 1527 1783 Cumque
1541 1742 1586 1773 sit
1601 1742 1651 1782 ig-

948 1795 998 1826 nis
1013 1805 1109 1836 aquae
1122 1804 1272 1836 pugnax,
1289 1802 1392 1833 vapor
1408 1792 1564 1824 humidus
1580 1801 1650 1823 om·

949 1855 1008 1876 nes
1030 1846 1096 1877 Res
1116 1850 1230 1876 creat:
1254 1849 1291 1876 et
1307 1844 1437 1876 discors
1462 1843 1650 1875 concordia

948 1894 1086 1926 soetibns
1102 1899 1182 1934 apta
1197 1894 1274 1925 est.’

990 1948 1032 1976 20
1054 1945 1262 1984 Empedocles,
1277 1954 1319 1975 un
1335 1943 1521 1975 Stertinium
1535 1942 1647 1974 deliret

947 1994 1089 2032 acumen]
1112 1994 1339 2033 Empedocles
1361 2002 1442 2023 sane
1462 1992 1553 2023 haud
1572 2001 1649 2024 cum

946 2044 1112 2074 Stertinio
1127 2041 1385 2083 comparandus,
1403 2046 1531 2081 praeter
1547 2051 1648 2083 quam

947 2092 1050 2133 quod,
1066 2098 1103 2124 ut
1120 2098 1173 2123 est
1189 2093 1221 2123 in
1240 2092 1348 2132 Epist.
1364 2091 1406 2122 ad
1425 2092 1581 2130 Pisones,
1596 2101 1649 2123 vs.

947 2146 1022 2175 46⁴.
1046 2146 1055 2159 ‘
1073 2144 1167 2174 Deus
1191 2142 1390 2173 immortalis
1415 2142 1531 2173 haberi
1556 2143 1648 2174 Dum

948 2193 1042 2234 cupit
1058 2192 1296 2233 Empedocles,
1312 2191 1490 2223 ardentem
1506 2191 1649 2233 frigidus

948 2243 1084 2274 AEtnam
1102 2241 1265 2274 Insiluit!
1303 2242 1381 2275 Qua
1399 2247 1494 2273 certe
1509 2252 1577 2274 una
1591 2252 1650 2274 ve·

948 2293 1044 2324 sauia
1069 2292 1217 2332 aequavit
1244 2295 1303 2322 aut
1332 2291 1508 2332 superavit
1536 2292 1650 2324 stulti-

947 2343 1029 2374 tiam
1070 2342 1292 2383 multiplicem
1328 2342 1483 2373 Stertinii
1513 2342 1648 2374 abunde

948 2395 1160 2433 ventilatam,
1177 2404 1218 2427 ιι.
1231 2395 1305 2427 Sat.
1319 2397 1352 2426 3.
1376 2394 1553 2426 Praeterea
1567 2403 1648 2426 vero

946 2445 980 2476 id
1007 2445 1134 2477 liabent
1157 2445 1278 2484 simile,
1294 2443 1383 2486 quod
1407 2450 1443 2475 ut
1466 2445 1648 2477 Stertinius

947 2495 1114 2526 ducentos
1127 2505 1166 2526 ac
1183 2494 1302 2534 viginti
1327 2494 1432 2525 libros
1454 2493 1646 2525 Stoicorum

948 2545 1100 2577 versibus
1127 2544 1254 2575 Latinis
1277 2543 1475 2584 descripsit,
1499 2544 1546 2575 ita
1567 2545 1646 2576 Em-

948 2595 1108 2636 pedocles
1147 2593 1367 2635 Pythagorea
1404 2598 1505 2625 acuto
1542 2596 1647 2634 magis

948 2655 1047 2687 quam
1074 2645 1150 2676 utili
1176 2644 1325 2675 carmine
1353 2644 1550 2684 complexus
1574 2649 1645 2676 est:

947 2705 987 2726 ac
1004 2696 1054 2726 sic
1069 2694 1223 2725 nimirum
1235 2697 1379 2735 uterque
1393 2693 1646 2735 Philosophiam

949 2745 1179 2777 obscuriorem
1210 2743 1383 2783 reddidit3
1415 2742 1580 2785 fatuaque
1612 2754 1647 2775 se

949 2795 1065 2826 labore
1089 2795 1219 2836 pariter
1241 2794 1439 2826 maceravit.
1483 2794 1540 2825 De
1569 2795 1646 2825 Em-

949 2846 1094 2887 pedocle
1123 2846 1246 2877 iterum
1276 2844 1428 2877 dicemus
1463 2844 1505 2876 ad
1537 2845 1645 2876 locum
