1890 3256
605 288 881 320 SERMONUM
916 288 1012 319 ms.
1046 287 1096 317 11.
1125 276 1168 317 3.
1531 274 1620 316 975

169 385 283 427 Cum
304 384 499 439 prudens
521 383 669 424 scelus
689 384 745 424 ob
766 383 918 424 titulos
940 381 1134 424 admittis
1155 380 1322 429 inanes,

119 444 122 447 ⁴
168 452 273 494 Stas
294 451 471 492 animo?
502 454 546 491 et
566 463 724 503 purum
745 454 812 491 est
834 450 942 491 vitio
965 449 1045 490 tibi
1067 461 1164 490 cum
1188 446 1404 488 tumidum
1424 450 1496 488 est
1515 447 1617 486 cor'l

168 519 219 560 Si
241 519 341 572 quis
360 517 519 558 lectica
538 515 720 556 nitidam
742 521 915 569 gestare
937 518 1053 556 amet
1071 527 1244 568 agnam,

169 584 292 626 Huic
314 589 498 633 vestem,
520 586 569 623 ut
587 586 745 635 gnatae,
766 585 891 635 paret
911 581 1110 630 ancillaS‚
1129 583 1256 634 paret
1275 593 1428 621 aurum
1445 592 1457 632 ;

169 650 332 693 Rufam
351 656 397 692 et
418 649 629 691 Rufillam
650 649 862 703 appellet,
883 649 1077 703 fortique
1096 648 1256 690 marito

1533 578 1621 620 215

165 783 274 820 sponte
284 780 400 811 crimen
410 782 573 819 perpetras
594 778 631 809 ob
653 787 763 808 vanam
784 778 941 816 gloriam?
962 779 1070 807 utrum
1084 778 1173 816 culpa
1190 780 1275 808 caret
1289 777 1410 808 animus
1426 777 1500 808 dum
1512 786 1620 817 super-

167 823 212 854 bic
223 825 237 853 P
279 822 348 861 Age
363 830 447 860 vero,
460 821 489 852 εἰ
503 821 572 861 quis
584 830 698 860 agnam
720 820 828 851 lectica
850 818 1054 857 circumferre
1065 820 1204 857 gaudeat
1218 829 1229 855 ,·
1251 829 1287 850 ac
1308 820 1390 850 telut
1403 819 1488 860 filioe
1510 823 1620 858 vestes,

167 864 435 906 aurum,samulas
448 863 566 895 tribum
575 874 588 901 ;
609 863 744 903 puellum
759 864 806 893 vel
820 862 989 902 puellulam
1003 861 1141 892 nominet
1153 871 1165 897 ;
1189 865 1281 902 utque
1296 862 1365 892 viro
1378 871 1528 901 generoso
1550 872 1622 893 con-

775 956 1014 970 eeeeeeeeeeee

166 1032 274 1063 agnos.
319 1022 420 1056 Quod
451 1023 560 1054 altero
587 1022 785 1054 concinnius
811 1022 1003 1062 cultiusque
1032 1020 1138 1059 exire,
1167 1021 1224 1062 qui
1246 1030 1360 1052 aurem
1383 1020 1502 1058 habet,
1523 1019 1622 1052 facile

167 1067 314 1098 sentiet:
339 1070 376 1098 et
405 1066 527 1096 merito
557 1065 637 1096 viris
667 1065 806 1096 eruditis
836 1064 986 1105 Cruquio
1013 1063 1232 1104 Baxteroque
1257 1063 1447 1103 placuisse!
1468 1063 1622 1094 Beneh—

166 1110 230 1139 212
246 1108 315 1139 Pro
329 1107 472 1139 admittis
485 1107 670 1148 Cruquiani
687 1107 815 1148 plures,
830 1116 914 1143 unus
933 1106 1126 1145 Pulmanni,
1140 1111 1175 1136 et
1191 1106 1258 1136 duo
1275 1115 1329 1145 ap.
1347 1105 1460 1136 Bentl.
1484 1105 1623 1136 cummil-

166 1150 228 1186 tis:
250 1149 340 1181 nude
356 1150 547 1186 Bentleius,
575 1150 620 1181 Tu
641 1150 776 1189 prudens
798 1159 825 1180 s.
846 1159 875 1180 o.
893 1151 915 1180 t.
931 1158 1000 1179 cum
1019 1148 1280 1179 admittas—213
1306 1148 1401 1179 Harl.
1419 1150 1452 1179 6.
1474 1148 1621 1178 timidum

166 1195 215 1223 est
227 1201 288 1223 cor.
334 1191 479 1224 Karka.
502 1195 548 1222 est
576 1192 654 1222 vitio
683 1191 734 1222 cui
765 1191 932 1222 sollicitum
961 1193 1009 1222 est
1036 1192 1207 1221 con—215
1233 1190 1320 1221 Huic
1338 1193 1563 1229 vestem‚n‹1toe
1585 1193 1622 1220 ut

167 1233 320 1272 Mandat.
336 1243 392 1274 ap.
409 1234 634 1264 Bessa-216
657 1233 776 1272 Rufum
791 1237 845 1264 aut
862 1233 1012 1263 Pusillam
1027 1231 1128 1263 Gott.
1142 1231 1240 1264 Harl.
1255 1235 1288 1263 2.
1305 1235 1336 1263 3.
1351 1235 1382 1263 4.
1398 1235 1430 1263 6.
1452 1237 1484 1263 et
1502 1231 1622 1263 Zarot.

168 1276 286 1315 Rufum
300 1278 330 1307 el
348 1276 499 1307 Pusillam
523 1276 603 1307 Vet.
629 1276 747 1307 Comb-
783 1276 793 1292 ‘
814 1275 1124 1315 Manuscriptornrn
1147 1279 1310 1315 quantum
1333 1274 1459 1316 ubique
1489 1279 1554 1313 est,
1582 1277 1620 1306 et

166 1317 332 1349 editiones
357 1319 477 1359 priscae
494 1318 620 1348 habeut
638 1317 754 1356 Rufum
771 1320 825 1348 mat
843 1317 1020 1354 Pusillam‚·
1041 1317 1105 1348 nisi
1128 1317 1217 1357 quod
1241 1317 1394 1347 nonnulli
1416 1320 1448 1347 et
1470 1326 1532 1357 pro
1555 1319 1623 1356 aut,

165 1364 202 1392 et
218 1360 465 1392 vetustissimus
481 1359 682 1392 Blandinius
699 1359 861 1391 Pusillam.
899 1358 1034 1391 Geterae
1047 1368 1123 1400 quae
1139 1358 1427 1390 circumferuntur
1442 1359 1620 1398 lectiones,

820 1457 850 1488 N
857 1455 960 1488 0¹1·AE

206 1521 270 1551 212
285 1519 334 1551 01>
348 1520 455 1552 titulos
469 1519 592 1560 inanes]
608 1519 714 1551 Vanae
733 1518 864 1559 gloriae,

163 1569 283 1610 nummi
300 1569 500 1601 Graecorum
523 1569 667 1610 imperii,
692 1568 863 1600 ambitiosi

162 1618 304 1651 nominis
311 1619 437 1659 studio,
445 1624 484 1651 ut
494 1619 597 1651 totius
606 1618 753 1650 Graeciae
764 1627 861 1649 exer-

163 1667 254 1700 citus
281 1669 466 1709 imperator
490 1668 628 1701 dicaris.
658 1668 747 1700 Vide
763 1668 862 1700 Iliad.

163 1720 199 1748 B.
222 1717 283 1748 snb
298 1716 422 1756 fiuem3
446 1718 503 1748 ubi
519 1723 741 1749 numerantur
753 1723 788 1749 et
805 1728 863 1750 no-

162 1765 336 1797 minantur
359 1775 456 1807 reges
476 1777 515 1798 ac
539 1767 644 1799 duces
661 1767 861 1799 Graecarum

162 1815 349 1856 copiarum.
375 1816 548 1858 Praecipui
559 1826 641 1849 vero
653 1818 708 1848 isti
722 1829 730 1848 ι
745 1817 863 1849 Achil-

161 1864 212 1899 les
241 1865 505 1906 Myrmidonum,
534 1866 672 1908 Ulysses
704 1867 863 1898 Ithacen-

163 1914 264 1955 sium,
290 1914 401 1947 Thoas
431 1915 629 1952 AEtolorum,
657 1917 860 1948 idomeneus

164 1965 390 2006 Cretensium,
403 1967 620 2008 Tlepolemus
636 1967 858 2007 Rhodiorum,

163 2014 375 2047 Philoctetes
391 2016 643 2056 Meliboeorum,
659 2017 747 2058 Ajax
761 2017 859 2048 Tela-

164 2065 294 2095 monins
319 2064 590 2102 Salaminiorum,
620 2065 709 2107 Ajax
739 2067 858 2098 Oileus

167 2113 397 2155 Locrensium,
422 2115 643 2146 Menestheus
672 2115 860 2146 Athenien-

165 2161 264 2203 sium,
294 2163 421 2195 Nestor
456 2163 645 2204 Pyliorum,
675 2164 861 2196 Diomedes

163 2209 382 2252 Argivorum,
395 2212 574 2244 Menelaus
591 2213 860 2245 Lacedaemonio-

164 2268 250 2298 rum,
260 2260 444 2302 Agupenor
451 2262 689 2304 Arcadiorum,
698 2265 762 2295 διο.
779 2264 861 2296 Qui-

164 2308 226 2341 bus
242 2311 409 2352 omnibus,
425 2312 457 2344 id
475 2318 541 2353 est,
557 2314 698 2345 navibus
722 2314 862 2346 circiter

163 2359 255 2392 mille
265 2369 304 2392 ac
316 2361 484 2399 ducentis,
497 2363 646 2395 virorum
662 2369 774 2395 autem
788 2364 861 2395 mil-

163 2408 251 2441 libus
265 2414 400 2442 centum
417 2416 453 2443 et
469 2412 589 2453 viginti
606 2419 753 2454 pra’erat
769 2415 859 2455 Aga-

163 2467 322 2490 memnon
337 2460 596 2501 Mycenensium
610 2472 682 2494 rex·

207 2510 270 2540 213
292 2508 368 2541 Sem
379 2511 498 2551 animo]
520 2511 575 2543 An
598 2522 664 2544 non
689 2518 746 2544 tua
762 2522 858 2546 mens

165 2557 208 2589 de
222 2567 283 2589 sua
297 2559 379 2591 sede
391 2565 482 2592 mota
491 2571 531 2593 ac
539 2562 675 2603 dejecta
690 2563 768 2594 est?
781 2572 856 2594 cum

165 2607 255 2638 euim
270 2609 420 2648 statilia,
435 2615 528 2643 recte
543 2614 663 2654 sentit,
683 2618 779 2645 recte
802 2622 857 2644 co-

164 2657 263 2697 gitat.
278 2662 372 2689 recte
385 2660 469 2699 agit.

209 2706 332 2738 Puram
342 2711 388 2738 est
398 2709 475 2740 vitio
493 2706 551 2741 tibi
565 2721 634 2743 cmm
647 2712 798 2743 tumidum
811 2716 859 2744 est

165 2754 232 2795 cor]
257 2755 326 2787 Alii
337 2756 386 2788 sic
399 2757 663 2799 interpungunt:
684 2771 796 2802 purum
811 2765 858 2793 est

165 2804 254 2841 vitio,
271 2804 333 2837 tibi
348 2815 423 2838 cum
436 2808 599 2841 tumidum
615 2815 667 2842 est
681 2812 761 2843 cor?
787 2821 858 2843 cer—

918 1522 952 1550 te
967 1517 1074 1550 bonus
1091 1517 1274 1559 utrobique
1289 1527 1422 1550 sensus.

959 1570 1022 1599 214
1037 1567 1075 1599 Si
1090 1568 1159 1608 quis
1172 1568 1294 1608 lectica,
1303 1568 1371 1609 asc-J
1396 1566 1500 1598 Aliud
1518 1577 1619 1608 argu-

915 1623 1066 1648 mentum
1093 1627 1113 1648 ει
1140 1617 1252 1648 simili.
1299 1617 1408 1648 Porro
1433 1626 1475 1647 ne
1501 1618 1555 1648 cui
1578 1627 1620 1648 ea

915 1666 1099 1698 similitudo
1115 1666 1271 1697 videatur
1281 1665 1389 1696 futilis
1406 1670 1464 1696 aut
1481 1666 1619 1706 insulsa,

914 1718 1008 1757 legat
1030 1719 1063 1747 2.
1090 1717 1174 1756 Reg.
1198 1725 1265 1747 xu.
1291 1715 1349 1747 ubi
1374 1716 1509 1747 Nathan
1536 1717 1620 1748 Pro·

915 1766 1017 1807 pheta
1043 1775 1086 1796 ex
1107 1766 1179 1805 pari
1206 1764 1426 1796 similitudine
1449 1765 1618 1797 Davidem

914 1818 1041 1857 regem'
1054 1815 1227 1856 redarguit
1243 1827 1252 1847 ε
1281 1816 1291 1833 ‘
1307 1815 1445 1856 Pauper
1463 1815 1543 1846 nihil
1559 1816 1618 1847 ha-

915 1865 1021 1896 bebat
1031 1866 1166 1897 omniuo
1178 1870 1307 1905 praeter
1318 1875 1414 1897 ovem
1429 1875 1527 1896 unam
1540 1875 1619 1906 par-

914 1914 1039 1954 vulam,
1053 1924 1128 1956 quae
1152 1919 1310 1946 creverat
1333 1915 1422 1955 apud
1443 1925 1519 1946 eum
1541 1925 1617 1946 cum

913 1963 990 1996 filiis
1012 1964 1099 2005 ejus,
1122 1964 1166 1996 de
1190 1974 1278 2006 pane
1306 1965 1394 1996 illins
1419 1966 1616 2006 comedens,

913 2016 1014 2048 etde
1035 2016 1145 2050 calice
1169 2017 1240 2057 ejus
1266 2015 1398 2054 bibens,
1423 2022 1458 2046 et
1485 2016 1518 2046 in
1543 2017 1617 2047 sinu

913 2066 1002 2097 illius
1011 2065 1198 2098 dormiens:
1213 2071 1355 2107 eratque
1366 2066 1414 2097 illi
1425 2066 1514 2097 sicut
1523 2065 1617 2097 filia!

912 2115 1003 2146 Item
1017 2116 1159 2148 Sueton.
1171 2117 1280 2155 Calig.
1298 2125 1373 2156 cap.
1385 2119 1439 2147 55.
1456 2117 1616 2147 nimirum

914 2164 1106 2205 Imperator
1115 2166 1172 2197 ille
1183 2175 1270 2207 equo
1282 2175 1354 2205 suo,
1363 2167 1373 2183 ‘
1384 2175 1453 2205 prae
1460 2170 1512 2196 ter
1521 2167 1616 2206 equi-

914 2216 946 2246 le
959 2225 1194 2252 marmoreum,
1205 2222 1239 2247 et
1251 2225 1407 2257 praesepe
1419 2217 1615 2256 eburneum,

916 2270 1044 2306 praeter
1075 2270 1112 2296 et
1138 2275 1312 2307 purpurea
1337 2270 1546 2306 tegumenta,
1574 2276 1615 2297 ac

914 2316 1037 2346 mouile
1061 2326 1080 2347 e
1108 2317 1260 2356 gemmis,
1286 2316 1419 2347 domum
1449 2316 1552 2347 etiam
1578 2320 1614 2346 et

914 2364 1074 2396 familiam
1098 2372 1135 2397 et
1158 2366 1405 2407 supellectilem
1422 2365 1530 2404 dedit,
1546 2374 1613 2405 quo

913 2417 1038 2447 lautius
1066 2417 1200 2448 nomine
1224 2418 1296 2458 ejus
1319 2416 1455 2447 invitati
1480 2416 1613 2455 accipe-

911 2471 1048 2498 rentur:
1075 2467 1287 2498 consulatum
1310 2475 1444 2507 quoque
1465 2465 1612 2495 traditur

911 2516 1122 2548 destinasse!
1166 2517 1257 2549 Quid
1274 2525 1355 2546 vero
1379 2515 1511 2546 Xerxes
1532 2515 1612 2546 Pla-

913 2570 993 2597 tano
1020 2566 1132 2598 arbori
1154 2567 1282 2597 donans
1310 2573 1449 2595 aureum
1476 2566 1611 2606 monile,

912 2614 1150 2656 assiduumque
1163 2614 1356 2652 satellitem,
1368 2623 1409 2643 ex
1424 2623 1537 2645 eorum
1551 2625 1611 2646 nu-

911 2673 1004 2695 mero
1039 2665 1095 2704 qui
1133 2663 1340 2694 immortales
1375 2664 1611 2696 vocabantur?

912 2711 1042 2744 Herod.
1067 2712 1124 2743 lib.
1152 2721 1218 2743 vu.
1250 2712 1328 2744 vide
1356 2712 1438 2745 Not.
1467 2722 1506 2745 11.
1538 2714 1608 2747 od.

913 2765 965 2794 15.
986 2764 1019 2793 4.

955 2813 1019 2843 216
1043 2810 1162 2849 Rufum
1182 2814 1212 2843 et
1232 2811 1380 2854 Rufillam
1403 2811 1539 2853 [Pusam
1552 2818 1608 2845 aut
