1930 3242
378 266 462 307 872
843 284 886 319 Q.
920 282 1122 310 HORATH
1159 281 1326 311 ruAcci

380 369 593 410 Omnibus
616 375 658 411 et
678 371 812 423 lippis
828 374 973 409 notum
994 374 1036 409 et
1054 371 1298 411 tonsoribus
1319 384 1432 412 esse.

378 435 558 476 Persius
579 436 648 476 hic
670 446 903 487 permagna
923 435 1093 486 negotia
1113 435 1236 475 dives
1256 435 1444 477 habebat

377 499 664 547 Clazomenis,
682 500 810 538 etiam
832 498 929 538 lites
948 511 1048 538 cum
1068 499 1189 551 Rege
1204 501 1409 542 molestas
1425 515 1436 552 ;
1774 505 1802 544 5

378 565 523 605 Durus
544 564 687 611 homo,
709 567 839 614 atque
861 563 963 603 odio
979 565 1052 615 qui
1071 569 1223 616 posset
1244 565 1415 607 vincere
1437 567 1600 619 Regem
1619 581 1630 618 ;

377 628 624 675 Confidens‚
648 627 948 680 tumidusque3
979 628 1088 669 adeo
1107 631 1312 670 sermonis
1331 634 1481 683 amari,

375 695 597 740 Sisennam,
620 692 779 733 Barros
800 697 846 734 ut
866 695 992 746 equis
1013 700 1290 747 praecurreret
1311 697 1435 738 albis.

375 759 447 799 Ad
469 758 633 808 Regem
655 759 813 799 redeo:
845 765 1075 812 postquam
1095 760 1199 800 nihil
1220 762 1329 801 inter
1348 768 1572 816 utrumque

375 823 587 863 Convenit
605 821 707 875 (hoc
728 824 885 864 etenim
906 831 1006 866 sunt
1025 838 1173 866 omnes
1185 826 1283 879 jure
1297 827 1487 877 molesti,
1739 827 1758 866 l
1775 828 1802 868 0

372 947 485 978 dicarit
505 958 561 987 pus
582 952 636 980 aut
656 950 741 981 virus
759 951 879 991 Rupilii
896 953 995 991 Regis
1014 954 1188 993 proscripti.
1232 954 1361 984 Persius
1376 954 1434 984 iste
1448 953 1589 992 ingentia
1601 951 1728 983 habebat
1744 958 1800 997 ne·

369 989 458 1026 gotia
476 990 676 1026 Clazomenis,
689 1001 800 1023 necnon
823 1002 934 1031 graves
947 995 1035 1025 rixas
1049 1004 1116 1025 cum
1134 995 1219 1032 Rege
1226 1004 1236 1030 ,·
1258 995 1342 1025 homo
1360 995 1507 1034 pervicax
1531 998 1562 1026 et
1582 994 1635 1033 qui
1658 993 1799 1024 molestia

372 1030 492 1061 uincere
511 1035 609 1070 posset
626 1032 742 1072 Regem
753 1044 765 1070 ;
788 1044 935 1073 arrogans
951 1039 982 1065 et
995 1036 1141 1074 superbus
1149 1046 1161 1071 ‚·
1182 1036 1308 1075 denique
1323 1039 1386 1066 tam
1403 1036 1510 1067 acerba
1525 1035 1688 1066 dicacitate
1702 1036 1737 1063 ut
1749 1031 1799 1062 Si-

371 1080 481 1102 sennas
496 1073 671 1112 Bar-rosque
685 1074 762 1105 albis
776 1076 858 1114 equis
873 1079 1087 1107 anteverteret.
1134 1077 1234 1106 Redeo
1250 1078 1290 1106 ad
1306 1077 1432 1115 Regem.
1477 1077 1556 1107 Cum
1570 1076 1656 1106 noua
1674 1074 1797 1112 utrique

372 1114 530 1145 concordia
545 1117 634 1154 esset,
649 1114 735 1156 (nam
749 1117 867 1147 molesti
882 1126 983 1147 omnes
998 1118 1099 1148 eodem
1113 1121 1183 1148 sunt
1198 1117 1310 1158 animo,
1322 1127 1378 1157 quo
1391 1117 1508 1149 strenui
1520 1116 1626 1157 quibus
1641 1115 1799 1146 contraria

971 1209 1206 1222 ‘neeffleta‘
1223 1207 1225 1210 ⁴

372 1277 431 1299 nes
449 1268 548 1300 Harl.
562 1273 596 1300 et
611 1269 687 1300 edd.
705 1273 910 1301 recentt.—3
936 1270 1047 1301 Faber
1063 1271 1148 1311 conj.
1175 1270 1323 1301 Omnibus
1344 1271 1424 1302 haud
1437 1271 1540 1311 lippis.
1583 1268 1759 1301 Bentleius
1780 1277 1799 1299 e

372 1310 452 1340 Vet.
470 1311 580 1342 Schol.
596 1312 726 1343 emend.
743 1312 892 1342 Omnibus
914 1316 943 1342 et
963 1312 1087 1342 medicis
1096 1322 1108 1348 ;
1131 1312 1190 1342 sed
1207 1312 1238 1342 id
1255 1322 1320 1343 non
1335 1322 1433 1343 ausus
1450 1317 1503 1343 est
1518 1312 1551 1342 in
1569 1314 1698 1342 textum
1714 1310 1799 1340 reci-

372 1360 466 1389 pere.
489 1355 518 1382 et
542 1353 712 1382 tonsoribus
732 1363 817 1392 oeque
833 1363 916 1383 unus
931 1353 1029 1383 Harl.
1054 1357 1090 1383 et
1107 1358 1191 1383 vett.
1208 1353 1408 1384 membranae
1425 1353 1632 1384 Barium—6
1654 1352 1814 1390 Cnuing.‘

371 1395 407 1421 et
420 1392 541 1422 Sanad.
556 1397 653 1432 posset
666 1394 717 1432 qui
728 1394 922 1424 vincere-7
942 1394 1078 1424 Plurimi
1092 1393 1188 1424 codd.
1204 1394 1316 1424 Bentl.
1335 1398 1370 1424 et
1385 1394 1461 1424 edd.
1478 1394 1579 1433 antiq·
1592 1393 1706 1423 Zarot.
1723 1392 1796 1422 Me-

372 1431 450 1463 diol.
472 1434 593 1465 Venet.
617 1435 758 1464 Locher.
775 1435 818 1464 al.
833 1435 1044 1474 tumidusque,·
1067 1438 1102 1465 et
1125 1434 1174 1465 sic
1199 1435 1313 1465 Bentl.
1338 1434 1459 1465 sanad.
1480 1435 1520 1465 R.
1543 1434 1662 1473 Steph.
1685 1432 1794 1463 Bond.

371 1473 540 1504 Scin-evei.
557 1475 704 1513 Francis,
720 1475 946 1513 Heindorf,et
963 1475 1067 1506 Kidd.
1091 1475 1272 1506 Lambinus
1283 1474 1321 1506 τὸ
1335 1485 1390 1515 que
1406 1475 1530 1515 primus
1545 1475 1647 1515 ejecit
1659 1479 1796 1504 secutus

372 1516 607 1547 auctoritatem
623 1517 763 1547 duorum
777 1517 857 1547 Vat.
872 1517 1033 1549 Jannoct.
1050 1521 1086 1548 et
1101 1517 1200 1549 Turn.
1215 1521 1250 1548 et
1266 1517 1313 1548 sic
1330 1516 1425 1548 Harl·
1438 1519 1471 1549 2.
1485 1519 1515 1548 3.
1530 1519 1563 1548 4.
1576 1518 1608 1547 6.
1622 1518 1652 1547 ⁷.
1675 1519 1712 1546 et
1728 1523 1796 1546 om-

1017 1609 1154 1639 NOTAE

371 1669 462 1709 apris
486 1673 521 1699 et
548 1669 684 1709 porcis‚’
706 1672 770 1700 &c.
794 1670 882 1700 Pliu.
900 1679 984 1700 vni.
1005 1672 1057 1701 49.

371 1718 381 1733 ‘
395 1718 660 1750 Emusmouibus
673 1723 707 1749 et
717 1719 837 1750 ovibus
850 1726 944 1750 natos
956 1719 1058 1759 prisci

371 1767 504 1797 umbros
533 1767 716 1798 vocarunt.'
742 1772 777 1798 et
803 1777 878 1807 cap.
898 1770 950 1798 53.
972 1769 982 1785 ‘
998 1768 1057 1798 Se-

371 1814 489 1844 mifera
500 1815 656 1846 animalia
665 1816 791 1855 antiqui
804 1816 1057 1847 vocabantibri-

371 1863 441 1899 das,
454 1863 494 1893 ad
510 1864 660 1894 homines
678 1873 822 1904 quoque,
835 1868 873 1894 ut
888 1864 922 1894 in
936 1865 974 1895 C.
986 1863 1056 1894 An-

371 1911 496 1942 tonium
523 1911 693 1941 Ciceronis
710 1912 742 1943 in
759 1913 931 1942 consulatu
954 1913 1054 1943 colle-

371 1969 458 2000 gam,
473 1959 701 1999 appellatione
721 1960 905 1991 translata!
949 1961 1005 1991 Ita
1020 1970 1054 1991 a·

370 2007 440 2048 pud
463 2008 539 2038 Val.
565 2007 660 2038 Max.
683 2016 765 2039 vni.
784 2011 816 2039 6.
850 2009 919 2041 ‘Q.
936 2009 1054 2040 Varius

372 2060 511 2096 propter
521 2056 765 2096 obscurumjus
781 2057 930 2087 civitatis
946 2057 1055 2088 ibrida

371 2105 646 2145 cognominatus‚'
678 2108 742 2136 ὅτε.
771 2109 870 2136 natus
899 2106 1054 2137 nimirum

370 2153 526 2193 Hispano
540 2159 647 2194 pan-e,
660 2158 767 2184 matre
774 2154 971 2185 Veronensi.

412 2203 432 2231 3
455 2201 565 2241 Lippis
589 2205 692 2232 notum
711 2205 741 2232 et
764 2202 948 2243 tonsoribus]
972 2203 1056 2233 Pro·

370 2249 528 2282 verbialis
542 2250 655 2281 dictio.
686 2251 799 2291 Lippi,
816 2251 902 2291 quod
919 2260 995 2282 raro
1007 2250 1054 2282 fo-

371 2308 424 2330 ras
441 2299 608 2338 prodeunt
619 2299 673 2329 vix
688 2299 796 2329 lucem
811 2299 1056 2339 ferentes‚hinc

373 2347 507 2377 curiose
522 2350 762 2387 percontantur
775 2348 816 2377 ab
832 2348 1054 2379 invisentibus

371 2395 453 2435 quid
474 2395 519 2425 sit
534 2394 610 2425 novi
631 2404 692 2434 per
715 2394 855 2426 urbem:
881 2397 1054 2427 tonstrinae

371 2453 466 2482 vero,
479 2443 512 2473 in
529 2451 612 2483 quas
626 2443 722 2473 multi
737 2443 942 2474 conveniunt
957 2444 1056 2474 otiosi

372 2498 408 2523 et
433 2493 601 2532 loquaces,
624 2497 701 2521 sunt
724 2491 864 2530 proinde
887 2501 1055 2523 rumorum

372 2547 409 2571 et
437 2539 744 2571 confabulationum
780 2538 931 2571 officinae.
978 2540 1055 2571 Huc

371 2588 490 2619 referri
504 2592 618 2628 potest
626 2588 714 2628 quod
727 2587 978 2628 Theophrastus
991 2589 1055 2621 ait:

371 2636 414 2667 τὰ
441 2638 561 2677 κουρεῖα
588 2635 676 2667 ἄοινα
707 2635 872 2676 συμπόσια,
896 2638 1055 2669 tonstrina·

370 2686 603 2725 compotationes
615 2685 680 2716 sine
693 2685 778 2717 vino.

412 2738 432 2766 6
466 2733 665 2773 Clazomenis]
701 2733 791 2766 Urbs
817 2734 885 2766 ista
911 2734 1053 2767 Minoris

1112 1669 1200 1701 Asiae
1226 1670 1259 1701 in
1277 1670 1387 1710 Ionia,
1403 1670 1444 1701 ad
1459 1678 1551 1701 oram
1572 1667 1673 1700 maris
1688 1666 1795 1709 AEgaei

1110 1719 1198 1750 inter
1207 1719 1381 1758 Smyrnam
1393 1722 1428 1749 et
1439 1718 1556 1750 Chium
1569 1727 1579 1756 3
1602 1717 1691 1758 prius
1702 1716 1795 1748 dicta

1110 1767 1239 1807 Gryne,
1250 1768 1339 1798 unde
1350 1767 1473 1807 Apollo
1484 1767 1667 1807 Grynoeus:
1681 1764 1793 1796 Anax-

1110 1827 1222 1856 agorae
1240 1817 1347 1856 patria
1363 1816 1438 1847 fuit.

1151 1868 1170 1895 8
1193 1865 1351 1903 sisennus,
1361 1863 1494 1904 Barros]
1518 1863 1679 1895 Homines
1691 1862 1794 1894 famo-

1109 1922 1162 1943 sos
1180 1913 1378 1951 dicacitate,
1397 1913 1573 1951 conviciis,
1588 1911 1708 1951 lingum
1735 1920 1793 1951 pe-

1109 1961 1262 1992 tulantia.
1307 1962 1359 1991 De
1371 1961 1485 1992 Barris
1500 1965 1610 1992 antea.
1654 1960 1795 1991 Sisenna

1109 2019 1294 2049 cognomen
1316 2014 1390 2040 erat
1406 2009 1628 2049 Aproniorum
1654 2013 1690 2040 et
1712 2008 1793 2039 Cor·

1107 2059 1281 2089 neliorum.
1307 2058 1372 2088 Dio
1389 2058 1446 2090 lib.
1458 2066 1532 2089 mv.
1547 2056 1698 2088 meminit
1710 2057 1793 2088 eor-

1111 2106 1188 2136 nelii
1210 2106 1374 2145 Sisennae,
1392 2106 1446 2146 qui
1469 2106 1511 2136 de
1537 2105 1650 2136 uxoris
1668 2105 1738 2136 vita
1756 2103 1792 2135 in

1110 2155 1236 2186 Senatu
1262 2155 1481 2194 reprehensus
1505 2162 1602 2184 ausus
1625 2152 1728 2184 fuerit
1743 2152 1792 2183 di·

1110 2212 1200 2240 cere,
1229 2211 1264 2233 se
1295 2203 1386 2233 illam
1414 2203 1543 2233 sciente
1572 2205 1608 2232 et
1629 2200 1791 2231 suadente

1110 2251 1260 2291 Augusto
1273 2251 1409 2282 duxisse
1422 2261 1431 2288 ;
1454 2253 1552 2291 atque
1565 2249 1613 2280 ita
1624 2247 1791 2286 Principis

1109 2309 1184 2331 cum
1199 2309 1239 2331 ea
1254 2298 1540 2333 consuetudinem.
1554 2305 1651 2336 quam
1665 2295 1790 2335 nuptiis

1109 2348 1249 2380 celatam
1271 2347 1384 2383 vellet,
1401 2350 1520 2385 aperte
1537 2348 1572 2375 et
1594 2344 1679 2376 salse
1694 2347 1789 2375 nota-

1110 2398 1208 2429 verit.

1152 2445 1249 2486 Equis
1282 2445 1482 2484 praecurreret
1514 2440 1607 2481 albis]
1628 2441 1790 2480 Figurate

1108 2494 1242 2534 locutio,
1254 2492 1331 2523 inde
1345 2495 1424 2522 nata
1438 2489 1526 2530 quod
1542 2489 1619 2530 equi
1634 2489 1701 2520 albi
1715 2499 1789 2521 cre·

1109 2544 1230 2574 dantur
1246 2539 1456 2571 velocissimi.
1479 2538 1594 2568 Plaut.
1606 2536 1701 2569 Asin.
1726 2538 1736 2554 ‘
1752 2538 1788 2570 Si

1107 2591 1182 2622 huic
1195 2588 1359 2621 occasioni
1374 2597 1409 2618 se
1425 2592 1556 2626 tempus
1568 2585 1788 2617 subter-duxe-

1106 2639 1163 2677 rit,
1179 2638 1354 2677 Nunquam
1370 2634 1502 2675 aedepol
1516 2633 1687 2674 quadrigis
1702 2634 1787 2666 albis

1105 2686 1287 2726 indipiscet
1303 2683 1444 2725 postea:

1147 2737 1187 2766 10
1210 2734 1281 2766 Ηοο
1294 2733 1406 2766 etenim
1426 2734 1498 2764 suut
1521 2739 1623 2763 omues
1637 2729 1711 2769 jure
1723 2740 1784 2762 mo·
