1930 3242
177 411 359 463 vitalis,
381 417 553 465 metuo;
582 416 628 454 et
642 414 860 467 'majorum
879 426 931 454 ne
952 414 1055 468 quis
1073 413 1242 455 amicus

178 477 355 531 Frigore
377 485 420 520 te
439 479 583 520 feriat.

611 318 887 350 sannionum
921 319 1014 350 Lis.
1046 318 1099 350 11.
1130 309 1170 350 l.
1535 311 1620 352 921

642 478 679 528 ΊῘ
698 479 819 529 Quid
834 481 854 521 ‘l
885 493 986 522 cum
1007 484 1079 521 est
1098 479 1295 521 Lucilius
1315 491 1451 520 ausus

177 543 354 587 Primus
373 546 418 586 in
437 545 551 586 hunc
572 546 721 599 operis
741 559 1004 601 componere
1024 547 1217 589 carmina
1233 558 1410 596 morem,

175 610 420 652 Detrahere
439 616 483 653 et
499 612 676 666 pellem,
696 612 865 666 nitidus
885 627 977 668 qua
996 615 1183 668 quisque
1204 625 1283 666 per
1300 624 1378 653 ora

1562 679 1622 720 65

174 671 631 728 Cederet‚'introrsum
653 680 818 733 turpis3
850 693 950 721 num
975 681 1160 730 Laelius,
1179 683 1222 721 et
1242 679 1320 733 qui

179 744 320 786 Duxit
338 744 395 786 ab
415 757 629 799 oppressa
642 747 843 788 meritum
864 747 1125 800 Carthagine
1145 758 1320 796 nomen,

174 810 358 865 Ingenio
377 810 565 854 offensi?
596 817 677 854 aut
695 813 808 855 laeso
829 813 1010 856 doluere
1031 813 1233 863 Metello,

169 948 309 996 condam.
353 949 465 982 Tm.
492 951 522 981 0
533 950 671 990 juvenis,
696 951 787 983 timeo
802 961 840 982 ne
858 961 919 983 non
932 951 988 982 diu
1003 952 1108 983 vivas:
1129 961 1166 983 αι·
1185 961 1225 984 ne
1238 951 1352 992 aliquis
1366 954 1547 990 magnatum
1562 950 1624 982 eibi

170 991 258 1021 modo
270 991 390 1023 amicus
403 996 527 1033 aspectu
538 993 667 1033 frigido
682 997 714 1025 te
726 994 892 1034 percutiat.
935 993 1034 1025 HoR.
1052 994 1197 1035 Ecquid?

1242 994 1374 1029 Quando
1386 994 1526 1025 Lucilius
1539 993 1622 1025 haud

170 1032 327 1065 dubitavit
343 1034 464 1074 prim
477 1037 606 1067 condere
619 1045 726 1068 verm
739 1035 901 1075 eiusmodi,
916 1039 948 1067 et
961 1037 1086 1074 auferre
1107 1038 1228 1068 larvam
1251 1046 1312 1076 qua
1326 1036 1451 1076 quisque
1464 1035 1553 1075 jacie
1568 1037 1622 1066 de-v

170 1083 258 1106 corus
280 1075 452 1116 incedebat,
466 1078 574 1116 soedus
593 1078 667 1110 licet
690 1079 789 1118 intus,
804 1088 846 1109 (m
866 1078 983 1110 Loelius
996 1080 1046 1110 vel
1065 1079 1094 1110 is
1113 1079 1166 1119 qui
1179 1078 1304 1117 justum
1324 1079 1457 1118 elogium
1479 1088 1499 1109 α
1520 1078 1622 1108 deleta

174 1117 365 1159 Carthagine
377 1119 501 1161 retudit,
514 1121 617 1152 animo
631 1121 714 1152 irato
728 1120 882 1159 fuerunt?
902 1131 943 1152 an
961 1122 1022 1152 ulti
1043 1124 1115 1153 eunt
1135 1122 1299 1153 Metellum
1317 1121 1481 1163 offensum,
1498 1130 1535 1151 ac
1556 1119 1621 1151 Lu-

781 1214 1019 1227 oeeoueaeoaeeo

171 1282 207 1305 se
222 1275 460 1308 commendat.'
487 1277 702 1316 Wakef.—63
726 1278 922 1311 Markland.
939 1279 1051 1320 Epist.
1063 1279 1149 1312 Crit.
1167 1289 1202 1320 p.
1219 1281 1270 1311 11.
1286 1278 1526 1320 conjectabat:
1544 1278 1624 1310 Pri·

170 1325 239 1347 mus
248 1317 284 1348 in
298 1316 375 1349 hauc
389 1328 417 1350 o.
433 1329 461 1350 c.
475 1320 660 1357 c.sormum.
706 1320 791 1352 Vide
806 1322 939 1354 Valart.
952 1321 1061 1353 Praef.
1077 1332 1110 1363 p.
1127 1324 1180 1354 11.
1206 1322 1334 1354 Nescio
1349 1322 1423 1363 quis
1447 1321 1533 1352 alius
1546 1331 1555 1352 ε
1582 1321 1622 1352 P.

168 1359 210 1388 ad
222 1357 302 1390 tuane
315 1381 324 1390 .
337 1380 347 1389 .
362 1382 371 1392 .
382 1364 618 1394 normam—64
633 1363 716 1394 Exc.
725 1363 804 1394 Sax.
817 1374 878 1404 qua
893 1364 1019 1404 quisquae
1031 1373 1088 1405 per
1101 1374 1157 1395 ora
1171 1365 1354 1399 iri-cederet,
1367 1365 1506 1403 &ca—65
1522 1363 1533 1381 ‘
1546 1362 1621 1404 Op-

170 1400 244 1431 timi
259 1401 361 1432 codd.
375 1406 407 1433 et
418 1403 482 1442 qui.
525 1403 703 1442 Significat
725 1410 839 1436 autem
865 1406 1061 1446 Scipionem
1086 1405 1286 1437 Africanum
1312 1406 1497 1443 Minorem,
1522 1405 1622 1445 cujus

170 1441 321 1473 amicitia
336 1444 482 1475 Lucilius
498 1443 627 1483 floruit,
643 1449 679 1476 et
691 1445 782 1477 bello
796 1447 1004 1478 Numantino
1020 1448 1094 1487 ipso
1107 1447 1195 1478 duce
1205 1447 1364 1478 militavit
1378 1456 1388 1477 τ
1405 1450 1526 1478 auctor
1538 1447 1623 1477 Vel-

168 1483 254 1514 leius
269 1484 498 1517 Paterculns:
524 1486 667 1518 Torreat.

711 1488 849 1519 ‘Scribe
865 1497 908 1520 ex
924 1490 1068 1520 vetustis
1084 1488 1305 1528 editionibus,
1321 1493 1358 1520 et
1370 1487 1565 1520 melioribus
1580 1488 1621 1519 li-

169 1524 252 1562 bris,
266 1526 392 1558 nostris
406 1532 503 1558 certe
519 1528 716 1569 Reginensi,
733 1529 1009 1571 Magdalenensi,
1024 1536 1060 1562 et
1077 1531 1296 1563 Colbertino:
1311 1540 1386 1562 num
1394 1530 1514 1561 Loelius
1523 1534 1555 1562 et
1568 1530 1623 1571 qui

167 1566 277 1599 Duxit
298 1568 338 1599 ab
363 1578 508 1610 oppressa
529 1570 675 1602 meritum
693 1573 771 1603 Cart

165 1608 321 1643 Metello?

773 1572 887 1612 hagiae
910 1583 1020 1605 nornen
1036 1574 1168 1614 Ingenio
1181 1573 1306 1615 offensi,
1328 1575 1383 1604 aut
1403 1573 1476 1604 loeso
1497 1573 1622 1604 doluere

367 1611 453 1643 Num
467 1612 585 1644 Loelius
599 1617 631 1644 et
646 1613 752 1653 Scipio
768 1615 937 1653 Africanus
956 1614 1068 1656 offensi
1083 1617 1226 1647 doluere?
1247 1619 1303 1647 aut
1317 1616 1418 1655 enim,
1433 1615 1523 1656 quod
1547 1614 1620 1646 edi-

167 1650 277 1684 tiones
285 1652 359 1693 jam
375 1653 524 1694 obsidet,
536 1663 579 1685 ex
593 1655 723 1696 pejoris
739 1661 831 1688 notae
847 1657 1023 1689 codicibus
1036 1659 1124 1690 male
1136 1658 1296 1698 petitum,
1312 1666 1355 1688 ne
1368 1657 1528 1688 Latinum
1545 1657 1619 1697 qui-

165 1693 244 1725 dem
259 1699 334 1726 est:
358 1695 489 1736 quippe
505 1701 576 1728 tum
598 1697 704 1728 verba
725 1698 887 1738 singulari
909 1709 1048 1731 numero
1074 1699 1232 1740 ponenda
1247 1699 1373 1738 forent,
1390 1699 1476 1729 Num
1500 1698 1622 1729 Laezius

165 1739 221 1767 aut
243 1735 351 1777 Scipio
373 1737 510 1779 offensus
532 1739 631 1771 doluit
640 1739 663 1771 2·
689 1740 804 1772 Bentl.
851 1741 921 1773 Pro
936 1745 992 1773 aut
1014 1741 1068 1780 qui
1090 1746 1099 1759 ‘
1115 1741 1295 1772 Bentleius
1321 1745 1416 1771 recte
1442 1741 1567 1780 posuit,
1588 1743 1622 1771 et

162 1778 230 1818 qui,
242 1787 286 1811 ex
301 1779 476 1812 veteribus
491 1781 608 1814 libris:
630 1780 757 1821 μεγάλη
770 1781 861 1824 χάρις
874 1784 982 1824 αὐτῷ’
998 1784 1101 1816 Buxe-
1134 1783 1232 1815 Harl.
1247 1786 1280 1816 2.
1295 1793 1356 1814 non
1366 1782 1539 1824 Loelius,et
1553 1782 1619 1823 qui,

816 1890 849 1922 N
854 1889 963 1922 OTAE

205 1950 247 1980 61
270 1948 430 1989 Mqiorum
442 1959 483 1982 ne
498 1950 570 1991 quis
589 1951 709 1983 amicus
727 1952 865 1992 Frigore

164 1998 326 2040 referiat]
354 2000 411 2032 Ne
433 2000 508 2042 quis
538 2010 718 2042 procerum
743 2001 864 2034 Satiris

165 2047 232 2079 tuis
246 2046 395 2081 offensus
413 2049 477 2081 tibi
490 2059 610 2082 necem
631 2051 811 2084 inferendo
827 2061 864 2084 se

166 2097 370 2132 ulciscaturz
389 2099 457 2139 vel,
469 2109 512 2131 ne
526 2100 703 2132 Maecenas
713 2101 865 2142 aliquan·

166 2147 212 2180 do
231 2147 371 2180 tandem
387 2149 586 2181 adversetur
599 2155 636 2182 et
651 2150 814 2182 excludat
829 2155 866 2183 te

165 2197 210 2229 ab
232 2207 294 2230 sua
319 2197 556 2231 familiaritate
577 2200 672 2232 velut
692 2205 868 2233 contume-

164 2246 286 2280 liosum
300 2253 338 2280 et
351 2250 610 2290 sycophantam.
654 2250 712 2282 Ita
727 2250 867 2283 Penius

165 2298 238 2330 Sat.
262 2307 288 2330 ι.
304 2301 379 2330 108.
405 2299 416 2317 ⁸
434 2299 536 2340 Vide,
553 2300 613 2340 sis,
631 2309 675 2331 ne
699 2300 864 2341 majorum

165 2347 230 2381 tibi
241 2346 334 2380 forte
349 2348 466 2380 limina
477 2348 694 2390 frigescant)

205 2399 249 2430 62
265 2396 415 2442 Erigere]
430 2398 548 2431 Morte
562 2409 638 2441 quae
648 2399 775 2441 frigida
789 2405 864 2434 est:

167 2448 233 2489 vel,
245 2446 371 2489 frigido
386 2458 426 2481 ac
440 2448 622 2482 fastidioso
637 2452 743 2482 vultu.

208 2498 317 2534 Quid?
345 2508 414 2531 cum
440 2503 489 2531 est
515 2500 631 2532 Lucius
656 2510 761 2542 ausae,
792 2501 864 2542 &cd

164 2546 327 2579 Trebatio
348 2548 532 2589 respondet
546 2549 733 2582 Horatius:
757 2559 863 2592 seque

167 2599 285 2628 tuetur
305 2598 462 2639 exemplo
488 2599 622 2637 Lucilii,
649 2600 707 2642 qui
733 2601 862 2633 Satires

168 2645 321 2678 scribens
335 2646 434 2679 valde
454 2657 562 2688 acres,
581 2659 646 2682 nec
670 2650 750 2683 vitae
769 2651 864 2683 dam-

168 2705 248 2727 num
263 2695 354 2736 tulit,
369 2705 431 2728 nec
454 2697 496 2729 ab
514 2699 696 2732 amicorum
718 2700 863 2733 familia-

170 2746 274 2776 ritate
289 2744 431 2777 excidit.

209 2797 250 2826 64
279 2793 453 2826 Detrahere
479 2798 510 2826 ee
536 2798 658 2838 pellem,
681 2800 750 2841 ξω]
789 2801 859 2833 Oc-

168 2843 262 2876 culta
287 2851 468 2884 procerum
494 2844 578 2877 vitia
600 2847 789 2892 divulgare,
817 2860 858 2882 ac

916 1957 1034 1994 turpes
1042 1952 1228 1985 ostendere
1241 1961 1300 1984 eos
1312 1952 1405 1994 ipsos
1415 1951 1474 1994 qui
1483 1950 1619 1983 honesti

915 2007 952 2035 et
967 2002 1066 2044 probi
1081 2002 1378 2034 existimabantur.

956 2056 999 2086 66
1024 2053 1155 2094 Loelim,
1172 2053 1244 2094 &fc-J
1267 2051 1438 2094 Scipionis
1462 2049 1618 2083 Africani

916 2104 1070 2145 impense
1081 2103 1140 2135 ille
1153 2103 1293 2143 amicus,
1304 2111 1428 2143 magna
1439 2099 1619 2141 sapientias

914 2152 1005 2185 fama
1020 2153 1112 2195 apud
1128 2152 1398 2192 Rom.inclytus.
1425 2150 1517 2182 Huic
1533 2149 1619 2181 Dia-

913 2203 1030 2244 logum
1041 2203 1085 2235 de
1102 2202 1266 2235 Amicitia
1277 2203 1401 2234 Cicero
1416 2199 1604 2241 inscripsit.

959 2255 1002 2284 66
1025 2253 1091 2289 Qui
1105 2253 1211 2284 Duxit
1226 2252 1265 2284 cb
1279 2261 1435 2292 oppressa,
1449 2251 1520 2292 δρα]
1545 2249 1618 2281 Sci-

919 2303 976 2344 pio
1001 2303 1213 2343 AEmilianus,
1236 2311 1297 2334 seu
1322 2301 1445 2342 minor,
1467 2300 1510 2333 ab
1529 2298 1620 2331 Afri·

916 2353 992 2384 cani
1016 2353 1150 2394 majoris
1174 2351 1244 2384 filio
1263 2351 1460 2394 adoptatus,
1478 2350 1535 2391 qui
1557 2348 1617 2380 de-

915 2403 984 2434 leta
999 2398 1159 2434 inccndio
1173 2401 1382 2443 Carthagine
1404 2401 1508 2432 etiam
1523 2397 1617 2429 Afri-

916 2462 1019 2484 canus
1048 2453 1240 2494 appellatus
1267 2455 1331 2483 est.
1382 2450 1419 2482 Is
1449 2447 1618 2480 Lucilium

909 2502 1076 2543 juvenem
1097 2502 1198 2534 duxit
1219 2501 1262 2533 ad
1283 2501 1409 2532 bellum
1435 2495 1619 2529 Numanti-

918 2561 1010 2591 num,
1024 2560 1229 2593 semperque
1251 2549 1376 2581 deinde
1396 2545 1633 2578 familiariter·

914 2601 1080 2634 adhibuit.
1113 2600 1359 2632 Veli-Patere.

958 2653 1000 2682 67
1016 2648 1162 2688 Metello]
1184 2647 1389 2680 Consulares
1400 2645 1498 2678 multi
1512 2645 1616 2686 hujus

915 2699 1060 2731 nominis
1084 2698 1200 2730 Romae
1225 2697 1388 2737 extitere,
1403 2696 1504 2728 rebus
1524 2705 1614 2737 prai-

917 2750 1008 2781 clare
1034 2748 1140 2789 gestis
1163 2746 1325 2787 insigues.
1369 2745 1615 2777 Macedonicus

913 2809 932 2831 a
962 2799 1090 2831 domita
1119 2797 1328 2829 Macedonia
1355 2796 1613 2836 cognominatus

913 2860 990 2883 cum
1004 2849 1165 2891 Scipione
1180 2847 1371 2880 simultates
1385 2850 1588 2878 exercuerat
1601 2855 1612 2877 2
