1904 3256
384 228 469 270 760
827 240 1029 270 nAcan
1063 238 1315 269 PRAEFA'rro
1366 254 1369 257 ·

327 365 335 373 ,
381 327 484 379 quod
503 328 565 366 ille
583 328 686 366 hunc
706 328 894 366 scribendi
912 337 990 364 arte
1010 327 1124 376 longe
1153 329 1399 377 superaverit,
1427 329 1482 367 uti
1515 330 1634 369 voluit
1651 332 1797 371 Casan·

378 393 517 438 bonus,
545 402 782 440 consequens
804 389 872 426 erit
892 389 1042 426 Horatii
1060 402 1212 439 quoque
1233 390 1375 431 Satiras
1394 403 1416 428 a
1436 390 1640 429 Lucilianis
1658 393 1797 432 diversi

378 465 532 503 prorsus
566 452 683 488 fuisse
713 449 876 499 generis,
904 449 1214 500 quandoquidem
1235 451 1416 490 Horatius
1436 465 1512 490 non
1531 453 1656 492 minus
1675 456 1800 492 evexit

382 515 525 552 Satiras
546 525 633 550 suas
654 524 768 560 supra
788 511 984 556 Lucilium,
1012 525 1126 561 quam
1146 511 1209 550 ille
1228 525 1318 551 suas
1339 526 1449 564 supra
1481 514 1646 552 Ennium
1665 522 1704 552 et
1723 515 1800 554 Pa-

379 576 528 613 cuvium
559 579 746 611 evexerat.
802 573 974 611 Douzam
1005 587 1157 624 quoque
1186 575 1322 613 fefellit
1353 577 1424 613 iste
1457 576 1653 614 Diomedis
1673 577 1797 616 locus.

318 645 327 653 ⁹
381 638 466 674 Hoc
486 649 561 672 non
577 648 623 672 eo
638 635 716 672 dixi
735 634 839 685 quod
853 635 1152 674 errorem‘levem
1167 642 1356 674 tantorum
1373 637 1533 675 virorum
1551 644 1684 676 notare
1702 651 1799 688 gau-

364 700 504 743 deam,
525 697 593 734 sed
613 698 735 735 solum
756 703 799 735 ut
817 697 1086 743 demonstrem,
1119 705 1263 748 quanta
1294 711 1380 736 cum
1403 712 1493 737 cura
1512 706 1550 737 et
1566 700 1717 738 cautela
1735 714 1799 739 eo-

377 773 456 798 rum
475 772 591 809 opera
609 759 736 808 legere
751 766 938 809 oporteat,
954 759 1018 797 ubi
1035 760 1082 797 de
1099 773 1139 797 re
1151 761 1275 810 agitur
1288 762 1451 798 obscura
1465 762 1562 798 adeo
1575 769 1612 800 et
1625 762 1797 813 antiqua.

430 821 612 871 Antiquae
632 822 765 858 Satirae
782 821 830 858 ad
852 822 988 859 Scenae
1007 835 1118 860 usum
1136 823 1358 873 compositae
1380 825 1563 861 Naturam
1583 824 1794 867 declat-nvn

376 883 531 933 planum
553 884 625 921 feci
643 883 731 921 inde
752 884 966 934 exemplum
987 885 1057 922 sibi
1077 885 1257 923 sumsisse
1287 885 1475 929 Ennium;
1507 885 1600 924 satis
1632 885 1798 936 denique

376 946 640 983 confirmatum
661 945 750 982 dedi
770 947 882 983 Ennii
901 946 1133 996 Pacuviique
1153 947 1323 996 ejusdem
1343 960 1427 984 esse
1448 947 1598 997 generis
1618 959 1704 984 cum
1725 948 1797 985 Sa-

375 1006 455 1044 tiris
474 1007 608 1044 Lucilii
627 1013 664 1044 et
685 1007 844 1053 Horatii,
864 1008 968 1058 quod
987 1014 1112 1045 tamen
1135 1009 1299 1046 Carmen
1320 1022 1395 1046 non
1416 1009 1487 1046 nisi
1507 1010 1554 1046 ab
1574 1009 1735 1046 Horatio
1748 1009 1798 1046 ad

378 1081 595 1118 supremum
612 1069 806 1119 fastigium
822 1070 1048 1119 perductum
1063 1077 1136 1107 est.
1164 1071 1187 1107 J
1192 1083 1251 1107 am
1268 1069 1316 1107 ad
1333 1071 1492 1108 alterum
1509 1070 1644 1111 Satirae
1660 1083 1798 1120 genus,

376 1130 482 1180 quod
501 1131 624 1180 recepi
646 1132 930 1181 exponendum,
948 1132 1051 1182 quod
1072 1138 1111 1169 et
1129 1132 1250 1182 ipsum
1272 1145 1424 1182 quoque
1443 1133 1490 1170 ab
1511 1132 1668 1183 antiqua
1687 1132 1800 1182 origi-

375 1205 463 1229 nem
483 1192 606 1239 duxit,
626 1200 777 1244 tempus
805 1201 865 1231 est
896 1194 1099 1232 accedere:
1129 1207 1175 1232 ea
1206 1201 1263 1232 est
1292 1208 1379 1245 quae
1412 1193 1625 1244 appellatur
1651 1193 1801 1232 ‘Satira

374 1254 634 1292 Varroniana'
653 1255 711 1293 vel
736 1259 747 1277 ‘
761 1256 995 1306 Menippea‚’
1020 1255 1124 1306 quod
1146 1257 1288 1307 primus
1309 1256 1390 1307 ejus
1410 1262 1542 1294 auctor
1561 1262 1664 1294 esset
1678 1255 1800 1292 Varro

375 1314 636 1353 Romanorum
662 1317 922 1362 doctissimus,
955 1318 1133 1367 quodque
1152 1318 1188 1354 in
1208 1331 1254 1355 eo
1273 1331 1385 1367 opere
1400 1317 1581 1368 vMenippi
1601 1316 1800 1356 Gadaren-

375 1376 442 1422 sis,
457 1376 681 1427 Philosophi
701 1379 848 1428 Cynici,
868 1390 990 1415 mores
1009 1379 1177 1415 imitatus
1197 1385 1311 1416 esset.

430 1438 513 1476 Nec
534 1439 616 1476 sola
637 1440 856 1477 Carminum
875 1441 1057 1478 varietate
1077 1441 1189 1478 mista
1207 1448 1266 1478 est
1285 1441 1358 1477 ista
1391 1440 1538 1482 Satira:
1571 1451 1658 1476 nam
1677 1438 1799 1476 Varro

375 1499 408 1538 ei
428 1500 708 1550 interposuerat
726 1514 877 1551 prosam
899 1503 1121 1547 orationem,
1149 1503 1362 1553 promiscuo
1389 1502 1503 1539 etiam
1523 1514 1593 1539 usu
1617 1501 1744 1538 Graeci
1762 1507 1801 1541 et

375 1561 500 1599 Latini
531 1563 739 1600 Sermonis.
795 1563 1054 1606 Quintilianus
1087 1563 1134 1600 de
1163 1563 1296 1622 Lucilii
1330 1563 1453 1600 Satira
1482 1563 1632 1600 locutus
1666 1561 1798 1600 addit:

374 1628 384 1645 ‘
401 1623 573 1661 Alterum
591 1623 687 1661 illud
708 1630 769 1661 est
787 1631 826 1661 et
846 1626 949 1674 prius
970 1625 1106 1662 Satiroe
1126 1638 1262 1675 genus,
1283 1625 1386 1675 quod
1416 1637 1490 1662 non
1512 1625 1634 1662 solum
1656 1623 1803 1662 Carmi-

377 1698 467 1723 num
489 1686 669 1724 varietate
689 1686 844 1723 mistum
861 1685 1035 1723 condidit
1062 1686 1262 1724 Terentius
1293 1686 1426 1732 Varro,
1459 1685 1512 1723 vir
1543 1686 1800 1723 Romanorum

376 1748 655 1786 eruditissimus
669 1748 692 1790 ;’
721 1749 829 1798 cujus
859 1748 934 1786 loci
966 1747 1080 1786 unica
1110 1748 1318 1786 difficultas
1338 1749 1376 1785 in
1395 1761 1440 1786 eo
1461 1748 1586 1799 posita
1603 1753 1675 1792 est,
1695 1747 1800 1797 quod

376 1809 539 1846 affirmat
568 1810 827 1853 Quintilianus
858 1810 958 1847 hanc
991 1811 1153 1848 Satiram
1183 1811 1458 1849 Varronianam
1489 1810 1608 1848 fuisse
1626 1809 1799 1859 priorem.

377 1871 464 1914 Quo
484 1871 584 1908 enim
605 1879 718 1921 pacto
733 1871 828 1908 illud
843 1871 921 1908 fieri
937 1871 1074 1920 potuit,
1091 1885 1176 1909 cum
1193 1879 1307 1909 aetate
1322 1872 1442 1909 multo
1455 1870 1641 1922 posterior
1656 1869 1800 1907 Lucilio

374 1932 488 1970 fuerit
503 1933 653 1970 Varro?
672 1933 724 1970 At
746 1933 908 1971 Satiram
929 1934 1110 1971 Varronis
1129 1941 1298 1984 tempore
1318 1934 1477 1984 priorem
1496 1934 1627 1978 fuisse,
1647 1945 1693 1970 ea
1710 1944 1800 1969 vero

375 2007 452 2032 non
473 2000 532 2032 est
551 1994 777 2038 Quintiliani
797 2008 919 2041 mens,
940 1995 1082 2046 quippe
1101 1996 1165 2045 qui
1183 1996 1299 2046 probe
1320 1995 1432 2032 sciret
1450 2007 1532 2032 eam
1548 1993 1678 2031 multis
1690 1993 1800 2031 annis

374 2057 494 2094 fuisse
522 2057 784 2094 recentiorem.
850 2056 894 2093 Id
922 2056 1055 2102 voluit,
1093 2057 1254 2094 Satiram
1284 2057 1385 2094 hanc
1413 2057 1466 2094 ita
1495 2056 1647 2093 mistam
1677 2054 1799 2105 magis

375 2119 626 2170 compositam
647 2131 732 2156 esse
752 2118 802 2156 ad
822 2119 935 2156 Ennii
955 2125 994 2156 et
1009 2119 1177 2163 Pacuvii,
1194 2119 1259 2169 qui
1275 2119 1311 2155 in
1334 2118 1467 2156 Satiris
1489 2118 1567 2155 suis
1588 2117 1707 2157 multa
1727 2117 1800 2157 sibi

374 2181 488 2219 licere
515 2181 730 2226 voluerunt,
752 2193 866 2231 quam
885 2180 935 2218 ad
958 2180 1091 2218 Lucilii
1110 2180 1338 2230 exemplum,
1367 2180 1433 2230 qui
1458 2180 1592 2217 Musas
1608 2178 1725 2216 coluit
1743 2190 1801 2216 se·
1824 2196 1827 2198 ·

377 2243 556 2281 veriores.

429 2304 534 2341 Nihil
555 2305 664 2342 nobis
684 2311 805 2343 restat
832 2306 944 2345 hodie
968 2319 1015 2344 ex
1037 2305 1219 2343 Varronis
1245 2303 1393 2349 Satiris,
1411 2308 1548 2353 praeter
1570 2303 1801 2351 Fragmenta

377 2367 571 2416 quaedam,
607 2379 728 2417 eaque
760 2369 962 2405 maximam
999 2368 1036 2404 in
1070 2374 1216 2417 partem
1249 2364 1545 2416 corruptissima,
1576 2363 1798 2413 titulosque,

376 2440 536 2480 quorum
555 2428 705 2479 plurimi
725 2436 815 2466 sunt
833 2429 1018 2480 duplices,
1046 2429 1112 2478 qui
1139 2427 1279 2465 indicio
1311 2435 1414 2470 sunt,
1445 2431 1589 2475 quanta
1616 2431 1720 2463 esset
1738 2437 1801 2462 va-

377 2491 492 2528 rietas
513 2491 770 2538 materiarum,
797 2505 894 2542 quas
913 2492 1033 2529 Varro
1052 2491 1129 2528 illic
1149 2495 1389 2527 tractaverat.

431 2554 590 2590 Senecae
610 2553 970 2605 Apocolocyntosis,
1002 2553 1126 2591 Boetii
1158 2553 1205 2590 de
1235 2551 1509 2589 Consolatione
1539 2549 1799 2600 Philosophiae

375 2613 541 2660 libellus,
562 2621 600 2652 et
620 2615 788 2654 Petronii
806 2616 944 2654 Arbitri
972 2615 1171 2667 Satyricon
1191 2620 1281 2652 sunt
1300 2612 1432 2650 Satirae
1452 2610 1698 2648 Varronianis
1716 2622 1798 2668 oms

378 2675 467 2712 nino
493 2676 647 2715 similes.
