1936 3236
386 568 469 629 Q.
542 551 1004 626 HORA'TII
1072 561 1461 622 FLACCI

564 737 1254 808 CARMINUM·

738 950 959 999 LIBER
1013 950 1105 998 IV.

810 1257 953 1298 ODE
1002 1257 1042 1298 Ι.

746 1369 814 1398 AD
850 1367 1110 1399 VENEREM·

193 1451 347 1484 Maximo
368 1452 550 1494 interjecto
571 1451 753 1482 intervallo
775 1450 952 1486 Horatius,
969 1450 1115 1491 Augusti
1138 1451 1275 1483 hortatu
1299 1451 1477 1493 adductus,
1495 1459 1651 1494 quartum

235 1505 324 1538 hunc
337 1505 487 1537 iibeilum
498 1505 532 1536 in
545 1505 706 1536 honorem
719 1504 950 1544 privignorum
962 1505 1036 1545 ejus
1050 1504 1140 1536 edit:
1165 1505 1232 1545 (sic
1243 1510 1362 1537 auctor
1373 1506 1468 1538 vitae
1482 1507 1618 1540 Horatii
1629 1508 1656 1547 2)

237 1567 343 1599 quare
355 1558 554 1590 suavissima
566 1558 741 1598 Aliegoria
751 1567 842 1597 nsua,
853 1568 888 1589 se
898 1557 989 1599 apud
1003 1568 1078 1589 eum
1093 1564 1235 1590 excusat
1245 1558 1287 1590 ob
1302 1560 1500 1591 alieniorem
1513 1566 1653 1593 aetatem

237 1611 286 1642 rei
302 1610 442 1643 ludicra».
462 1612 534 1652 jam
552 1612 662 1642 minus
678 1611 860 1650 idoneum;
883 1611 963 1653 quin
983 1616 1020 1643 et
1042 1611 1129 1643 hanc
1147 1612 1356 1652 provinciam
1374 1613 1482 1645 Paulo
1497 1614 1652 1646 Maximo

237 1664 578 1705 ornatissimojuveni
595 1663 795 1695 tradendam
811 1669 944 1696 censet.
989 1663 1044 1695 Ad
1066 1665 1220 1696 ultimum
1248 1670 1359 1697 tamen
1377 1665 1506 1698 fatetur
1522 1667 1653 1708 langui-

238 1718 350 1750 dulam
367 1718 490 1750 amoris
505 1716 672 1748 flammam
688 1717 751 1748 sibi
775 1717 886 1748 adhuc
910 1716 1098 1748 identidem
1116 1717 1334 1748 revirescere.
1378 1718 1482 1758 (Mihi
1497 1721 1545 1751 sic
1561 1721 1654 1751 vide-

236 1771 358 1803 batur:
383 1780 460 1802 cum
484 1770 590 1801 semel
607 1770 791 1810 placuisset
806 1778 930 1800 novum
946 1768 1071 1799 librum
1086 1769 1202 1807 edere,
1218 1769 1250 1799 in
1266 1779 1342 1800 eum
1366 1771 1557 1811 conjectum
1580 1781 1655 1804 esse

236 1823 399 1866 quiequid
415 1823 458 1854 ad
474 1832 592 1854 manus
609 1827 696 1854 erat.
740 1822 882 1863 Dilegia
896 1821 951 1853 hic
964 1821 1102 1863 quidem
1118 1831 1183 1853 non
1199 1822 1321 1862 placet.
1345 1822 1461 1864 (ἴε-3η.)

309 1899 641 1947 ΙΝΤΒΒΜιεεΑ,
657 1895 830 1946 Venus,
851 1895 943 1946 diu,

366 1963 540 2006 Rursus
558 1963 673 2005 bella
695 1963 884 2004 moves?
915 1962 1074 2013 Parce,
1095 1976 1266 2016 precor,
1287 1977 1461 2017 precor.

241 2085 424 2125 lntmupta
438 2084 555 2116 dudum
576 2083 690 2124 Venus,
705 2083 820 2115 iterum
838 2083 951 2124 pratia
966 2084 1089 2116 indicis.
1120 2084 1265 2125 Abstine,
1277 2095 1328 2116 oro
1344 2086 1547 2126 obtestorque.
1583 2084 1654 2115 Non

240 2235 353 2266 Deest
361 2233 436 2264 haec
453 2232 531 2264 Ode
541 2232 692 2264 Editioni
706 2232 831 2263 Sanad.
878 2233 945 2264 Hic
958 2233 1068 2264 codex
1082 2234 1246 2266 Laurent.
1256 2234 1426 2266 Torrentii
1437 2234 1553 2274 habet,
1565 2236 1644 2265 Car-

198 2277 317 2308 mimtm
331 2275 426 2308 Liber
440 2278 568 2315 quartus
583 2276 623 2306 aa
638 2275 773 2307 Fabium
785 2276 978 2314 Maximum,
993 2276 1080 2307 haud
1098 2276 1201 2307 dubie
1222 2277 1266 2308 ob
1284 2277 1427 2308 Maximi
1443 2278 1652 2309 mentionem

199 2320 234 2350 in
250 2319 314 2350 hnc
335 2317 445 2360 prima
460 2317 538 2348 Ode
558 2316 696 2349 factam.
742 2317 852 2349 Codd.
877 2328 932 2359 ap.
951 2319 1086 2350 Fabric.
1102 2322 1138 2350 et
1164 2319 1284 2360 Steph.
1299 2319 1410 2351 Diatr.
1427 2327 1512 2351 sect.
1530 2329 1586 2351 111.
1601 2320 1656 2351 Aa

201 2361 337 2393 Paulum
352 2360 608 2391 Maximum—1
634 2360 820 2392 Intermissa
840 2360 943 2392 Venus
957 2361 1012 2392 diu
1031 2361 1104 2392 sine
1121 2360 1341 2393 distinctione
1358 2361 1431 2393 fere
1454 2362 1533 2393 edd.
1578 2363 1653 2393 Dis-

200 2402 326 2443 tinguit
337 2403 517 2434 Bentleius
533 2407 612 2443 post
623 2403 822 2442 Intermissa,
838 2408 875 2434 et
902 2403 951 2434 ita
966 2403 1045 2435 edd.
1057 2403 1236 2435 Puimanni
1254 2406 1349 2436 1564.
1374 2405 1537 2436 Freiionii
1560 2407 1655 2436 1559.

201 2445 375 2478 vincentii
399 2447 493 2476 16⁷1.
517 2449 555 2476 et
577 2445 739 2481 Lubinus,
756 2445 906 2477 Cerutus
931 2447 963 2476 in
987 2446 1208 2487 Paraphrasi‚
1230 2451 1266 2478 et
1283 2447 1428 2479 Ascens.
1452 2447 1597 2478 Chabot.
1622 2447 1656 2477 in

202 2487 407 2520 Commentt.
415 2487 600 2519 Intermissa
611 2486 763 2519 referunt
773 2488 815 2519 ad
825 2488 915 2520 bella.
933 2488 990 2519 Sic
1002 2489 1106 2520 etiam
1115 2489 1137 2521 J
1141 2490 1209 2529 ani,
1219 2490 1358 2529 Bipont.
1367 2488 1655 2521 Mitsch.Wetzel.

197 2529 332 2563 Wakef.
348 2530 468 2562 Comb.
484 2534 520 2562 et
532 2530 704 2563 Ridet—2
720 2534 728 2548 ⁸
744 2531 831 2562 Post
843 2540 943 2562 moves
955 2531 1233 2572 interrogationis
1250 2533 1384 2573 signum
1401 2532 1498 2563 multi
1511 2536 1655 2572 ponunt,

851 2615 1001 2649 NOTAE

246 2681 400 2713 Meti-um
415 2681 505 2712 idem
522 2681 612 2723 quod
627 2690 652 2712 1.
671 2680 741 2713 Od.
757 2684 789 2712 3.
955 2686 1061 2723 petuo
1081 2682 1230 2714 credidit
1248 2682 1435 2722 Augustus,
1444 2683 1483 2711 ut
1498 2689 1565 2711 non
1582 2689 1654 2710 mo-

251 2731 268 2760 l
285 2730 480 2772 Intermissa]
492 2732 675 2764 Suetonius
688 2733 723 2763 in
738 2732 818 2763 Vita
830 2731 902 2763 Ho-
956 2733 1000 2764 do
1023 2732 1192 2765 Saeculare
1216 2732 1361 2763 Carmen
1383 2729 1653 2771 componendum

208 2779 288 2811 tatii
300 2779 351 2811 ita
361 2782 496 2815 scribit:
512 2783 671 2824 ‘Scripta
682 2783 818 2824 quidem
832 2784 902 2824 ejus
956 2783 1153 2823 injunxerit,
1177 2781 1237 2812 sed
1254 2786 1290 2813 et
1306 2781 1521 2812 vindelicam
1542 2780 1653 2811 victo-

208 2837 315 2871 usque
324 2828 410 2861 adeo
418 2832 586 2870 probavit,
595 2842 818 2876 mansuraque
827 2843 902 2875 per·
958 2833 1040 2866 riam
1060 2833 1190 2866 Tiberii
1205 2831 1377 2876 Drusique
1401 2831 1629 2873 privignorum
1644 2841 1655 2870 ς
