1904 3256
536 291 805 323 cARvaM
843 292 939 323 mu.
974 293 1037 322 iv.
1071 283 1138 323 15.
1481 282 1566 324 6:37

343 385 538 427 Custode
558 397 699 426 rerum
721 383 916 436 Caesare,
937 398 1023 427 non
1044 385 1165 427 furor

344 451 503 493 Civilis
521 455 597 493 aut
616 452 686 492 vis
705 453 873 494 eximet
888 454 1028 495 otium
1045 466 1057 504 ;

401 518 448 560 N
450 531 508 559 on
527 518 608 569 ira,
629 531 730 572 quae
756 520 960 573 procudit
978 533 1119 570 enseS,

457 584 515 626 Et
533 584 714 626 miseras
734 585 933 628 inimicat
951 588 1091 628 urbes.

343 650 464 702 Non,
485 651 563 705 qui
581 651 848 705 profundum
870 653 1124 694 Danubium
1145 653 1317 703 bibunt,

342 717 500 760 Edicta
519 724 718 772 rumpent
734 718 764 760 J
767 719 869 770 ulia,
889 732 974 760 non
994 718 1144 769 Getae,

400 784 447 826 N
449 798 506 827 on
527 785 674 835 Seres,
695 786 876 827 infidive
897 786 1065 834 Persae,

457 851 564 893 Non
585 851 758 894 Tanain
779 865 918 907 prope
938 852 1099 894 flumen
1122 853 1221 894 orti.

1509 585 1565 627 20

115 971 247 1010 tenente,
260 978 365 1010 pacem
390 979 451 1000 non
472 969 613 1000 turbabit
635 968 740 1000 civilis
760 970 910 1000 tumultus
929 970 979 1000 vel
1001 969 1147 1010 impetus,
1162 979 1217 1000 nec
1232 969 1336 1001 odium
1350 969 1431 1010 quod
1443 968 1566 1008 gladios

107 1009 262 1050 fabricat,
275 1015 306 1043 et
331 1011 476 1043 civitates
499 1011 590 1053 efficit
615 1012 763 1042 adversus
782 1021 818 1042 ac
840 1013 989 1043 miseros.-
1012 1012 1119 1043 Julius
1140 1013 1223 1051 leges
1245 1012 1328 1042 houd
1343 1012 1499 1051 frangent
1513 1010 1567 1051 qui

115 1053 212 1084 auum
234 1053 412 1086 Danubium
434 1057 557 1095 potant,
573 1063 635 1085 non
659 1053 764 1093 Getoe,
791 1063 851 1085 non
873 1053 978 1091 Seres,
996 1058 1050 1086 aut
1075 1055 1184 1086 Persoe
1193 1055 1340 1094 fallace-3,
1359 1063 1414 1085 nec
1436 1054 1504 1086 noti
1525 1053 1566 1084 ad

721 1126 959 1139 eeeeeeeeeee

116 1179 206 1221 quod
222 1184 304 1221 puto
319 1179 445 1212 factum
467 1191 510 1212 ex
532 1185 644 1218 οπως,-
666 1190 743 1211 cum
766 1181 855 1212 enim
880 1182 914 1212 in
941 1182 1054 1213 multis
1080 1180 1181 1212 codd.
1206 1181 1329 1213 vitiose
1356 1180 1566 1222 conjunctim

113 1221 278 1262 scriptum
293 1223 485 1264 reperiatur
499 1225 640 1260 adortus,
653 1223 718 1254 hoc
733 1227 907 1254 mutarunt
922 1224 1051 1264 stupidi
1069 1224 1224 1254 monachi
1241 1225 1274 1254 in
1291 1225 1415 1262 adorta,
1442 1223 1486 1255 ob
1503 1234 1567 1254 ma-

105 1263 232 1302 jesca!
253 1264 434 1297 sant—18
457 1265 619 1297 Nonnulli
642 1264 760 1296 Lamb.
783 1274 899 1296 omnes
927 1265 1038 1296 Pulm.
1063 1266 1293 1297 Commentat.
1312 1271 1349 1296 et
1371 1265 1438 1296 duo
1465 1265 1566 1296 codd.

115 1306 221 1348 Cruq.
235 1306 354 1339 Bentl.
369 1307 487 1340 Graev.
506 1311 541 1338 et
558 1307 678 1347 Regin.
697 1307 834 1348 aliique,
852 1307 933 1338 item
953 1307 1049 1338 Leid.
1064 1312 1101 1338 et
1117 1307 1250 1339 Zulicli.
1267 1316 1328 1348 pro
1342 1317 1414 1338 var.
1430 1308 1515 1338 lect.
1533 1311 1569 1338 et

115 1347 199 1380 Acr.
225 1349 293 1381 Mu.
319 1358 375 1389 ap.
404 1349 504 1381 eund.
529 1349 636 1389 Lipss.
653 1352 682 1379 l.
698 1351 731 1379 2.
748 1350 780 1379 3.
802 1352 832 1380 4.
858 1350 957 1380 Dess.
976 1352 1002 1381 l.
1027 1352 1059 1381 2.
1083 1349 1170 1380 Altt.
1187 1352 1217 1380 1.
1242 1352 1273 1381 2.
1296 1350 1399 1380 Fran.
1420 1349 1568 1380 Helmst.

115 1390 257 1422 Venett.
282 1391 423 1422 Locher.
447 1390 528 1421 Arc.
555 1390 672 1420 Basili.
704 1390 796 1420 Mur.
823 1389 925 1421 Fabr.
956 1390 1059 1430 Cruq.
1085 1391 1181 1421 Torr.
1204 1390 1324 1431 steph.
1353 1391 1457 1430 Rutg.
1481 1391 1567 1421 Fab.

114 1432 243 1464 Dacer.
257 1432 360 1464 Baxt.
377 1431 494 1463 eximet
509 1442 522 1469 ,·
552 1431 697 1462 Mentel.
713 1431 826 1462 eximit
835 1442 849 1468 ,-
881 1432 1033 1462 nonnulli
1048 1432 1133 1463 Mss.
1150 1435 1254 1470 exuet,
1269 1441 1311 1463 ex
1329 1432 1454 1463 eximet.
1497 1432 1567 1462 Sed

115 1474 221 1514 exiget
235 1473 302 1506 duo
317 1474 532 1507 vett-Jann.
547 1473 635 1504 Cler.
651 1477 686 1503 et
711 1482 797 1504 unus
823 1473 940 1506 Nicot.
966 1473 1084 1504 Lamb.
1108 1474 1286 1514 antiquiss.
1314 1474 1439 1505 Bland.
1463 1474 1568 1515 Cruq.

114 1516 228 1548 Benu.
245 1516 344 1548 Leid.
366 1516 518 1548 Colbert.
541 1515 621 1547 item
649 1515 764 1546 Graev.
778 1520 815 1547 et
832 1515 954 1554 Regin.
972 1525 1032 1556 pro
1049 1525 1121 1548 var.
1137 1517 1218 1547 lect.
1264 1515 1318 1547 Ita
1335 1521 1370 1546 et
1394 1516 1565 1556 Porpliyr.

113 1567 190 1590 nam
205 1558 299 1600 expl.
323 1561 334 1577 ⁸
349 1558 485 1599 Exiget,
501 1567 604 1597 nunc,
621 1557 799 1595 excludet,
813 1563 850 1589 ut
875 1559 919 1589 sit
943 1558 1051 1599 quasi,
1065 1563 1165 1590 extra
1180 1557 1282 1598 eget?
1326 1558 1448 1598 Neque
1466 1558 1567 1589 aliter

114 1599 196 1633 Aer.
220 1601 316 1640 legit,
339 1600 418 1632 (lum
442 1600 563 1632 eodem
582 1599 683 1631 modo
704 1600 857 1641 exponit.
902 1600 960 1632 Sic
983 1601 1085 1632 etiam
1112 1600 1232 1632 Heius.
1249 1600 1363 1632 Benu.
1379 1601 1466 1632 Cun.
1484 1601 1565 1631 San.

111 1641 190 1675 Jon.
232 1643 242 1662 ‘
254 1644 318 1675 Est
332 1653 468 1685 quoque
483 1643 622 1674 verbum
638 1651 714 1673 cum
731 1642 946 1683 exquisitius,
964 1647 1034 1674 tum
1050 1642 1175 1674 fortius
1199 1647 1234 1674 et
1262 1643 1376 1683 aptius
1400 1643 1431 1673 vi
1456 1647 1489 1673 et
1514 1642 1567 1673 fu-

113 1685 194 1716 rori.
237 1686 333 1718 Bene
349 1686 449 1717 etiam
465 1685 579 1716 Bentl.
595 1683 768 1724 observat,
791 1686 800 1702 ‘
815 1685 917 1715 eximi
934 1684 942 1697 ¹
965 1685 1034 1717 dici
1057 1684 1145 1721 fere,
1161 1694 1236 1725 quae
1261 1685 1406 1715 molesta
1428 1685 1511 1722 sint,
1528 1689 1568 1715 ut

113 1735 226 1768 curas,
250 1732 391 1769 metum,
414 1737 511 1759 onus.
538 1726 584 1758 cf.
608 1735 666 1758 111.
684 1727 753 1758 Od.
778 1728 827 1757 14.
844 1730 895 1758 14.
918 1736 944 1757 1.
966 1727 1077 1767 Epist.
1095 1730 1125 1757 5.
1145 1725 1207 1757 18.'
1229 1727 1406 1757 Jaui.--l9
1429 1727 1521 1766 Lips.
1535 1729 1567 1757 3.

110 1770 266 1810 producit.
301 1770 395 1811 Lips.
410 1772 445 1802 4.
459 1769 729 1810 praunawe—21
750 1769 841 1808 Lips.
856 1771 889 1800 4.
905 1769 1052 1801 bibent.-
1062 1771 1104 1800 22
1119 1769 1236 1799 Edicto
1251 1772 1397 1808 rumpunt
1415 1769 1567 1799 Florent-

114 1814 296 1845 lasz—23
323 1813 394 1844 Non
411 1811 611 1853 &infidique
633 1811 702 1842 duo
728 1811 824 1842 Vatt.
848 1811 951 1842 Torn.
970 1812 1069 1842 Farn.
1099 1811 1214 1842 Lamb.
1242 1810 1423 1841 Pulmanni
1448 1810 1567 1842 Hunn.

114 1855 241 1888 Beller.
256 1862 292 1887 et
309 1855 440 1887 Diestli.
458 1863 540 1886 unus
555 1855 686 1885 Bersm.
702 1853 794 1894 Lips.
812 1856 842 1885 1.
857 1856 888 1885 4.
911 1853 1039 1885 venet.
1060 1856 1154 1885 1492.
1178 1852 1324 1885 Locher.
1343 1852 1425 1884 Asc.
1471 1854 1480 1870 ‘
1498 1853 1566 1883 Sed

767 1940 909 1972 NOTAE

115 2008 194 2046 bila]
215 2007 306 2049 quod
333 2008 343 2026 ‘
359 2004 584 2048 Hesperium’
612 2005 742 2037 dicitur
769 2005 811 2037 ab

115 2059 272 2099 Hespero
293 2058 404 2098 stella,
430 2067 504 2099 quae
531 2055 665 2097 vesperi
683 2056 725 2087 ad
742 2055 811 2087 Oc-

114 2108 284 2139 cidentem
315 2113 479 2149 apparet:
503 2106 593 2138 unde
620 2110 655 2137 et
679 2106 812 2146 Hespe·

116 2158 176 2189 riae
192 2157 318 2189 ultime
341 2166 464 2188 nomen
482 2156 597 2187 datum
622 2155 813 2195 Hispaniae,

115 2217 158 2240 eo
174 2207 263 2249 quod
287 2207 410 2239 ultima
430 2206 474 2237 sit
500 2205 542 2237 ad
568 2205 739 2236 Occasum
760 2214 814 2236 re-

114 2257 182 2299 gio.
219 2256 304 2289 Cum
335 2266 417 2288 vero
445 2255 648 2296 simpliciter
678 2254 813 2295 Hespe·

115 2308 198 2339 riam
221 2312 344 2339 vocant
368 2311 540 2342 auctores,
563 2304 716 2335 indicant
740 2303 812 2335 Ita-

115 2357 194 2389 liam
209 2356 252 2388 ab
267 2356 425 2397 Hespero
449 2355 597 2386 Atlantis
614 2353 735 2393 fratre,
754 2355 813 2395 qui

116 2415 157 2439 eo
172 2415 209 2439 ne
224 2416 269 2438 ex
291 2405 407 2438 Africa
424 2405 581 2445 contulit,
597 2404 645 2436 sic
661 2403 812 2435 nomina-

116 2459 197 2488 um.

158 2507 200 2536 2⁰
223 2504 386 2545 [inimicat]
401 2505 549 2538 Quintus
564 2503 685 2535 Cicero
699 2503 740 2534 de
753 2513 811 2544 pe-

118 2553 237 2585 titione
252 2555 458 2596 consulatus,
471 2564 505 2587 n.
519 2556 572 2586 37.
602 2555 612 2571 ‘
625 2553 684 2585 Sin
697 2560 811 2585 autem

119 2610 237 2642 neges,
249 2605 361 2636 statim
377 2614 452 2636 sese
474 2604 636 2643 alienant,
652 2609 688 2634 et
704 2603 812 2633 inimi-

120 2652 265 2684 cantur!
297 2653 364 2685 Alii
394 2659 507 2686 tamen
532 2653 666 2686 codices
698 2652 811 2690 aliter,

120 2709 184 2731 nec
198 2699 324 2732 liabent
335 2712 453 2735 vocem
464 2702 702 2735 ‘inimicantur
715 2700 736 2732 :’
751 2701 810 2732 sed

121 2755 274 2781 tantum:
296 2753 304 2767 ⁸
322 2751 381 2782 Sin
394 2757 505 2784 autem
521 2753 556 2784 id
578 2762 694 2793 neges,
718 2756 813 2784 certe

120 2800 292 2832 abalienes
305 2806 343 2832 et
357 2802 471 2834 statim
486 2809 523 2834 et
538 2802 674 2844 plures.'

907 2008 947 2037 21
975 2005 1039 2042 Qui
1068 2004 1247 2036 Danubium
1272 2002 1396 2043 bibunt]
1426 2002 1566 2035 Accolae

866 2055 1018 2086 Danubii
1042 2053 1204 2092 fluminis,
1225 2063 1346 2094 nempe
1361 2053 1477 2092 Suevi,
1496 2053 1567 2084 No-

867 2105 940 2146 rici,
956 2104 1139 2145 Vindelici,
1156 2104 1258 2143 Daci,
1281 2103 1463 2140 Panuonii,
1478 2103 1568 2135 Ger-

867 2156 976 2194 tnani3
1003 2155 1044 2186 de
1062 2154 1182 2196 quibus
1199 2158 1291 2185 ante.
1329 2155 1385 2185 De
1404 2153 1566 2185 Danubio

867 2204 937 2235 sive
951 2204 1055 2244 Istro,
1071 2204 1220 2245 praeced.
1237 2203 1307 2235 Od.
1323 2211 1401 2235 xxv.
1425 2203 1514 2234 Vide
1531 2208 1567 2235 et

868 2253 935 2285 od.
953 2263 989 2285 v.
1004 2254 1103 2295 liujus
1116 2253 1203 2284 libri.

908 2307 951 2335 22
974 2304 1090 2335 Edicta
1116 2302 1223 2342 Julia]
1246 2303 1357 2344 Supra
1388 2303 1429 2334 ad
1454 2313 1569 2343 voces,

866 2356 876 2373 ⁸
893 2354 1087 2396 amovitque
1102 2352 1248 2393 culpas.’
1271 2354 1322 2384 Ex
1340 2354 1481 2385 Sueten.
1498 2354 1568 2385 Oc-

867 2410 935 2435 tav.
951 2406 1003 2436 34.
1027 2404 1142 2435 Dione
1165 2412 1244 2435 mn.
1267 2407 1303 2434 et
1326 2413 1398 2434 1.1v.
1421 2403 1508 2434 Vide
1531 2407 1567 2433 et

866 2454 1012 2498 Carmen
1027 2453 1200 2484 Saeculare
1219 2458 1296 2493 post
1313 2452 1424 2492 Epod.

911 2503 1018 2543 Getae]
1043 2503 1086 2533 Et
1109 2502 1142 2532 hi
1166 2501 1364 2532 Danubium
1388 2509 1495 2540 prope
1511 2500 1568 2530 lia·

865 2553 979 2584 bitant
1015 2562 1055 2583 ac
1090 2551 1225 2588 bibunt,
1259 2549 1359 2579 hodie
1393 2549 1566 2587 Moldavi;

865 2601 1001 2643 Scythis
1031 2600 1135 2630 vicini
1163 2603 1255 2634 sunt,
1282 2604 1318 2629 et
1343 2598 1433 2629 inter
1455 2598 1566 2629 Dacos

866 2654 1100 2681 numerantur.

911 2703 951 2732 23
976 2698 1080 2739 Seres]
1103 2697 1254 2737 Scythae,
1274 2695 1363 2734 Indi,
1379 2699 1444 2730 διο.
1477 2697 1566 2729 Vide

868 2751 968 2792 plura
983 2748 1027 2779 de
1042 2749 1092 2778 his
1108 2756 1132 2777 1.
1150 2746 1217 2778 Od.
1235 2749 1287 2779 12.
1303 2747 1364 2778 sub
1381 2748 1494 2779 finem.

913 2799 1046 2841 Infidive
1078 2796 1199 2838 Persae]
1239 2796 1361 2828 Parthi
1394 2799 1566 2840 regionem
