1890 3256
654 285 933 318 sermonum
969 286 1066 318 ms.
1100 285 1154 316 11.
1183 276 1226 316 4.
1567 275 1682 318 1003

228 382 343 427 Post
362 382 510 423 vinum
529 382 781 424 stomacho:
813 395 950 436 perna
968 384 1112 436 magis
1133 395 1187 424 ac
1206 382 1348 436 magis
1368 382 1491 424 hillis
1624 384 1682 424 60

227 447 423 501 Flagitat
442 449 487 489 in
507 460 676 488 morsus
697 448 848 500 refici;
878 449 986 502 quin
1005 449 1155 491 omnia
1173 448 1300 491 malit

227 513 534 568 Quaecumque
552 514 788 556 immundis
809 515 980 558 fervent
1000 516 1123 557 illata
1142 515 1336 570 popinis.

221 627 349 660 innatat
362 604 470 659 acerbo
485 627 650 660 stomacho.
696 628 781 664 Quin
802 629 911 670 potius
932 631 974 662 ad
997 631 1147 663 edendum
1167 630 1342 662 restaurari
1365 630 1452 662 debet
1472 639 1570 671 perna
1589 632 1683 669 atque

225 670 322 702 hillis.
366 670 466 701 Immo
487 670 654 710 praeferret
679 675 788 702 cuncta
806 681 875 712 quae
896 681 937 703 ex
959 673 1086 713 popinis
1106 673 1233 705 minime
1253 673 1348 705 lautis
1361 671 1555 714 afferrentur
1568 671 1682 705 calida.

831 754 1073 768 &nenne-000

223 818 266 847 60
283 816 360 848 Post
373 817 444 848 vina
460 816 604 858 Cuning.
622 822 744 850 contra
760 828 876 850 omnes
891 819 992 851 codd.
1004 824 1040 851 et
1053 819 1217 852 edd.—61
1235 821 1244 838 ⁴
1262 820 1380 852 Editio
1396 819 1511 860 prisca
1526 819 1684 852 Locheri’

224 858 279 889 cui
295 858 354 889 illa
370 859 512 890 Roberti
524 859 688 900 Stephani
706 861 852 900 accedit,
867 861 1029 892 immor-sus
1042 862 1100 893 hie
1114 861 1267 894 exhibet.
1315 862 1437 903 Neque
1454 861 1545 893 alind
1563 862 1683 894 volunt

222 900 358 932 codices
373 901 481 933 nostri
498 902 712 942 Reginensis,
729 903 917 941 Petrensis,
933 903 1075 945 Regius,
1087 903 1276 944 Galeanus,
1290 904 1585 944 Magdalenensis,
1598 904 1682 936 Bat-

222 942 380 982 telianus,
396 944 752 985 Collegii'l‘rinitatis;
775 946 833 986 qui
855 955 921 977 uno
951 945 1118 978 vocabulo
1143 955 1187 978 ex
1217 947 1334 987 prisca
1354 946 1529 978 scribendi
1551 947 1682 978 ratione

220 985 373 1016 imm-m
398 986 488 1017 clare
507 985 708 1026 praeferunt.
753 987 870 1029 Atque
884 988 956 1019 haec
972 988 1077 1020 lectio
1093 988 1333 1020 eruditissimis
1355 988 1437 1019 viris
1456 989 1598 1028 placuit,
1612 989 1682 1020 Bo-

221 1032 420 1059 naventurae
445 1029 627 1069 Vale-uio,
654 1029 761 1061 Petro
786 1030 974 1070 Scriverio,
996 1030 1138 1062 Danieli
1162 1031 1318 1062 Heinsio.
1369 1030 1540 1062 Immorsus
1566 1035 1682 1062 autem

223 1074 401 1110 exponunt
416 1079 460 1101 ex
475 1070 653 1102 Glossario
668 1070 806 1112 Isidori,
831 1074 840 1089 ‘
852 1072 1028 1113 jejunus:’
1051 1076 1088 1104 et
1110 1073 1159 1104 sic
1182 1074 1283 1104 etiam
1307 1072 1418 1104 codex
1441 1073 1568 1113 Regius
1591 1074 1682 1104 inter

219 1110 329 1142 lineas
357 1117 516 1144 enarrat:
540 1113 923 1154 ‘immwsus‚jej11nus.'
966 1115 976 1131 ⁴
991 1115 1084 1148 Sane
1113 1124 1214 1146 sensu
1239 1114 1395 1155 optimo‚’
1419 1114 1467 1146 ait
1494 1114 1680 1147 Heinsius:

219 1153 230 1170 ‘
247 1158 328 1185 ante
343 1154 507 1190 ostendit,
523 1155 692 1195 quomodo
706 1160 914 1188 marcentem
938 1155 1103 1196 reticet-<³3
1120 1157 1194 1198 jam
1218 1166 1314 1194 vero,
1336 1156 1508 1198 quomodo
1523 1157 1682 1198 jejunum

222 1195 386 1235 excipere
407 1196 595 1236 oporteat!
639 1197 712 1238 Ego
729 1207 812 1229 vero
827 1208 936 1240 neque
953 1207 1087 1231 sensum
1104 1199 1262 1239 orationi,
1279 1207 1391 1240 neque
1407 1198 1549 1230 verbum
1564 1200 1682 1230 sensui

221 1237 406 1269 convenire
422 1237 512 1269 dico.
555 1239 613 1270 De
635 1245 809 1272 marcente
825 1241 913 1272 enim
935 1242 1124 1280 stomacho,
1147 1251 1214 1273 non
1231 1241 1353 1282 jejuno
1375 1245 1412 1272 et
1435 1240 1604 1277 famelico,
1625 1241 1682 1272 hic

223 1279 278 1319 agi
301 1283 370 1311 tam
394 1280 613 1313 manifestum
637 1287 705 1321 est,
727 1292 828 1323 quam
850 1283 943 1324 quod
966 1293 1107 1325 usquam
1139 1283 1468 1315 manifestissimum.
1526 1283 1591 1315 Cui
1621 1291 1681 1314 au-

201 1337 210 1342 ·
223 1325 291 1353 tem
330 1322 496 1355 credibile
526 1328 591 1361 est,
619 1324 783 1356 immor—sus
816 1326 962 1357 activam
996 1325 1284 1366 significationem
1318 1325 1456 1365 habere,
1491 1326 1501 1343 ‘
1523 1326 1580 1366 qui
1614 1334 1682 1357 non

222 1363 417 1400 momordit,
436 1365 494 1406 qui
518 1365 600 1396 nihil
624 1365 812 1397 comedit?’
871 1367 957 1401 Quis
984 1372 1116 1408 auctor,
1151 1371 1226 1410 quis
1253 1377 1397 1408 sponsor
1420 1367 1469 1398 rei
1492 1371 1563 1399 tam
1584 1367 1680 1399 inau-

221 1404 328 1437 ditae?
373 1406 646 1447 Glossographus
672 1409 788 1439 nescio
814 1409 903 1450 quis,
928 1409 1204 1448 semibarbarus3
1228 1410 1327 1450 cujus
1351 1419 1395 1441 ex
1420 1408 1566 1440 turbidis
1588 1410 1681 1440 lacu·

220 1447 273 1478 nis
301 1447 431 1488 pudeat
461 1449 641 1489 quicquam
664 1449 814 1489 haurire,
841 1450 932 1491 quod
963 1450 1110 1482 Horatio
1139 1452 1367 1492 impertiatur.
1413 1451 1591 1482 Passivam
1614 1452 1681 1491 sig-

219 1487 450 1521 nificationem
481 1491 558 1522 huic
582 1490 688 1522 verbo
723 1492 828 1523 donat
863 1492 1012 1532 Cyrillus
1036 1493 1126 1534 apud
1151 1493 1349 1532 Labbaeum,
1365 1491 1533 1531 Ἀδηκτος,
1555 1493 1681 1524 immor-

218 1539 292 1568 ειη
322 1532 387 1565 hoc
408 1537 473 1572 est,
497 1533 554 1574 qui
581 1541 647 1565 non
672 1537 727 1565 est
756 1543 900 1566 morsus.
953 1534 1028 1575 Ego
1059 1544 1140 1566 vero
1169 1541 1292 1567 contra
1321 1536 1484 1566 immorans
1511 1535 1560 1566 sic
1589 1536 1680 1566 acci-

220 1573 292 1613 pio,
321 1578 359 1605 ut
388 1575 398 1591 ‘
415 1574 613 1614 admonius:
643 1577 654 1594 ⁴
667 1575 868 1614 demon-sus:
895 1585 958 1616 pro
973 1586 1014 1608 eo
1030 1577 1088 1618 qui
1108 1587 1239 1608 morsus
1262 1582 1327 1608 est.
1370 1577 1502 1608 Statius
1517 1577 1624 1608 Theb.
1640 1586 1681 1608 ιι.

219 1617 296 1646 628.
315 1615 325 1633 ‘
343 1616 568 1658 immorsaque
584 1617 711 1648 cadens
726 1617 900 1649 obmutuit
914 1618 1033 1652 hasta!
1080 1619 1162 1656 Ubi,
1176 1624 1214 1650 nt
1229 1619 1284 1649 hic
1301 1618 1393 1658 apud
1413 1619 1590 1658 Nostrum,
1605 1621 1615 1636 ‘
1630 1619 1682 1651 in-

219 1657 354 1688 morsa'
379 1659 483 1690 habet
505 1663 603 1690 vetus
627 1659 738 1690 codex
761 1659 908 1700 Collegii
931 1660 1124 1691 Petrensis.
1146 1661 1350 1699 Propertius
1368 1668 1425 1690 ιιι.
1443 1662 1472 1690 8.
1489 1662 1544 1690 21.
1582 1661 1592 1677 ⁴
1610 1659 1679 1691 Im-

220 1707 334 1731 morso
352 1700 502 1740 aequales
519 1700 658 1732 videant
673 1710 751 1732 mea
767 1702 908 1732 vulnera
922 1701 1031 1733 collo:
1055 1702 1116 1732 Me
1133 1701 1256 1733 doceat
1270 1702 1356 1732 livor
1372 1710 1503 1732 mecum
1519 1700 1680 1732 habuisse

222 1741 356 1773 meam!
398 1742 454 1773 Ita
470 1751 513 1772 ex
530 1742 728 1783 conjectura
745 1742 918 1774 dederunt
934 1743 997 1774 viri
1013 1748 1049 1775 et
1065 1743 1256 1775 eruditione
1273 1749 1307 1774 et
1322 1742 1456 1783 ingenio
1471 1747 1679 1784 praestantes

222 1782 300 1814 Nic.
318 1782 479 1814 Heinsius
495 1788 531 1816 et
545 1784 654 1816 Janus
671 1785 904 1816 Broukhusius
919 1796 928 1824 ;
953 1795 1030 1816 cum
1045 1785 1080 1816 in
1098 1785 1245 1826 vulgatis
1263 1785 1307 1817 sit
1323 1785 1364 1816 In
1378 1794 1490 1821 morso,
1506 1785 1625 1824 diviso,
1640 1791 1680 1817 ut

218 1824 287 1864 hic,
303 1825 482 1857 vocabulo.
529 1826 621 1858 Quid
636 1835 719 1867 ergo
735 1827 814 1858 hinc
830 1826 1081 1861 extundemus?
1105 1827 1260 1868 profecto
1275 1827 1340 1859 levi
1358 1827 1548 1859 mutatione
1565 1827 1613 1859 sic
1629 1837 1680 1859 sa-

218 1868 262 1898 tis
277 1867 454 1899 commode
470 1868 631 1899 constitui
649 1869 744 1900 locus
762 1869 912 1909 poterit;
933 1879 1031 1909 perna
1051 1870 1154 1909 magis
1175 1880 1214 1901 αι·
1234 1869 1336 1909 magis
1357 1869 1444 1900 hillis
1462 1869 1609 1909 Flagieat
1630 1870 1679 1901 t'n-

217 1910 328 1940 motois
353 1909 451 1950 reficn'.
495 1910 563 1942 Sed
587 1910 668 1950 quid
692 1921 778 1951 opus
807 1916 862 1943 est
890 1912 960 1942 ulla
983 1913 1195 1943 mutatione?
1224 1913 1299 1943 sine
1320 1911 1426 1942 dnbio
1455 1912 1590 1943 sincera
1612 1912 1680 1943 lec-

218 1952 268 1982 tio
281 1957 349 1991 est‚
364 1961 465 1993 quam
479 1952 609 1984 diserte
626 1953 790 1985 exhibent
805 1953 1027 1993 manuscripti
1040 1964 1048 1984 :
1070 1963 1170 1994 perna
1183 1954 1287 1994 magis
1301 1963 1338 1984 ac
1353 1954 1456 1992 „mgis
1470 1954 1557 1985 hillis
1567 1955 1680 1993 Flagi-

220 1995 268 2024 tat
281 1993 434 2024 inmorsus
457 1994 556 2035 refici.
599 1995 803 2027 Stomachus
818 1994 954 2036 flagitat
970 1995 1064 2027 refici
1080 1996 1244 2027 immersus
1263 2005 1362 2036 perna
1377 1999 1408 2027 et
1423 1996 1520 2036 hillis,
1536 1996 1678 2037 aliisque

218 2034 253 2064 id
281 2043 389 2074 genus
413 2036 508 2066 salsis
530 2036 627 2067 cibus
653 2042 754 2077 atque
776 2038 925 2074 acribus,
942 2039 1000 2078 qui
1025 2038 1059 2069 in
1078 2038 1203 2079 popinis
1218 2037 1350 2070 scilicet
1368 2037 1470 2069 vendi
1483 2038 1617 2078 solent3
1642 2044 1679 2070 ut

220 2081 347 2115 praeter
364 2077 526 2108 Nostrum
545 2078 713 2108 Martialis
729 2087 753 2109 1.
769 2082 822 2111 42.
839 2079 904 2110 10.’
926 2080 1035 2111 Bentl.
1079 2081 1242 2111 immersus
1257 2081 1357 2112 Gott.
1375 2090 1394 2111 a
1409 2090 1454 2111 m.
1472 2090 1543 2111 sec.
1579 2081 1678 2112 Harl.

219 2119 251 2148 2.
263 2119 294 2149 4.
311 2118 427 2149 Zarot.
442 2123 478 2149 et
494 2119 573 2149 Vet.
590 2119 710 2150 Comb.
745 2119 816 2151 Pro
831 2121 923 2151 malit
938 2121 1053 2152 Bentl.
1070 2123 1181 2162 posuit
1198 2124 1407 2154 marom—62
1423 2122 1563 2163 Cruquii
1578 2123 1679 2154 codd.

218 2159 267 2190 uti
285 2158 441 2196 affirmat,
457 2169 588 2201 omues,
610 2161 644 2192 in
665 2162 801 2202 mundis,
822 2162 946 2203 quibus
968 2163 1041 2203 ipse
1065 2164 1266 2196 assentitur.
1312 2164 1368 2195 lta
1391 2169 1427 2196 et
1445 2165 1598 2196 nonnulli
1619 2175 1676 2206 ap.

877 2246 1021 2280 NOTAE

258 2310 302 2340 60
339 2307 455 2348 Hiuie]
497 2308 699 2345 Tomaculis,
742 2309 921 2350 lucanicis,
974 2310 1052 2342 dam
1084 2311 1301 2344 irritamenta
1329 2313 1432 2354 gulae,
1453 2312 1496 2344 ad
1525 2313 1676 2344 redinte-

217 2358 309 2391 Gall.
334 2358 516 2400 andouitles,
537 2359 700 2391 saucisses.
742 2360 853 2391 Varro
876 2360 920 2392 de
975 2363 1137 2403 grandnm
1161 2363 1286 2395 edendi
1311 2365 1570 2405 appetitionem,
1596 2374 1625 2395 v.
1642 2374 1674 2404 g.

216 2409 256 2442 1..
274 2409 312 2441 1..
329 2409 387 2441 lib.
403 2417 454 2440 lv.
491 2413 500 2426 ⁸
519 2409 615 2440 Hilla
635 2409 677 2441 ab
698 2409 778 2448 hilo,
803 2410 836 2440 id
854 2414 919 2450 est,
973 2413 1059 2444 oleae
1082 2413 1153 2444 sale
1177 2414 1338 2453 conditae,
1361 2423 1468 2454 rapae,
1495 2422 1675 2453 cappares,

217 2458 356 2490 minimo
371 2457 489 2490 dicta)
510 2459 634 2491 Festus
646 2464 771 2498 autem,
788 2460 831 2490 ab
847 2460 920 2491 hira
974 2461 1109 2503 aliaque
1123 2462 1239 2494 edulia
1264 2467 1361 2494 aceto
1377 2468 1414 2493 et
1429 2462 1538 2502 sinapi
1560 2471 1674 2493 mace-

217 2507 392 2544 intestino,
418 2507 510 2548 quod
528 2508 686 2549 jejunum
715 2516 851 2549 vocant,
881 2509 920 2542 fit
973 2516 1061 2551 rata,
1077 2521 1206 2552 pernae,
1222 2515 1289 2544 ὅτε.
1307 2511 1383 2542 vide
1398 2511 1524 2542 Athen.
1540 2511 1599 2541 lib.
1619 2520 1675 2544 tv.

217 2556 376 2588 diminut.
391 2556 472 2587 hilla
492 2557 564 2588 sive
580 2559 709 2595 billum,
725 2559 857 2600 inquit:
883 2565 920 2592 et
973 2561 1120 2592 Quidam
1143 2561 1211 2600 leg.
1235 2561 1409 2598 immorsus,
1432 2565 1468 2591 et
1484 2562 1674 2601 explicant,

218 2604 300 2636 inde
315 2604 452 2644 ponitur
476 2615 538 2646 pro
563 2608 669 2640 suillis
684 2609 857 2640 intestinis
883 2614 919 2641 et
971 2613 980 2628 ‘
998 2609 1212 2650 impransus‚’
1236 2610 1246 2627 ‘
1259 2609 1421 2649 jejunus‚'
1436 2609 1583 2642 absurde
1599 2611 1672 2651 qui-

218 2654 376 2687 carnibus
393 2654 585 2687 minutatim
601 2658 746 2691 concisis
768 2663 806 2690 et
829 2659 918 2691 arvi·
971 2659 1072 2698 dem;
1095 2663 1133 2690 nt
1148 2658 1467 2690 animadverterunt
1477 2659 1669 2692 doctiores:

218 2713 264 2736 na
277 2702 395 2735 fartis:
417 2709 454 2734 ut
470 2713 549 2736 mox
565 2706 703 2740 dictum.
973 2718 1090 2740 sensus
1100 2707 1188 2739 enim
1199 2707 1277 2739 istic
1289 2708 1470 2740 continuus
1482 2713 1553 2748 est;
1568 2718 1670 2751 quem

261 2757 302 2785 61
328 2754 369 2785 In
392 2763 512 2785 morsus
537 2755 639 2797 refici]
662 2759 712 2790 Ut
737 2759 852 2799 modo,
870 2760 918 2792 sic
972 2758 1020 2790 ilii
1031 2762 1195 2799 separant
1211 2766 1400 2798 perperam.

206 2810 258 2836 ‘et
269 2804 347 2836 olim
356 2804 389 2835 in
400 2804 563 2837 conviviis
573 2805 723 2839 adhibita
734 2814 812 2841 sunt
826 2819 918 2851 quae-
