1890 3256
392 261 503 303 1120

856 277 900 314 Q.
932 277 1135 307 HoRA'rn
1172 277 1344 308 FLAGCI

388 362 577 405 Parvum
598 378 735 417 parva
754 366 907 408 decent
925 380 935 407 ε
965 367 1068 407 mihi
1084 367 1177 421 jam
1197 381 1280 410 non
1300 370 1418 422 regia
1439 370 1599 422 Roma,

388 429 472 468 Sed
496 442 682 470 vacuum
702 431 839 471 Tibur
859 431 1020 483 placet,
1041 438 1118 473 aut
1138 434 1309 475 imbelle
1326 436 1576 478 Tarentum.

1753 439 1810 480 ‘115

387 495 598 535 Strenuus
619 500 661 536 et
682 496 822 544 fortiS,
845 498 1080 550 causisque
1102 499 1334 552 Philippus
1355 502 1532 554 agendis

389 559 557 610 Clarus,
579 561 635 600 ab
657 560 813 601 officiis
834 564 1036 602 octavam
1058 564 1228 604 circiter
1247 564 1394 606 horam

389 626 505 666 Dum
525 626 647 674 redit,
667 630 795 679 atque
817 621 932 667 Foro
952 628 1129 669 nimium
1151 629 1312 671 distare
1333 630 1511 672 Carinas

385 690 415 732 J
418 703 487 731 am
507 690 679 742 grandis
697 695 800 732 natu
821 693 1042 744 queritur3
1072 696 1319 747 conspexit,
1339 699 1387 736 ut
1406 697 1538 745 aiunt,

384 755 605 796 Adrasum
626 756 844 808 quendam
867 769 1008 798 vacua
1029 761 1218 800 tonsoris
1238 761 1282 800 in
1303 762 1455 801 umbra

387 822 572 863 Cultello
592 823 798 875 proprios
818 828 1072 875 purgantem
1092 824 1246 866 leniter
1265 838 1446 877 ungueS.

386 888 594 938 Demetri,
607 886 737 941 (puer
751 887 826 929 hic
847 901 930 929 non
949 890 1061 930 laeve
1073 890 1201 943 jussa
1222 891 1416 944 Philippi

382 1024 448 1051 unt.
494 1021 592 1051 Roma
605 1023 748 1061 populosa
759 1031 838 1053 nuvae
860 1032 907 1053 me
921 1033 981 1054 non
994 1023 1100 1062 jurae,
1115 1025 1169 1054 sed
1186 1023 1281 1055 Tibur
1293 1024 1561 1063 minuesrequem,
1577 1025 1623 1055 vel
1639 1025 1803 1056 Tarentum

380 1062 462 1091 haud
473 1061 653 1093 bellicosum.
698 1063 862 1103 Philippus
875 1073 1033 1095 causarum
1046 1068 1132 1095 actor
1146 1066 1278 1103 sedulus,
1290 1075 1371 1103 acer,
1385 1065 1530 1104 insignis,
1551 1064 1589 1095 ab
1599 1066 1804 1105 occupationi-

381 1102 437 1132 Ime
450 1104 602 1134 consuetis
615 1105 822 1135 revertebatur
835 1105 917 1135 circa
933 1106 1038 1136 horam
1058 1107 1121 1137 diei
1140 1110 1294 1137 octavam.-
1317 1110 1347 1137 εἰ
1360 1107 1428 1145 jam
1447 1107 1550 1137 senior
1571 1106 1806 1146 conquerebatur

383 1144 514 1175 Carinas
526 1145 600 1182 soro
613 1146 732 1184 longius
746 1147 860 1178 abesse.
905 1147 993 1187 Tum,
1015 1147 1168 1187 inquiunt,
1183 1149 1216 1179 in
1231 1148 1354 1179 taberna
1369 1149 1500 1178 tonsoris
1512 1152 1696 1188 proeeomm
1710 1156 1803 1187 quen-

380 1187 451 1215 dam
464 1186 545 1217 vidit
558 1187 655 1218 cultro
668 1197 783 1227 ungues
794 1188 890 1220 otiose
904 1191 1097 1222 resecantem.
1141 1190 1220 1220 Mox
1240 1199 1327 1221 servo
1347 1191 1491 1221 mandata
1504 1199 1559 1220 sua
1574 1193 1695 1221 strenue
1705 1197 1806 1229 capes·

980 1289 1194 1302 eeaeaeeoemo
1198 1289 1216 1301 O

378 1352 492 1392 linquo,
505 1355 542 1383 ut
557 1353 642 1393 conj.
667 1353 890 1393 Cuning.-—44
915 1354 1020 1384 Parva
1034 1354 1139 1384 decent
1158 1363 1286 1394 parvum
1301 1353 1381 1384 Vat.
1398 1354 1491 1384 Rom.
1504 1355 1621 1385 9.-45
1646 1352 1713 1385 Hie
1730 1362 1802 1385 ver-

380 1403 433 1426 sus
461 1394 556 1425 abest
581 1394 624 1424 ab
650 1395 799 1425 omnibns
821 1394 919 1426 codd.
944 1405 997 1433 ap.
1021 1395 1227 1426 &necle-46
1250 1395 1390 1432 Cuning.
1407 1404 1466 1426 suo
1483 1404 1586 1432 more,
1602 1394 1803 1426 Strenuum:

371 1434 565 1472 sortia—50
587 1436 738 1466 Abi-asum
756 1436 852 1466 Harl.
868 1439 899 1467 2.
912 1439 943 1466 4.
960 1438 990 1467 6.
1017 1437 1092 1467 Vat.
1107 1439 1138 1466 4.
1155 1445 1174 1466 a
1190 1446 1233 1467 m.
1249 1445 1316 1468 sec.
1340 1437 1431 1467 Van.
1446 1439 1478 1467 9.
1494 1439 1545 1467 15.
1568 1436 1646 1467 Vat.
1662 1436 1756 1467 Rom.
1773 1440 1802 1468 1.

378 1485 399 1505 a
414 1485 458 1507 m.
473 1485 524 1515 pr.
540 1477 618 1507 Vat.
637 1477 731 1508 Rom.
746 1480 777 1508 6.
803 1487 822 1507 a
837 1487 880 1507 m.
901 1486 968 1509 sec.
986 1477 1064 1507 Vat.
1079 1478 1205 1508 Palatt.
1222 1480 1251 1508 l.
1267 1479 1298 1507 4.
1322 1477 1465 1508 Cliisian.
1480 1481 1511 1508 5.
1525 1481 1556 1508 6.
1581 1477 1754 1509 Barberin.
1769 1481 1801 1509 ².

377 1517 532 1555 Angelic.
547 1520 579 1548 2.
596 1521 628 1548 3.
643 1521 675 1549 4.
699 1519 755 1549 alii
781 1518 878 1549 codd.
896 1528 949 1557 ap.
968 1519 1083 1550 Lamb.
1107 1518 1211 1558 Cruq.
1234 1519 1351 1549 Comb.
1367 1519 1443 1549 edd.
1461 1518 1600 1549 Mediol.
1616 1521 1709 1550 1476.
1734 1519 1799 1549 Ve-

377 1562 465 1589 nett.
491 1561 585 1589 1477.
609 1561 701 1590 1478.
725 1562 819 1591 1481.
845 1562 940 1590 1486.
965 1562 1060 1590 1490.
1078 1562 1171 1590 1492.
1189 1562 1281 1590 1495.
1298 1562 1390 1591 1509.
1407 1562 1499 1591 1514.
1544 1560 1692 1590 Florem.
1708 1562 1801 1590 1482.

377 1599 472 1638 Lips.
487 1602 582 1631 1499.
595 1599 689 1631 Junt.
701 1603 796 1631 1503.
812 1605 846 1632 et
862 1601 1016 1631 Britann.
1032 1604 1125 1632 1520.
1141 1600 1228 1641 quod
1243 1610 1402 1640 recepere
1413 1602 1491 1639 Fen,
1501 1601 1623 1635 Bothe,
1634 1606 1668 1631 et
1681 1601 1801 1633 Jaeck.

376 1640 529 1672 Art-asum
544 1641 637 1672 Vatt.
658 1645 685 1672 1.
703 1646 734 1673 2.
750 1645 781 1672 7.
797 1645 848 1673 16.
873 1642 951 1673 Vat.
979 1642 1074 1673 Rom.
1087 1645 1117 1673 7.
1151 1642 1243 1673 Vatt.
1259 1642 1372 1673 Palat.
1394 1645 1423 1673 3.
1437 1645 1469 1672 6.
1503 1641 1647 1672 Chisian.
1664 1644 1695 1672 l.
1732 1641 1802 1671 An-

376 1682 477 1721 gelic.
495 1686 523 1713 l.
545 1682 699 1714 Vallicel.
715 1686 746 1714 3.
769 1683 947 1714 Barberin.
966 1686 994 1714 1.
1013 1693 1032 1714 a
1047 1693 1089 1715 m.
1105 1691 1155 1723 pr.
1171 1684 1224 1714 alii
1244 1683 1342 1714 codd.
1360 1693 1412 1723 ap.
1430 1683 1540 1713 Pulm.
1554 1689 1591 1714 et
1605 1683 1705 1724 Crnq.
1723 1684 1800 1713 Arr-

377 1733 480 1754 cti-mm
495 1724 673 1763 Bamberg.
706 1724 862 1755 Adrasum
878 1726 911 1755 in
927 1725 1142 1755 cete1·is.-5l
1168 1725 1248 1755 Var.
1264 1725 1342 1756 lect.
1356 1735 1409 1764 ap.
1425 1725 1537 1764 Feam,
1556 1725 1689 1764 proprio.
1721 1724 1799 1753 Vnt.

377 1765 474 1797 Rom.
491 1768 523 1798 8.
547 1765 724 1797 Barberiu.
745 1769 774 1797 1.
798 1767 953 1798 Vallicel.
972 1770 1000 1798 1.
1017 1775 1035 1797 a
1051 1776 1095 1797 m.
1112 1775 1163 1807 pr.
1179 1770 1214 1797 ct
1229 1776 1311 1797 uuus
1326 1776 1380 1807 ap.
1397 1766 1506 1798 Pulm.
1528 1768 1708 1797 resecantem
1725 1765 1798 1795 leni·

1019 1859 1161 1892 NOTAE

415 1921 457 1951 44
493 1919 593 1958 Regia
623 1921 736 1959 Roma]
774 1921 914 1951 Urbium
941 1922 1063 1960 priuci-

375 1976 451 2009 pem
466 1967 548 1998 dicit
564 1977 611 1998 iv.
630 1968 696 1998 Od.
714 1971 745 1999 3.

417 2019 457 2047 45
487 2015 624 2046 Vacuum
651 2016 762 2056 Tibur]
784 2017 897 2047 Minus
924 2018 1061 2057 populo·

374 2074 457 2095 sum.
475 2074 500 2096 ι.
517 2065 583 2095 Od.
599 2068 629 2096 7.
647 2070 680 2096 et
699 2068 748 2095 18.

417 2114 542 2144 Imbelle
552 2114 732 2153 Tarentum]
748 2113 985 2154 Voluptatibus
995 2123 1061 2143 ma·

375 2161 424 2200 gis
439 2171 538 2202 quam
554 2161 641 2192 bello
655 2166 784 2201 aptum.
808 2171 832 2193 ι.
856 2161 922 2193 Od.
943 2165 995 2193 28.
1022 2171 1060 2192 ιι.

374 2209 442 2240 Od.
456 2212 489 2240 6.
505 2218 562 2240 m.
578 2209 645 2240 Od.
662 2214 694 2240 5.

415 2260 458 2289 46
490 2256 640 2289 Strenuus
668 2262 699 2288 et
715 2258 826 2298 sortis,
850 2259 921 2299 ssa]
958 2260 1062 2299 Egre-

374 2305 427 2345 gio
449 2305 630 2347 lepidoque
658 2308 814 2346 exemplo
838 2308 1060 2347 demonstrat,

372 2354 492 2394 opibus
507 2355 606 2395 longe
628 2360 792 2395 praestare
808 2356 958 2396 quietum
981 2357 1059 2387 vitae

375 2412 493 2443 genus,
513 2404 662 2444 quamvis
688 2405 855 2436 mediocre
883 2409 918 2435 et
939 2414 1059 2444 angus-

374 2456 458 2482 tum.

414 2500 593 2542 Philippus]
628 2501 666 2533 L.
693 2503 839 2534 Marcius
870 2502 1058 2543 Philippus,

373 2550 564 2582 Consularis
580 2552 629 2582 vir
645 2562 683 2583 ac
700 2553 891 2592 Censorius,
915 2554 1058 2593 gravita-

373 2602 420 2638 te,
441 2598 588 2640 ingenio,
614 2599 782 2641 facundia,
808 2601 934 2632 divitiis
957 2602 1056 2632 etiam

371 2647 567 2685 praeclarus.
612 2649 696 2679 Eum
725 2649 842 2681 laudat
874 2651 993 2681 Cicero
1023 2651 1056 2681 in

371 2694 492 2734 Bruto,
507 2695 586 2726 item
603 2696 635 2726 in
651 2696 750 2728 Orat.
767 2707 827 2738 pro
843 2698 992 2730 Quintio.

412 2745 453 2775 4⁷
475 2743 525 2775 Ab
553 2745 674 2786 officiis]
708 2747 906 2778 Forensibus
935 2746 1054 2786 fatiga—

1115 1927 1168 1952 tus
1182 1919 1313 1961 officiis,
1327 1921 1445 1961 quibus
1459 1925 1526 1950 tam
1539 1919 1662 1950 acriter
1673 1919 1797 1950 incum-

1115 1968 1232 2006 bebat,
1257 1973 1294 1998 ut
1319 1969 1328 1984 ‘
1341 1967 1530 2007 eloquentia
1545 1966 1797 1998 florentissimus

1113 2015 1276 2046 civitatis’
1290 2014 1471 2046 diceretur.
1495 2015 1566 2045 Cic.
1582 2015 1640 2046 cit.

1158 2065 1306 2095 Octavam
1320 2063 1443 2094 circiter
1457 2062 1577 2102 horam]
1601 2062 1695 2094 Hora
1721 2068 1797 2103 post

1113 2112 1285 2143 meridiem
1311 2111 1382 2142 fere
1406 2111 1573 2143 secunda:
1607 2111 1696 2153 quod
1719 2112 1796 2143 alibi

1113 2161 1288 2201 explanavi
1301 2159 1387 2191 fuse.

1152 2212 1194 2240 48
1219 2209 1367 2249 Carinas]
1389 2210 1492 2240 Vicus
1507 2215 1580 2240 erat
1598 2210 1710 2240 Romae
1722 2219 1795 2240 cnr·

1112 2267 1172 2288 vus
1188 2262 1223 2288 et
1237 2257 1399 2296 oblongus
1414 2258 1518 2288 instar
1539 2259 1682 2288 carinae:
1706 2257 1794 2288 unde

1110 2315 1241 2338 nomen.
1285 2305 1327 2336 In
1342 2314 1384 2335 eo
1399 2306 1463 2335 sita
1478 2310 1550 2336 erat
1564 2306 1712 2345 Philippi
1736 2305 1793 2336 do-

1112 2365 1202 2387 mus:
1225 2359 1322 2386 erant
1346 2359 1381 2384 et
1404 2354 1515 2393 plures
1539 2354 1611 2384 aliae
1634 2353 1723 2384 aedes
1740 2363 1793 2384 su-

1112 2405 1237 2445 perbae,
1252 2408 1352 2444 atque
1366 2403 1455 2433 inter
1468 2402 1541 2433 illas
1556 2403 1792 2443 Pompeianae:

1111 2457 1317 2494 quapropter
1343 2451 1352 2468 ‘
1369 2452 1475 2482 lautas
1512 2450 1665 2482 Carinas¹
1695 2459 1793 2483 vocat

1111 2503 1207 2533 Maro
1221 2501 1293 2532 AEn.
1311 2508 1391 2531 νιιι.
1407 2502 1479 2531 361.

1150 2554 1192 2583 49
1208 2550 1345 2581 Grandis
1358 2553 1433 2580 natu
1444 2549 1597 2590 queritur]
1614 2549 1687 2580 Iter
1697 2549 1790 2590 quip-

1111 2609 1152 2641 pe
1168 2597 1299 2630 senibus
1313 2598 1491 2628 molestum
1504 2602 1569 2628 est.

1150 2649 1188 2678 51
1213 2646 1404 2684 Purgantem
1418 2646 1528 2677 leniter
1541 2645 1670 2686 ungues]
1692 2645 1789 2679 Quod

1109 2694 1208 2726 animi
1225 2695 1499 2735 tranquillitatem
1512 2694 1708 2726 denotabat.

1148 2747 1189 2776 52
1212 2744 1354 2776 Demetri
1368 2744 1462 2784 (puer
1475 2744 1536 2780 hic,
1550 2744 1617 2784 ξω]
1639 2743 1788 2775 Advorte
