1904 3256
657 258 845 291 Epopon
881 259 1045 291 mmm.

348 351 411 393 At
430 351 643 406 expedita
664 352 857 408 Sagana,
877 368 953 410 per
973 359 1112 398 totam
1129 354 1305 398 domum

1492 250 1576 294 671

1519 357 1577 398 25

405 419 628 474 Spargens
647 419 894 465 Avernales
914 435 1072 477 aquaS,

346 485 509 527 Horret
527 487 723 540 capillis,
743 493 792 530 ut
808 490 1012 540 marinus,
1033 491 1218 544 asperis,

402 551 612 602 Echinus,
633 558 709 596 aut
728 568 908 597 currens
925 569 1048 610 aper.

342 618 519 661 Abacta
538 620 659 662 nulla
677 619 795 664 Veia
811 623 1105 674 conscientia,

399 685 644 739 Ligonibus
663 687 786 731 duris
806 691 982 732 humum

1514 692 1570 734 30

343 751 659 805 Exhauriebat,
678 755 903 809 ingemens
921 756 1172 809 laboribus;

398 819 503 872 Quo
523 827 679 876 posset
696 823 898 865 infossus
917 836 1026 878 puer

102 945 273 983 famelica,
285 946 420 978 amari
433 946 559 987 ignibus
570 946 735 979 Colchicis.
771 947 853 978 Mox
869 947 999 986 Sagana
1013 946 1168 979 succincta
1187 956 1245 986 per
1260 949 1341 977 tota·
1355 946 1436 977 aedes
1449 945 1569 985 insper-

110 987 156 1019 eie
167 987 340 1021 Avernales
351 999 461 1030 aquas,
481 989 595 1021 habens
614 989 715 1021 crines
732 989 854 1029 rigido·
867 990 950 1021 relat
965 989 1092 1021 echinus
1105 989 1256 1024 maritans,
1273 992 1327 1020 aut
1341 998 1415 1029 aper
1430 997 1568 1019 currens.

111 1028 192 1062 Inde
205 1031 283 1064 Veia
293 1031 387 1064 nuliis
399 1032 596 1064 conscientae
605 1032 740 1064 stimulis
752 1032 934 1074 absterrita,
943 1032 1045 1063 labore
1054 1032 1272 1071 ingemiscens,
1281 1033 1358 1062 duro
1370 1031 1484 1072 bipalio
1492 1028 1568 1071 effo-

109 1071 215 1105 aiebat
227 1076 356 1117 terram,
370 1075 406 1106 in
421 1085 481 1116 qua
496 1084 577 1116 puer
591 1075 748 1107 immissus
761 1075 909 1106 diuturno
923 1076 1060 1116 tempore
1074 1075 1154 1106 mori
1166 1077 1279 1115 posset,
1294 1077 1418 1115 aspectu
1431 1073 1569 1105 ciborum

719 1168 958 1182 eeeeeeeeeeee

108 1234 196 1264 —22
217 1232 423 1272 Brod.soras
437 1243 499 1276 pro
504 1234 704 1273 seram—28
725 1234 841 1266 Acron
856 1234 1066 1266 Scholiastes
1080 1244 1088 1265 t
1112 1243 1250 1274 currens,
1266 1233 1391 1271 furens.
1439 1234 1449 1251 ‘
1465 1232 1566 1267 Quod

110 1275 204 1307 varia
219 1275 334 1316 potins
349 1277 464 1313 lectio,
505 1286 582 1308 uam
610 1277 854 1319 interpretatio
879 1277 1050 1309 videatur.
1097 1277 1155 1308 Sic
1181 1282 1217 1308 et
1240 1276 1408 1317 Apuleius
1422 1276 1566 1307 Metam.

110 1325 193 1350 vm.
216 1317 312 1350 ‘Nec
338 1317 398 1352 diu
423 1323 459 1350 et
499 1328 598 1350 urens
616 1327 701 1360 aper
716 1328 793 1350 eum
820 1319 951 1351 invadit
971 1318 1173 1359 jacentem.'
1213 1318 1316 1358 Sane,
1332 1318 1412 1359 quid
1440 1327 1568 1350 currens

109 1367 194 1400 aper
203 1358 259 1391 hic
273 1358 393 1400 saciat,
407 1360 520 1391 nullus
543 1360 654 1392 video.
700 1360 779 1391 Non
802 1362 894 1391 enim
919 1361 999 1391 dum
1023 1359 1176 1400 ‘cni-rit:
1200 1360 1261 1391 sed
1287 1369 1364 1391 cum
1389 1361 1482 1391 ‘stat
1496 1359 1505 1373 '
1528 1365 1566 1392 et

106 1409 231 1443 pugne
247 1410 284 1432 se
299 1405 408 1442 aptat,
422 1402 506 1433 setis
519 1401 664 1433 maxime
677 1401 891 1433 inhorrescit.
936 1402 977 1433 ld
991 1401 1082 1443 quod
1099 1401 1265 1442 Virgilius
1281 1402 1411 1442 optime
1427 1411 1566 1442 expres-

105 1443 162 1484 sit,
174 1443 249 1476 ΕΒ.
267 1451 304 1475 x.
318 1446 394 1475 707.
408 1453 484 1486 sqq.
501 1444 642 1475 Homer.
666 1443 708 1475 Il.
735 1448 776 1476 N.
791 1445 868 1475 471.
890 1444 951 1475 Sil.
966 1443 1047 1476 Ital.
1064 1452 1088 1474 ι.
1103 1445 1180 1475 423.
1204 1443 1433 1476 Quamobrem
1449 1443 1566 1482 furens

105 1484 269 1518 libentius
284 1485 376 1526 apud
401 1486 566 1519 Nostrum
582 1486 737 1527 legerim,
754 1495 852 1528 quam
869 1496 1013 1518 currens.-
1033 1486 1093 1517 sed
1112 1490 1272 1517 neutrum
1289 1486 1415 1527 placet.
1460 1485 1563 1518 Aliud

103 1527 193 1560 euim
217 1527 335 1560 melius
357 1528 537 1571 veriusque
561 1529 760 1570 suppeditat
786 1529 972 1561 acutissimi
998 1529 1077 1561 Nic.
1106 1528 1236 1560 Heinsii
1260 1529 1485 1570 conjectura:
1508 1533 1564 1560 aut

102 1570 250 1603 laurent
261 1580 348 1612 aper.
391 1571 486 1603 Niliil
502 1571 720 1612 ingeniosius,
736 1571 819 1602 nihil
834 1572 960 1603 certius
975 1571 1044 1604 dici
1057 1575 1184 1613 potest.
1228 1571 1372 1603 Laurens
1386 1581 1472 1612 uper,
1485 1581 1563 1612 per-

102 1617 247 1688 stiffi
260 1613 721 1698 {35223{⁰1¹}„{⁰1‘51¹2infflih
738 1614 1173 1688 12¹2?‘1‘2'2}}¹1⁰¹”MX2³'}¹.¹2¹
1193 1614 1402 1687 332¹·mflit‘2:
1422 1614 1564 1687 52¹³&

101 1699 134 1729 4.
147 1697 214 1730 403
235 1698 347 1731 Banu.
390 1698 479 1730 Vide
496 1699 574 1731 Nic.
593 1699 712 1730 Heius.
728 1699 771 1730 ad
788 1699 892 1731 Ovid.
910 1698 1005 1730 Fast.
1023 1699 1045 1729 l.
1060 1699 1083 1729 Ι.
1129 1698 1173 1729 Et
1201 1698 1250 1728 sic
1278 1698 1418 1729 edidere
1445 1698 1560 1730 Bentl.

100 1740 227 1772 san-el.
251 1741 399 1781 Towers,
423 1746 458 1773 et
486 1741 591 1773 Kidd.
614 1741 781 1782 probante
801 1741 946 1774 Gesner.
962 1740 1077 1780 furens
1100 1750 1177 1781 uper
1201 1749 1280 1772 rece
1308 1740 1334 1770 it
1361 1739 1561 1772 Francis.-

99 1784 143 1815 2⁹
166 1782 243 1816 Teia
256 1784 446 1816 concientia
461 1793 547 1816 uuus
563 1785 673 1816 codex
690 1784 912 1823 Bersmanni3
937 1793 1009 1815 vera
1023 1783 1212 1814 conscientia
1227 1791 1268 1815 co
1295 1792 1338 1814 ex
1363 1783 1449 1815 alter
1471 1784 1559 1824 ejus-

756 1879 896 1913 NOTAE

139 1946 182 1977 2⁵
203 1943 349 1986 Sagana]
382 1943 506 1977 Altera
533 1945 608 1977 haec
642 1944 797 1977 venefica

99 2002 240 2034 operam
267 1994 404 2027 confert
424 1994 592 2035 Canidiae,
615 2000 651 2027 et
667 1995 797 2036 magico

100 2043 169 2076 rim
193 2045 323 2085 spargit
354 2054 458 2087 aquas
495 2054 538 2076 ex
565 2044 702 2077 Aterno.
761 2046 797 2077 Is

99 2094 296 2134 Campauioe
317 2095 412 2126 lacus
433 2094 524 2135 apud
540 2100 675 2127 autrum
690 2096 798 2141 Sibyl·

97 2143 140 2174 1ae
153 2143 313 2176 Cumana
330 2144 560 2186 percelebris:
583 2153 625 2175 ac
642 2153 703 2186 per
719 2155 797 2177 eum

96 2193 139 2226 ad
165 2193 302 2228 inferos
328 2194 530 2228 descensum
553 2205 628 2227 esse
649 2194 796 2228 fabulati

97 2248 189 2277 suut.
233 2244 324 2277 Vide
348 2245 469 2286 Virgil.
494 2245 629 2277 AEneid.
651 2255 702 2278 lv.
719 2250 795 2280 511.

95 2298 132 2327 et
147 2294 278 2329 AEueid.
291 2305 344 2328 vr.
361 2298 433 2329 126.
457 2295 509 2328 De
522 2296 658 2338 Sagana
671 2297 795 2330 iterum

77 2362 80 2363 ν
94 2351 120 2375 1.
134 2343 208 2376 Sat.
224 2347 256 2376 8.

137 2395 180 2426 28
193 2393 348 2435 Echinus]
360 2393 453 2427 Gall.
466 2394 604 2427 her-isson
613 2406 624 2427 .·
639 2395 727 2427 alter
739 2400 793 2429 est

95 2445 280 2487 terrestris,
308 2446 366 2488 qui
398 2450 435 2477 et
462 2446 677 2483 herinaceus,
706 2447 793 2479 alter

95 2494 254 2536 aquatilis
268 2505 327 2528 seu
344 2496 506 2528 marinus.
553 2496 707 2538 Uterque
723 2497 791 2539 spi-

96 2542 148 2573 nis
162 2543 373 2578 inhorrescit.
418 2545 507 2578 Plin.
524 2554 576 2577 tx.
590 2548 646 2578 ³1.

141 2591 277 2626 Can-eru
285 2594 374 2636 aper]
399 2594 500 2627 Tunc
517 2595 607 2627 enlm
622 2595 696 2637 apri
712 2595 790 2627 dor·

97 2651 134 2674 so
149 2643 320 2684 rigescunt
335 2653 418 2678 setae
434 2656 511 2678 cum
525 2646 644 2687 currit,
656 2655 716 2677 seu
734 2655 789 2677 ve-

98 2697 251 2725 natorem
263 2693 431 2735 fugin-eu
446 2696 595 2728 invadit:
620 2695 712 2738 quod
730 2695 790 2728 irae

98 2752 137 2774 ac
153 2741 278 2774 furoris
293 2751 540 2785 argumentum.

137 2795 182 2825 29
213 2791 335 2824 abacta
364 2794 450 2825 nulla
481 2794 557 2827 Veia
585 2795 788 2836 couscientia]

854 1944 939 1976 Veia
964 1943 1071 1976 tertia
1096 1946 1150 1974 est
1178 1940 1343 1982 venefica,
1363 1951 1440 1983 quae
1465 1950 1557 1973 scro—

850 1996 928 2029 bem
960 1995 1056 2037 facit,
1086 1995 1293 2037 humumque
1324 1994 1437 2036 egerit
1470 1994 1558 2026 info-

850 2046 976 2078 diendo
991 2055 1108 2087 puero.
1152 2045 1243 2079 Quid
1271 2055 1352 2076 vero
1375 2045 1557 2086 Scaliger?

851 2095 981 2128 ‘Immo
1013 2095 1122 2127 multa
1158 2094 1393 2135 couscientia‚'
1430 2095 1555 2136 inquit,

851 2150 861 2165 ‘
877 2147 1061 2179 multorum
1087 2146 1152 2177 sibi
1188 2143 1378 2178 facinorum
1407 2146 1555 2178 conscia.

850 2195 917 2228 Sed
942 2194 1202 2236 intelligendum
1219 2200 1273 2226 est
1290 2204 1355 2226 nou
1374 2193 1478 2227 fuisse
1496 2196 1553 2227 ab·

851 2250 962 2278 actam
978 2255 1038 2277 seu
1053 2245 1251 2276 distractam
1268 2254 1288 2276 a
1303 2245 1401 2276 malis
1423 2244 1551 2277 facino-

850 2296 964 2328 ribus:
988 2295 1127 2328 omniuo
1149 2294 1269 2327 durum
1294 2300 1370 2327 est:
1393 2299 1430 2328 et
1449 2305 1551 2328 sonus

850 2355 1040 2387 quanquam
1064 2344 1183 2386 dispar
1200 2345 1424 2385 temporibus,
1438 2349 1551 2377 tamen

847 2395 938 2428 idem
954 2394 1131 2437 plebeius:
1163 2393 1289 2436 Siquid
1303 2394 1438 2434 durum,
1452 2403 1550 2435 egre-

847 2447 902 2489 gie
927 2446 1067 2478 exhibet
1089 2444 1237 2476 ferream
1266 2444 1362 2475 Veiae
1388 2447 1548 2475 mentem.

847 2497 923 2530 Nec
947 2495 1083 2538 plebeia
1106 2494 1213 2525 dictio
1238 2498 1303 2528 est,
1329 2491 1407 2532 quin
1434 2491 1548 2532 potius

845 2548 983 2588 elegans
1000 2552 1035 2578 et
1051 2545 1173 2577 nobilis
1187 2555 1195 2575 :
1219 2542 1418 2584 indicatque
1431 2544 1549 2575 mulie.

845 2605 917 2628 rem
954 2595 1138 2627 sceleribus
1177 2593 1263 2624 adeo
1298 2596 1482 2634 assuetam,
1511 2599 1549 2627 ut

844 2645 971 2686 absque
988 2644 1057 2675 ullo
1073 2647 1167 2674 metu
1181 2651 1221 2673 ea
1237 2646 1428 2683 perpetret.
1462 2643 1546 2675 Per·

844 2694 952 2727 ‘litam
976 2692 1142 2735 ejusmodi
1164 2691 1408 2724 conscientiam
1430 2694 1545 2735 expri-

844 2746 906 2778 mit
923 2745 1022 2777 Pers.
1037 2752 1093 2776 ιιι.
1109 2745 1162 2775 32.
1186 2742 1300 2775 ‘fibris
1311 2743 1456 2776 increvit
1470 2745 1544 2788 opi-

843 2805 934 2829 mum
951 2794 1102 2836 Pingue:
1127 2797 1224 2826 caret
1237 2791 1360 2836 culpa,'
1372 2794 1439 2825 &c.
