1904 3256
648 296 924 341 sannionum
962 310 1055 340 ma.
1087 310 1117 340 1.
1147 299 1188 340 2.

1563 297 1646 338 781

198 406 410 457 Mendici,
430 406 591 455 mimae,
613 404 882 455 balatrones,
903 404 987 446 hoc
1010 417 1148 458 genus
1167 416 1296 446 omne

850 520 993 552 NOTAE

198 601 287 636 esto,
314 594 519 636 flagitiorum
548 602 707 626 nauseam
738 594 896 636 ingerere

199 647 254 678 vel
282 644 565 687 flagitiosissimis.
617 644 712 676 Idem
742 645 897 684 Scaliger

197 696 290 737 alibi,
304 697 445 738 loquens
460 695 503 726 de
527 695 688 726 Martiale
711 695 822 727 Poeta
848 695 897 726 sic

197 747 325 779 habet:
346 746 357 764 ‘
372 746 448 777 Alia
471 745 546 786 ejus
570 745 662 776 foeda
688 755 731 777 ne
755 746 896 786 legerim

199 797 351 839 quidem,
373 801 504 828 tantum
530 795 628 827 abest
651 800 688 827 ut
713 795 755 827 ad
779 805 898 826 censu-

196 857 272 879 ram
295 846 437 880 vocem!
479 847 553 888 Ego
576 847 686 878 simile
702 846 782 888 quid
801 847 853 877 hic
870 847 897 877 si

198 897 318 929 dixero
334 897 386 928 vel
404 896 532 937 fecero,
551 896 775 937 condonabis,
796 897 897 927 immo

198 947 429 990 gratulabere,
452 947 583 989 pudens
607 948 729 979 lector.
774 947 896 988 Itaque

197 1007 261 1039 per
275 998 446 1030 salebrosa
455 997 667 1040 pedetentim
680 1008 720 1030 ac
733 1007 897 1038 suspenso

198 1048 304 1089 gradu
319 1048 493 1081 incedenti
509 1049 589 1081 nihil
608 1049 759 1088 noxium,
774 1047 900 1081 fortas-

199 1098 246 1130 sis
262 1102 298 1130 et
312 1098 398 1130 utile
415 1099 587 1139 quidpiam
604 1106 776 1132 occurret.

239 1147 498 1189 Ambubaiarum]
511 1149 624 1180 Multa
633 1155 803 1190 nugantur
816 1151 899 1182 mul-

198 1197 226 1228 ti
243 1197 286 1229 de
301 1197 398 1238 hujus
416 1198 509 1230 vocis
524 1199 743 1240 etymologia.
783 1200 897 1240 Syria-

198 1257 273 1279 cam
297 1257 445 1288 agnosco
465 1253 587 1289 sponte
611 1259 687 1282 cnm
710 1250 818 1282 veteri
842 1251 899 1282 In-

201 1301 368 1337 terprete,
401 1297 459 1339 qui
496 1298 545 1330 sic
573 1299 711 1330 scribit:
742 1299 898 1331 ‘Ambu-

200 1347 288 1378 baiae
304 1347 464 1379 dicuntur
481 1348 639 1380 mulieres
662 1349 813 1381 tibicinae
837 1350 897 1380 iin-

201 1406 269 1437 gua
294 1396 468 1438 Syrorum.
515 1398 653 1434 Etenim
678 1399 770 1438 Syris
801 1399 897 1436 tibia,

200 1447 272 1478 sive
301 1446 512 1487 symphonia,
537 1446 717 1477 ambubaia
745 1446 896 1478 dieitur:

199 1495 325 1527 Gravis
339 1495 507 1527 doctrinae
529 1499 566 1538 et
588 1495 714 1535 ingenii
734 1497 895 1536 astipula-

199 1550 292 1577 tores
308 1544 477 1576 acceduut
491 1553 556 1576 non
571 1546 681 1585 pauci,
692 1544 815 1587 Angel.
830 1546 896 1578 Ca-

198 1595 322 1635 ninius,
345 1595 456 1627 Isaac.
476 1595 706 1634 Casanbonus,
729 1598 796 1627 &c.
822 1596 895 1629 Jos.

197 1644 351 1686 Scaliger
366 1645 400 1676 in
417 1645 558 1678 Varron.
581 1645 623 1676 de
647 1645 744 1684 Ling.
763 1646 837 1677 Lat.
854 1646 897 1677 ad

199 1703 316 1727 vocem
340 1695 580 1736 ‘simpulum'
603 1696 800 1736 'Syriacum
822 1696 898 1735 est‚'

199 1745 323 1788 inquit,
344 1747 354 1764 ⁴
367 1755 443 1778 nam
461 1750 499 1778 ut
522 1745 647 1785 Abona,
661 1746 776 1786 anbub,
791 1745 898 1787 αὐλὸς,

198 1796 441 1828 Ambubaiarum
454 1797 598 1836 collegia.-
622 1806 641 1827 a
655 1796 777 1837 copher,
791 1798 800 1814 ‘
810 1806 900 1827 cam-

200 1845 346 1888 phora3’
369 1856 389 1878 a
402 1846 507 1882 audin.
524 1846 534 1863 ‘
546 1846 706 1886 sindon;'
730 1847 898 1884 asabbeca,

200 1897 289 1940 quod
305 1902 360 1930 est
375 1898 467 1939 apud
481 1898 673 1938 Danielem,
690 1898 870 1930 ‘sambuca
878 1899 899 1938 ;’

199 1947 407 1989 uieaoephel,
430 1948 610 1990 ‘sempel‚’
632 1954 669 1980 et
691 1948 771 1980 inde
797 1949 896 1980 ‘sim-

203 1997 336 2037 pulum’
363 1998 543 2032 fecerunt.'
590 1999 682 2040 Ergo
706 2008 767 2040 per
782 1999 900 2030 Ambu-

205 2047 497 2088 mmmm,
521 2048 684 2080 debemus
709 2049 901 2089 intelligere

205 2101 372 2138 quotquot
401 2102 492 2129 artes
521 2099 727 2130 exercebant
756 2099 901 2139 impudi-

207 2155 278 2182 cas,
299 2146 457 2186 ludicras,
478 2149 690 2188 parasiticas,
712 2149 778 2179 &c.
819 2149 902 2180 Sue-

208 2201 280 2228 ton.
297 2196 421 2229 Neron.
437 2207 514 2239 cap.
522 2201 574 2229 27.
590 2199 600 2217 ⁴
616 2198 808 2230 Coenitabat
820 2208 903 2230 non-

206 2255 378 2287 nunquam
394 2247 428 2278 in
446 2248 594 2288 publico,
609 2249 697 2280 inter
713 2255 902 2281 scortorum

207 2297 314 2328 totius
339 2298 429 2329 urbis
449 2298 773 2340 ambubaiarumque
790 2299 903 2330 minis-

205 2346 316 2378 teria!
359 2343 471 2380 Porro
485 2358 548 2380 uon
565 2349 672 2380 solum
691 2349 805 2389 tibias,
822 2350 903 2381 alia-

205 2405 270 2438 que
286 2398 512 2430 instrumenta
527 2399 665 2439 musica,
683 2400 742 2431 sed
767 2406 802 2432 et
825 2401 903 2432 tibi·

205 2448 310 2484 cinea,
325 2457 365 2480 ac
381 2447 538 2480 tibicinas
553 2450 704 2490 corporis
719 2455 854 2491 quaestu
867 2455 903 2482 et

205 2496 364 2529 tibiarum
379 2503 481 2530 cantu
504 2499 607 2530 vitam
625 2504 868 2538 sustentantes,
883 2510 903 2531 e

208 2545 306 2587 Syria
329 2547 467 2580 Romam
485 2548 703 2589 confluxisse,
724 2549 825 2581 docet
840 2550 903 2582 Ju-

208 2596 334 2627 venalis
358 2598 458 2629 etiam
479 2599 552 2630 Sat.
579 2608 636 2631 m.
661 2602 715 2631 62.
742 2604 777 2631 et
804 2609 903 2641 seqq.

210 2646 309 2679 ‘Jam
331 2649 461 2688 pridem
482 2651 586 2692 Syrus
610 2652 642 2683 in
670 2652 820 2683 Tiberim
844 2651 904 2682 de-

209 2694 307 2727 fluxit
329 2697 500 2738 Orontes3
523 2701 570 2732 Et
591 2702 749 2742 linguam,
773 2706 809 2732 et
834 2710 905 2731 mo-

211 2756 280 2786 res,
304 2752 340 2778 et
365 2757 439 2779 cum
461 2750 599 2782 tibicine
630 2752 772 2783 chordas
803 2751 903 2783 Obli-

213 2805 308 2837 quas,
336 2806 482 2837 necnon*
498 2801 635 2839 gentilia
663 2807 825 2842 tympana
851 2810 903 2832 se-

211 2855 286 2878 cum
307 2846 422 2883 Vertit,
439 2852 475 2878 et
490 2848 533 2879 ad
549 2849 684 2881 Circum
701 2852 812 2891 jussas
830 2861 905 2892 pro-

948 601 1040 627 stare
1057 595 1208 636 puelias.'
1255 594 1324 627 Ubi
1339 594 1494 634 observa,
1510 594 1649 636 proprie

946 646 956 663 ‘
971 646 1150 687 tympana’
1176 645 1290 678 vocari
1314 644 1499 685 ‘gentilia‚‘
1520 645 1649 686 quippe

950 706 1017 728 vox
1034 702 1084 728 est
1101 707 1121 728 a
1136 697 1245 738 tuppin
1261 696 1416 737 Syriaca.

994 748 1262 789 Pharmacopolae]
1290 747 1511 778 Pharmacum
1530 750 1565 777 et
1580 755 1650 777 me-

952 798 1194 837 dicamentum,
1209 797 1354 829 testibus
1376 796 1488 828 Nonio
1509 800 1545 828 et
1565 796 1651 827 Eus-

953 848 1072 888 tathio,
1095 853 1173 879 sunt
1197 847 1317 879 mediae
1334 856 1448 886 voces,
1469 846 1504 877 in
1528 846 1650 878 bonam

951 903 987 929 et
1017 898 1138 929 malam
1176 903 1307 939 partem
1339 897 1493 939 usurpari
1519 897 1650 928 solitae:

951 947 1041 979 unde
1065 954 1100 980 et
1127 958 1190 990 pro
1212 958 1341 980 veneno
1364 948 1475 988 accipi
1501 956 1652 979 nonnun-

952 1009 1051 1040 quam
1072 999 1248 1030 docuimus
1274 998 1368 1030 alibi.
1414 998 1471 1030 Sic
1494 1001 1530 1029 et
1555 997 1654 1038 phar·

949 1050 1135 1090 macopolae
1162 1049 1248 1082 dicti
1274 1049 1442 1080 interdum
1460 1051 1649 1088 unguenta-

950 1100 1001 1138 rii,
1017 1100 1214 1140 myropolae,
1240 1098 1470 1140 pigmentarii,
1492 1102 1527 1129 et
1552 1100 1652 1138 quot-

949 1154 1032 1190 quot
1049 1155 1200 1180 aromata
1217 1155 1251 1180 ct
1264 1149 1400 1189 odores,
1414 1149 1494 1180 item
1511 1147 1568 1190 qui
1583 1156 1651 1179 me-

950 1200 1080 1232 dicatas
1109 1200 1264 1241 potiones
1282 1207 1512 1240 quascumque
1534 1197 1653 1228 diven-

951 1250 1092 1282 debant.
1136 1251 1193 1282 Sic
1219 1250 1324 1282 etiam
1350 1250 1569 1291 appellantur
1585 1257 1653 1279 me·

950 1300 1018 1331 dici
1032 1300 1082 1331 illi
1098 1300 1358 1332 circumforanei
1380 1305 1416 1332 et
1439 1304 1578 1340 agyrtae,
1594 1297 1654 1339 qui

952 1351 1120 1391 imperitae
1133 1350 1227 1390 plebi
1243 1349 1394 1381 remedia
1405 1351 1572 1390 quaedam,
1584 1357 1655 1378 ma-

951 1400 1002 1438 gis
1031 1405 1143 1430 autem
1171 1399 1277 1430 verba
1304 1398 1467 1435 vendunt,
1495 1407 1556 1438 per
1579 1396 1654 1428 fora

951 1453 987 1479 et
1011 1448 1160 1488 compita
1183 1448 1315 1479 urbium
1332 1448 1552 1479 cursitantes.
1598 1447 1654 1477 De

951 1497 1001 1528 his
1029 1497 1116 1528 Cato
1143 1497 1232 1537 apud
1263 1496 1354 1528 Gen.
1379 1506 1405 1528 1.
1432 1499 1483 1529 15.
1505 1496 1653 1538 ‘Itaque

952 1547 1090 1588 auditis,
1126 1556 1193 1578 non
1237 1547 1450 1586 auscultatis,
1492 1550 1654 1587 tanquam

951 1598 1265 1639 pharmacopolam.
1322 1597 1410 1628 Nam
1439 1597 1515 1638 ejus
1546 1597 1652 1628 verba

953 1647 1155 1679 audiuntur:
1180 1655 1299 1678 verum
1319 1646 1352 1677 ei
1378 1656 1413 1677 se
1436 1655 1535 1677 nemo
1562 1655 1653 1677 com-

953 1699 1082 1734 mittat,
1098 1697 1126 1728 si
1143 1707 1232 1737 a=ger
1249 1695 1324 1729 est?

996 1752 1016 1780 2
1030 1747 1186 1787 Mendici]
1200 1747 1428 1779 Circuiatores
1439 1745 1657 1786 omnesfflhy-

955 1798 1133 1838 siognomi,
1159 1796 1409 1837 metoposcopi,
1436 1796 1656 1826 chiromanti-

953 1849 1007 1882 ci:
1032 1848 1184 1889 inprimis
1209 1853 1322 1878 autem
1340 1847 1441 1878 Isiaci
1458 1855 1497 1877 ac
1513 1846 1655 1888 Cybelae

953 1898 1164 1936 sacerdotes,
1176 1902 1212 1929 et
1227 1898 1430 1939 quicumque
1448 1896 1655 1927 vaticinandi

954 1953 1063 1979 artem
1080 1946 1226 1988 professi
1243 1948 1367 1987 stipem
1385 1945 1627 1987 corrogabant.

995 1996 1121 2038 Mimae]
1138 1997 1436 2036 Gesticulatrices,
1447 1996 1656 2035 saltatrices,

952 2048 1120 2089 ludiones,
1133 2048 1330 2086 histriones,
1345 2048 1483 2079 scenici.
1510 2046 1587 2078 Ἀπὸ
1601 2047 1658 2078 τοῦ

953 2100 1118 2138 μιμεῖσθαι,
1133 2099 1172 2130 ab
1186 2098 1351 2138 imitando,
1376 2102 1518 2130 vocatur
1537 2098 1656 2128 nunnus

957 2153 1010 2183 vel
1037 2152 1151 2189 mima,
1177 2150 1331 2192 quisquis
1358 2149 1453 2180 dicta
1484 2149 1537 2180 vel
1564 2148 1656 2180 facta

957 2201 1122 2242 cujusque
1146 2201 1310 2236 imitatur,
1334 2209 1417 2230 cum
1432 2199 1583 2238 lascivia,
1598 2208 1657 2229 seu

957 2260 1051 2288 voce,
1067 2260 1128 2282 seu
1143 2250 1315 2291 praecipue
1332 2254 1442 2290 gestu,
1463 2250 1472 2266 ‘
1490 2253 1574 2280 nutu
1590 2258 1657 2279 ma-

957 2301 1126 2343 nibusque
1151 2299 1302 2342 loquax,’
1327 2305 1364 2331 ut
1388 2299 1481 2331 canit
1502 2298 1658 2330 Claudia-

957 2361 1033 2382 nus.

999 2401 1202 2442 Balatrones]
1235 2401 1288 2432 De
1305 2401 1396 2432 vocis
1410 2401 1510 2441 hujus
1527 2400 1658 2440 origine

957 2456 993 2483 et
1010 2452 1258 2493 significatione
1272 2452 1383 2483 adhuc
1402 2452 1464 2482 sub
1481 2451 1601 2491 judice
1618 2450 1664 2486 lis⁴

957 2506 1020 2534 est.
1064 2503 1171 2533 Vetus
1189 2501 1367 2541 Inter-pres
1385 2500 1595 2530 ‘luxuriosos
1618 2508 1657 2529 ac

957 2551 1108 2592 perditos
1124 2562 1144 2582 a
1158 2552 1302 2582 Servilio
1315 2551 1499 2581 Balatrone
1513 2548 1521 2562 ’
1546 2549 1657 2579 dictos

956 2602 1040 2636 vult,
1059 2601 1219 2641 additque
1238 2612 1245 2630 ε
1269 2603 1277 2616 ‘
1292 2600 1347 2631 Ab
1365 2600 1428 2630 hoc
1446 2598 1563 2629 similis
1575 2598 1655 2629 vitae

955 2650 1108 2680 homines
1138 2655 1216 2679 sunt
1241 2649 1404 2690 appellati
1432 2649 1654 2680 balatrones:

957 2709 976 2731 a
993 2698 1107 2730 balatu
1130 2697 1274 2729 fortasse
1298 2697 1397 2739 dicti,
1422 2708 1498 2739 quae
1526 2707 1590 2728 vox
1606 2698 1656 2728 in-

957 2754 1048 2781 torta
1064 2753 1118 2780 est
1138 2754 1173 2779 et
1190 2748 1345 2779 ridicula.
1390 2748 1532 2788 Legitur
1548 2752 1583 2778 et
1601 2746 1657 2777 ba-

958 2794 1146 2837 rathrones,
1176 2798 1233 2839 qui
1256 2797 1343 2829 bona
1370 2807 1432 2829 sua
1458 2797 1657 2828 devorando

957 2849 1053 2892 quasi
1070 2849 1103 2879 in
1114 2849 1306 2880 barathrum
1321 2847 1473 2879 mittunt.
1497 2846 1605 2878 Iidem
1619 2851 1656 2878 ct
