1930 3242
326 264 410 305 906

325 366 435 408 Cum
455 367 508 409 de
524 381 571 409 se
589 370 792 422 loquitur,
813 381 898 408 non
918 373 967 407 ut
988 368 1151 421 majore
1170 370 1385 423 reprensis
1400 373 1419 411 ’ἒ

792 281 835 318 Q.
866 279 1072 309 HORATu
1107 277 1277 307 FLAGCI

1691 375 1748 415 55

326 431 442 482 Quid
463 437 581 475 vetat
599 440 641 475 et
657 436 835 481 nosmet,
855 432 1000 473 Lucili
1021 434 1188 487 scripta
1205 435 1393 488 legentes

327 496 546 547 Quaerere,
566 513 666 539 num
686 498 819 547 illius,
843 511 944 538 num
963 512 1097 540 rerum
1119 500 1227 542 dura
1246 503 1411 555 negarit

324 562 578 604 Versiculos
598 566 753 604 natura
771 565 910 616 magis
928 564 1071 606 factos
1091 570 1136 606 et
1155 571 1309 608 euntes

325 672 376 699 tur
395 671 432 700 de
452 670 546 709 seipso
566 670 647 700 haud
665 672 810 710 tanquam
831 673 1014 712 perfectiore
1029 674 1070 704 iis
1084 684 1151 714 quae
1161 675 1261 714 carpit
1271 678 1285 706 ?
1327 675 1411 710 Quid
1423 676 1543 715 pariter
1557 676 1683 716 impedit
1698 686 1751 708 nou

322 711 438 751 scripta
452 711 566 742 Lucilii
581 712 751 743 evolventes
763 713 944 754 disquirere,
960 725 1000 746 cm
1015 715 1093 754 qy'ue,
1107 726 1147 746 an
1169 725 1271 747 rerum
1281 720 1391 748 natura
1405 718 1538 759 difficilis
1557 718 1750 758 prohibuerit

916 796 995 808 eeee
997 797 1154 809 mo·

323 844 426 874 Lucili
439 844 532 882 furta
546 846 680 884 legentes
697 847 785 879 Han.
802 851 916 881 1.—5·1
939 851 1024 883 Exc.
1045 852 1123 883 Sax.
1144 861 1205 883 non
1218 856 1416 885 rerum—58
1439 853 1534 885 Gott.
1551 857 1586 885 et
1603 852 1699 885 Harl.
1715 856 1748 885 6.

962 935 1101 966 NOTAE

322 993 439 1032 gulari.
490 993 618 1024 Floruit
654 996 858 1036 temporibus
894 998 1009 1030 Plauti

323 1042 447 1074 Comici
462 1047 496 1074 et
512 1043 562 1074 M.
578 1043 717 1075 Catonis
733 1046 875 1077 oratoris
892 1047 1008 1078 claris-

323 1090 409 1122 simi.
454 1091 562 1124 Quem
594 1091 754 1133 deinceps
791 1095 897 1125 secuti
929 1099 1008 1126 sunt

323 1138 492 1178 Caecilius,
507 1140 691 1181 Pacuvius,
703 1141 831 1183 Attius,
842 1145 906 1174 &c.
924 1144 1008 1175 Per-

321 1189 428 1219 multa
442 1190 633 1229 composuit
649 1192 740 1222 vario
763 1193 921 1232 carmine,
939 1192 1008 1224 An-

321 1237 425 1275 nales,
439 1238 646 1278 Tragoedias,
660 1239 1010 1278 Comoedias‚Satiras,

321 1287 385 1319 &c‚
401 1295 443 1317 ex
457 1287 616 1318 Lucretio
628 1296 652 1318 1.
666 1290 739 1320 118.
755 1289 765 1306 ‘
779 1290 907 1321 Ennius
924 1311 932 1321 .
950 1313 958 1322 .
975 1311 984 1320 .
999 1313 1008 1323 .

322 1335 448 1374 primus
470 1345 598 1367 amoeno
623 1337 754 1369 Detulit
777 1348 819 1369 ex
845 1339 1009 1371 Helicone

323 1386 464 1424 perenni
482 1385 600 1416 froude
623 1395 792 1427 coronam,
807 1387 876 1418 Per
890 1393 1008 1428 gentes

320 1434 425 1466 Italas
455 1435 623 1466 hominum
646 1446 723 1477 quae
746 1437 837 1468 clara
858 1437 1008 1468 clueret.'

322 1484 546 1516 Quintilianus
569 1486 712 1517 Ennium
732 1487 849 1518 scribit
866 1487 939 1527 pari
955 1497 1009 1519 ve-

323 1534 496 1564 neratione
513 1534 702 1570 colendum,
713 1543 752 1565 ac
768 1545 882 1566 sacros
898 1540 1009 1566 vetus·

322 1586 391 1613 tate
409 1582 511 1621 lucos,
533 1583 567 1613 in
590 1583 711 1623 quibus
733 1584 870 1622 grandia
890 1584 1010 1615 robora

322 1639 387 1661 non
406 1635 533 1661 tantam
549 1630 673 1661 habent
685 1631 834 1671 speciem
852 1637 1010 1671 quantam

324 1678 532 1718 religionem.
574 1678 675 1710 Ennii
695 1688 809 1711 versus
833 1679 930 1711 affert
956 1681 1012 1712 Ci-

322 1737 402 1759 cero
419 1728 570 1767 pluribus
585 1728 679 1760 locis.
722 1729 814 1769 Lege
834 1729 876 1760 de
895 1730 1011 1762 Divin.

322 1786 348 1808 1.
364 1786 398 1808 n.
413 1779 465 1808 40.
482 1779 544 1808 ὅτε.
575 1777 664 1809 Vide
679 1782 714 1808 et
729 1778 883 1810 Macrob.
896 1779 1012 1810 Satur-

324 1825 390 1855 nal.
403 1825 463 1856 lib.
480 1834 528 1856 vr.

357 1873 454 1904 Ridet
461 1883 567 1904 versus
570 1873 728 1911 gravitate
734 1874 878 1914 minores]
887 1876 1011 1907 Quam-

322 1922 372 1953 vis
395 1921 478 1953 tanti
500 1921 631 1952 habitus
652 1928 706 1952 est
729 1922 867 1962 Ennius,
887 1924 919 1954 in
942 1924 1012 1963 ejus

322 1969 524 2002 carminibus
549 1970 701 2010 quaedam
724 1975 816 2002 recte
832 1973 1011 2012 reprehen-

322 2021 372 2051 dit
387 2029 426 2051 ac
438 2019 568 2050 deridet
580 2020 741 2059 Lucilius,
754 2025 910 2062 tanquam
922 2022 1010 2053 haud

322 2070 404 2101 satis
441 2070 588 2110 graviter
618 2074 655 2100 et
685 2075 843 2101 accurate
873 2072 1011 2111 scripta.

323 2119 470 2150 Annaeus
483 2119 610 2150 Seneca
622 2118 732 2158 Epist.
743 2119 784 2150 ad
799 2120 906 2152 Lucil.
918 2121 928 2138 ⁴
941 2120 1010 2151 Ad-

321 2168 446 2208 miror,’
460 2168 581 2209 inquit,
596 2172 605 2186 ‘
620 2169 907 2209 eloquentissimos
924 2171 1011 2201 viros

323 2222 358 2250 et
373 2217 505 2250 deditos
522 2217 642 2253 Ennio,
661 2226 722 2258 pro
738 2219 874 2259 optimis
889 2219 1010 2250 ridicu-

322 2269 353 2299 la
381 2267 535 2299 laudasse
547 2265 568 2298 ι’
591 2271 626 2298 et
655 2267 756 2298 hosce
785 2268 828 2299 de
859 2269 1010 2309 Cethego

322 2327 439 2350 versus
454 2316 553 2348 Ennii
569 2315 688 2348 affert:
712 2322 721 2335 ‘
733 2317 767 2348 Is
783 2317 893 2348 dictus
910 2327 1011 2349 cunc-

323 2367 366 2398 tis
397 2366 471 2397 ollis
500 2365 714 2406 popularibus
741 2366 819 2397 olim
846 2367 913 2398 Qui
939 2372 1009 2398 tum

323 2415 480 2447 vivebant
495 2413 644 2445 homines
667 2418 767 2455 atque
785 2424 891 2446 aevum
906 2416 1009 2455 agita-

323 2465 419 2504 bant,
440 2464 518 2495 Flos
538 2462 707 2494 delibatus
729 2463 857 2503 populi,
873 2463 1010 2495 Suadae·

323 2524 387 2555 que
400 2512 570 2545 medulla-⁹
613 2513 753 2544 Ennium
770 2518 880 2544 tamen
895 2513 1011 2545 defen-

324 2565 375 2595 dit
404 2564 494 2595 Gell.
519 2573 586 2595 xn-
608 2566 641 2594 2.
668 2563 821 2594 Macrob.
845 2565 1014 2595 Saturnal.

323 2622 348 2643 1.
372 2621 446 2652 cap.
467 2615 498 2644 4.
523 2618 559 2644 et
584 2621 635 2643 vr.
659 2615 689 2644 3.
711 2614 720 2630 ‘
739 2613 872 2651 Nemo:
893 2614 1015 2654 inquit,

323 2664 333 2679 ⁸
347 2669 389 2692 ex
418 2661 479 2691 hoc
501 2661 585 2692 viles
608 2666 708 2701 putet
730 2666 861 2693 veteres
884 2662 1014 2703 poetas,

325 2709 414 2751 quod
442 2718 556 2740 versus
580 2719 693 2741 eorum
721 2710 831 2741 scabri
853 2711 949 2742 nobis
967 2711 1014 2741 vi-

327 2759 461 2791 dentur.
504 2756 568 2788 Ille
602 2758 688 2789 enim
726 2759 835 2798 stylus
870 2758 1013 2790 Enniani

1062 997 1176 1029 saeculi
1202 998 1336 1030 auribus
1359 999 1449 1030 solus
1471 997 1646 1039 placebat:
1677 997 1749 1030 diu-

1062 1057 1126 1088 que
1142 1047 1307 1079 laboravit
1331 1053 1414 1079 aetas
1440 1052 1567 1083 secuta,
1589 1052 1628 1078 ut
1641 1048 1748 1088 magis

1060 1097 1138 1128 huic
1165 1096 1308 1128 molliori
1338 1097 1426 1137 stylo
1453 1096 1755 1137 acquiesceretur.'

1063 1145 1183 1186 Neque
1204 1154 1286 1176 vero
1309 1143 1487 1186 praeterire
1509 1145 1563 1176 hic
1584 1143 1668 1176 licet
1692 1149 1753 1176 aut

1063 1194 1223 1225 ridiculos
1235 1197 1294 1224 aut
1309 1193 1443 1225 scabros
1457 1192 1555 1224 Ennii
1571 1192 1751 1224 versiculos

1062 1243 1166 1275 istos:
1188 1242 1243 1274 ‘0
1266 1242 1355 1284 Tite,
1378 1246 1452 1274 tute
1475 1242 1551 1272 Tati
1575 1241 1634 1272 tibi
1656 1245 1752 1275 tanta

1062 1296 1205 1333 tyranne
1218 1291 1348 1323 tulisti?
1376 1291 1439 1322 ‘At
1453 1291 1534 1322 tuba
1546 1291 1687 1323 terribili
1702 1299 1754 1322 so-

1062 1342 1135 1372 nitu
1151 1345 1360 1373 taratantara
1375 1340 1482 1372 dixit!

1104 1394 1144 1422 55
1166 1391 1246 1421 Cum
1273 1391 1310 1420 de
1337 1399 1372 1421 se
1401 1389 1544 1429 loquitur,
1567 1387 1636 1428 ξω]
1669 1389 1751 1421 Cum

1063 1438 1211 1470 Lucilius
1226 1437 1384 1479 quosdam
1407 1436 1508 1468 Ennii
1531 1445 1648 1468 versus
1665 1437 1753 1469 ridet

1062 1496 1102 1518 ac
1118 1486 1348 1528 reprehendit,
1365 1495 1430 1517 non
1448 1491 1559 1517 tamen
1574 1495 1614 1517 eo
1631 1495 1666 1517 se
1681 1496 1752 1518 ma-

1058 1537 1168 1576 jorem
1187 1535 1296 1568 dicit:
1320 1536 1368 1567 sic
1387 1545 1449 1576 ego
1465 1535 1582 1567 Lucilii
1599 1535 1752 1576 quedam

1063 1583 1327 1624 reprehendens,
1348 1583 1435 1614 haud
1453 1592 1619 1624 quaquam
1634 1592 1687 1614 me
1703 1583 1754 1614 illi

1063 1632 1314 1673 praeferendum
1330 1632 1531 1663 existimem.
1563 1631 1636 1663 Ista
1649 1632 1754 1663 verba

1065 1681 1202 1712 Horatii
1228 1681 1272 1712 de
1300 1680 1406 1712 Ennio
1435 1679 1652 1720 intelligenda
1676 1688 1756 1711 con-

1065 1729 1175 1760 tendit
1193 1729 1364 1768 Heinsius,
1385 1729 1599 1770 explosisque
1615 1728 1752 1760 aliorum

1064 1777 1400 1818 interpretationibus
1422 1781 1549 1812 cantat,
1568 1775 1690 1817 εὕρηκα,
1704 1777 1752 1807 in-

1066 1828 1157 1858 vem‘:
1180 1837 1294 1858 verum
1310 1836 1407 1868 quam
1431 1827 1528 1866 longe
1551 1825 1593 1856 ab
1620 1826 1752 1857 Horatii

1065 1881 1179 1907 mente
1204 1875 1383 1911 aberrarit,
1411 1875 1598 1906 luculenter
1619 1879 1654 1906 et
1677 1883 1754 1906 eru-

1065 1924 1150 1964 dite,
1166 1929 1202 1955 ut
1217 1928 1312 1955 certe
1335 1924 1411 1963 alia,
1434 1924 1614 1964 exequitur
1637 1928 1753 1956 noster

1067 1972 1247 2014 Dacerius,
1269 1973 1310 2004 ad
1326 1982 1424 2014 quem
1441 1977 1476 2004 te
1492 1973 1628 2013 paulurn
1643 1972 1753 2004 diver-

1065 2026 1152 2061 tere,
1166 2022 1286 2061 lector,
1299 2031 1460 2062 nusquam
1477 2021 1603 2062 pigeat.

1105 2073 1145 2102 5⁷
1170 2071 1257 2102 Num
1284 2071 1380 2111 iliius,
1399 2081 1471 2103 num
1494 2081 1596 2104 rerum
1611 2073 1688 2112 dura
1702 2082 1755 2104 ne·

1061 2120 1150 2159 gerit
1173 2124 1298 2155 natura,
1331 2119 1402 2160 isa]
1439 2120 1561 2152 Utrum
1589 2121 1753 2154 Lucium-

1063 2179 1135 2201 rum
1153 2178 1308 2201 versuum
1324 2169 1524 2211 compositio
1539 2169 1630 2202 rudis
1641 2174 1676 2202 et
1691 2170 1752 2202 im-

1063 2220 1166 2262 polita
1189 2229 1231 2250 ex
1260 2220 1411 2250 materiae
1436 2224 1473 2251 et
1500 2226 1611 2251 rerum
1632 2224 1752 2251 natura

1064 2269 1194 2302 difficili
1217 2268 1399 2310 prodierim
1427 2277 1468 2299 an
1485 2278 1527 2299 ex
1541 2268 1645 2309 ipsius
1658 2268 1751 2308 inge-

1064 2320 1118 2351 nio
1134 2317 1272 2356 duriori,
1286 2318 1339 2347 vel
1363 2322 1458 2348 certe
1472 2326 1514 2347 ex
1529 2316 1750 2357 indiligentia,

1064 2372 1099 2400 et
1114 2366 1202 2408 quod
1218 2365 1419 2397 scribentem
1435 2365 1446 2382 ⁴
1459 2363 1648 2396 offenderet
1663 2365 1750 2397 limae

1063 2417 1159 2448 labor
1184 2418 1218 2447 et
1243 2412 1358 2446 mora!
1410 2413 1519 2453 Epist.
1542 2414 1584 2444 ad
1610 2414 1681 2446 Pis.
1701 2423 1750 2446 vs.

1063 2469 1137 2498 29⁰.

1107 2516 1149 2545 58
1175 2511 1346 2545 Versiculos
1359 2511 1460 2549 magis
1473 2510 1595 2553 factos]
1633 2512 1703 2544 Cic.
1717 2513 1751 2545 iu

1065 2563 1174 2594 Bruto
1195 2571 1203 2592 :
1241 2560 1474 2591 ‘Intellectum
1505 2565 1557 2591 est
1592 2567 1750 2602 quantam

1067 2613 1130 2642 vim
1143 2610 1263 2641 habeat
1277 2613 1435 2640 accurata
1447 2613 1481 2639 et
1495 2608 1584 2641 facta
1593 2611 1752 2652 quodam-

1065 2659 1164 2691 modo
1179 2658 1306 2689 oratio?

1107 2710 1227 2750 Euntes
1255 2707 1398 2746 Mollius]
1442 2707 1592 2739 Maniai.
1619 2717 1670 2740 xi.
1697 2712 1749 2742 91.

1066 2759 1075 2775 ‘
1091 2757 1246 2788 Carmina
1261 2756 1350 2787 nulla
1362 2754 1482 2796 probat
1495 2756 1583 2787 molli
1593 2765 1667 2797 quae
1684 2762 1767 2795 tra·-
