1936 3236
617 273 888 305 GARM1NUM
926 272 1023 303 Lis.
1057 272 1122 303 ιν.
1154 263 1194 303 1.

300 370 401 412 Illic
421 369 612 423 plurima
629 369 809 410 naribus

1558 259 1643 301 551

355 438 507 479 Duces
527 437 670 487 thura,
691 437 890 490 lyraeque
910 439 953 477 et
974 434 1243 488 Berecyntiae

300 506 593 547 Delectabere
613 504 732 545 tibiae

353 571 504 613 Mistis
525 572 804 621 carminibus,
826 584 916 612 non
938 571 1032 612 sine
1053 569 1215 611 fistula.

298 639 398 680 Illic
419 640 490 681 bis
509 639 635 693 pueri
651 638 724 679 die

1585 634 1642 677 25

354 706 530 748 Numen
552 719 652 747 cum
672 706 833 747 teneris
854 703 1095 757 virginibus
1115 706 1237 743 tuum

186 831 239 864 Ibi
253 834 326 866 llius
340 837 472 867 multum
485 846 559 868 naso
574 837 711 877 hauries,
727 840 759 868 et
783 835 972 869 recreaberis
995 833 1184 867 carminibus
1196 832 1320 872 junctis
1340 832 1483 868 cilliane,
1498 833 1530 862 et
1552 829 1640 862 tibioe

187 875 409 919 Berecynthioe
423 883 454 911 et
459 878 594 921 fistuloe.
638 879 690 910 1ὺὶ
700 879 791 920 pueri
805 882 875 911 cum
896 878 1008 920 puellis
1022 887 1133 910 nurnen
1148 880 1236 908 tuum
1252 876 1298 907 bis
1318 875 1353 907 in
1366 875 1418 906 die
1431 874 1641 906 collaudantes

793 984 1032 997 ‘W

180 1067 247 1100 qno
271 1067 360 1090 nexa
382 1059 438 1090 vel
460 1058 611 1091 obducta
637 1058 733 1091 trabs
749 1059 932 1100 cogitanda
958 1058 1024 1098 sit3
1046 1057 1136 1100 quod
1163 1067 1245 1090 sane
1268 1056 1402 1098 longius
1419 1056 1578 1098 petitum,
1603 1060 1639 1086 et

180 1100 283 1132 vaide
299 1101 526 1134 arbitrarium.
571 1102 725 1134 Pessime
742 1107 870 1141 autem,
887 1101 944 1144 qui
960 1102 1053 1143 expi.
1067 1102 1245 1143 templum,
1271 1101 1371 1141 quale
1387 1100 1422 1131 in
1438 1099 1554 1140 Cypro
1569 1098 1639 1130 Ve-

181 1152 244 1175 nus
258 1143 374 1175 habet.
420 1144 536 1177 Quare
552 1154 629 1177 cum
654 1144 747 1176 trabs
765 1145 885 1186 Cypria
911 1145 1005 1175 nullo
1032 1144 1134 1175 modo
1162 1143 1246 1175 satis
1271 1142 1409 1184 probari
1431 1142 1463 1173 h.
1481 1142 1503 1173 1.
1531 1141 1641 1182 possit

179 1186 294 1217 sensui
311 1186 468 1226 poeticm
490 1188 578 1228 inpr.
595 1187 687 1228 quod
703 1193 824 1228 aperte
842 1187 916 1218 vult
930 1186 1096 1218 Horatius
1112 1187 1278 1218 sacellum
1293 1185 1438 1216 Veneris
1455 1193 1555 1225 quam
1572 1183 1642 1214 ele-

178 1228 412 1300 gantissimum
434 1238 474 1260 ac
502 1230 788 1270 pretiosissimum
805 1228 1018 1268 describere,
1037 1238 1105 1269 quo
1130 1229 1259 1270 Cypria
1277 1227 1420 1259 materia
1436 1236 1503 1258 non
1521 1226 1638 1257 admo-

205 1279 259 1301 um
275 1271 386 1300 valet:
413 1275 484 1301 tum
511 1280 636 1310 magna
662 1271 811 1310 suspicio
838 1276 906 1308 est,
930 1271 1108 1309 irrepsisse
1125 1271 1190 1301 huc
1207 1270 1341 1301 trabem
1369 1269 1530 1310 Cypriam
1555 1277 1598 1299 ex
1615 1277 1640 1300 1.

180 1311 250 1343 od.
267 1314 298 1341 l.
315 1313 366 1341 12.
382 1315 516 1342 evsane
534 1311 757 1350 probabilius,
784 1311 968 1341 lectionem
987 1312 1107 1350 Cypria
1129 1321 1205 1341 esse
1219 1320 1240 1340 a
1254 1311 1418 1348 librariis,
1433 1320 1534 1351 quam
1552 1311 1639 1341 alte-

176 1361 249 1384 nm
262 1353 374 1387 citrea,
389 1361 489 1392 quam
513 1352 638 1383 habent
654 1353 846 1383 Comment.
861 1352 965 1392 Cruq.
983 1351 1076 1382 Cler.
1093 1355 1129 1382 et
1144 1351 1308 1382 Russard.
1324 1351 1444 1382 Lamb.
1461 1352 1639 1392 antiquiss.

175 1398 213 1425 et
228 1395 317 1425 alter
331 1393 454 1425 Biaud.
470 1393 574 1435 Cruq.
590 1394 657 1425 duo
672 1393 831 1424 meliores
847 1393 1007 1424 Torrent.
1026 1393 1137 1424 Pulm.
1155 1392 1335 1425 Gemblac.
1352 1395 1382 1424 ἱ.
1397 1395 1429 1424 2.
1445 1397 1482 1424 et
1499 1393 1637 1425 Diesth.

176 1445 241 1477 pro
257 1445 327 1467 var.
344 1435 426 1467 lect.
450 1445 470 1466 a
494 1445 539 1467 m.
566 1441 643 1468 ant.
663 1436 810 1468 Mentel.
837 1434 910 1466 Alt.
926 1438 958 1466 2.
986 1435 1077 1476 Lips.
1096 1439 1125 1467 1.
1152 1436 1245 1476 Lips.
1260 1438 1292 1467 2.
1319 1445 1338 1466 a
1353 1444 1397 1466 m.
1420 1445 1472 1476 pr.
1490 1435 1639 1478 Fraueq.

174 1477 293 1510 Lamb-
317 1479 419 1520 Cruq.
440 1478 602 1509 Tot-rent.
630 1478 715 1510 Fah.
740 1477 860 1518 steph.
891 1479 1018 1509 Dacer.
1046 1478 1165 1510 Bentl.
1190 1487 1210 1509 e
1233 1477 1303 1509 suis
1320 1477 1420 1509 codd.
1436 1478 1524 1510 Cun.
1539 1478 1638 1510 Talb.

175 1521 254 1554 Jon.
277 1520 363 1552 Sivr.
383 1520 554 1562 probante
574 1521 679 1552 etiam
695 1521 822 1552 Sanad.
837 1519 880 1551 ad
896 1529 938 1552 11.
957 1520 1027 1552 Od.
1045 1523 1097 1552 18.
1111 1522 1143 1552 3.
1189 1520 1315 1562 Itaque
1340 1520 1426 1552 hanc
1452 1520 1639 1552 lectionem

173 1561 428 1638 graeferendam
445 1564 574 1595 censui.
613 1563 695 1595 Vid.
713 1563 817 1595 Obss.
833 1562 892 1594 ubi
908 1567 945 1595 et
958 1563 1148 1603 diluuntur,
1163 1573 1239 1604 qnae
1256 1563 1298 1594 de
1314 1563 1418 1595 nimio
1434 1563 1552 1595 citreae
1568 1568 1638 1595 tra-

198 1605 227 1638 is
254 1606 367 1648 pretio
393 1606 536 1638 Gesner.
563 1610 599 1637 et
625 1606 682 1638 aiii
708 1605 894 1647 objecere!
915 1606 1006 1638 Jam'.
1051 1606 1149 1637 citrea
1162 1605 1290 1638 habent
1314 1606 1419 1637 etiam
1442 1605 1542 1637 Harl.
1556 1608 1588 1637 3.
1605 1609 1637 1638 6.

174 1648 303 1690 Delpn.
331 1649 432 1688 Pine,
457 1648 610 1690 Sandby,
638 1649 779 1690 Bipont.
804 1648 960 1689 Francis,
986 1648 1129 1680 Mitsch.
1157 1649 1304 1680 Wetzel.
1321 1647 1461 1680 Wakef.
1478 1653 1514 1680 et
1531 1648 1639 1681 Kidd.

177 1690 294 1734 Cypria
312 1690 407 1724 Harl.
422 1694 452 1723 1.
470 1694 501 1724 2.
517 1694 550 1723 4.
566 1694 686 1723 6.-22
709 1692 719 1709 ‘
734 1691 896 1722 Bentleio
924 1695 1002 1731 post
1026 1691 1207 1722 Heinsium
1233 1690 1341 1730 magis
1363 1690 1495 1731 placuit
1511 1691 1639 1732 luraque

172 1737 205 1765 et
229 1733 423 1775 Berecyntia
447 1734 549 1771 tibiam
572 1739 675 1776 atque
701 1734 766 1765 hoc
795 1733 1002 1764 auctoritate
1028 1733 1242 1773 quorundam
1267 1737 1422 1764 veterum
1447 1732 1640 1765 librorum:

173 1776 247 1817 Ego
261 1781 375 1808 tumen
391 1775 472 1807 nihil
490 1786 624 1817 moveo,
640 1785 717 1808 cum
734 1775 948 1807 constructio
963 1775 1008 1806 sit
1022 1775 1129 1815 magis
1147 1774 1365 1806 Horatiana!
1380 1775 1484 1806 Baxt.
1523 1776 1532 1792 ‘
1551 1775 1639 1807 Mihi

172 1825 318 1860 propter
345 1819 606 1850 alternationem
634 1818 802 1850 vocalium
830 1818 978 1848 maxime
1005 1817 1123 1858 placet
1149 1817 1256 1849 lectio
1283 1817 1468 1857 primarum
1494 1817 1639 1850 Lanuini

173 1860 378 1900 editionum,
405 1862 534 1902 lyr-aque
547 1865 579 1893 et
592 1861 807 1902 Berecyntia,
821 1859 887 1900 &cst
911 1860 1017 1891 Gesn.
1053 1860 1182 1901 lyraque
1196 1863 1227 1891 et
1244 1859 1457 1900 Berecynthia
1470 1881 1478 1891 .
1491 1881 1499 1890 .
1510 1882 1518 1891 .
1531 1860 1638 1901 .tibia‚

173 1903 296 1934 mixtis
316 1903 504 1935 carminibus
530 1903 707 1944 antiquiss.
734 1903 860 1934 Bland.
889 1901 1044 1944 Cruqnii,
1059 1912 1146 1933 unus
1162 1902 1367 1934 Bersmauni
1392 1912 1412 1933 a
1438 1912 1482 1933 m.
1510 1911 1582 1933 sec.
1603 1908 1638 1935 et

172 1945 268 1987 Lips.
294 1949 324 1977 1.
356 1945 439 1988 (nisi
465 1945 554 1987 quod
578 1945 778 1986 Berecynlioe
798 1943 932 1986 habet.)

981 1944 1147 1976 Probavit
1162 1945 1243 1977 Nic.
1258 1944 1382 1976 Heius.
1398 1954 1454 1985 ap.
1469 1945 1583 1976 Bentl.
1602 1950 1638 1976 et

173 1988 224 2019 sic
241 1988 344 2019 etiam
363 1988 511 2029 Cuning.
528 1993 565 2020 et
580 1988 686 2019 Kidd.
736 1988 834 2019 Harl.
852 1996 935 2019 vero
952 1989 983 2019 1.
998 1990 1031 2019 2.
1048 1990 1079 2019 3.
1095 1990 1128 2019 4.
1145 1991 1177 2018 5.
1191 1991 1225 2019 6.
1249 1988 1356 2019 ceteri
1374 1996 1491 2019 omnes
1505 1991 1541 2019 et
1557 1987 1635 2019 edd.

173 2030 254 2063 lect.
279 2034 429 2063 nostram
454 2033 691 2063 servant.—·25
717 2030 863 2062 Mentel.
888 2029 934 2061 bis
954 2030 1046 2071 pueri
1067 2031 1101 2062 in
1124 2030 1275 2062 dia—28
1298 2030 1480 2062 Pulmanni
1498 2031 1635 2062 Diesth.

830 2133 974 2167 NOTAE

171 2207 268 2239 fera:
287 2207 396 2239 altera
407 2208 585 2249 sylvestris
598 2212 634 2240 et
648 2208 874 2251 infructuosa,

168 2257 229 2290 sed
241 2258 397 2300 grandis;
414 2268 432 2290 e
445 2268 512 2301 qua
524 2258 651 2291 fiebant
663 2269 770 2302 opera
779 2269 872 2301 mag-

170 2309 206 2340 ni
233 2308 349 2349 pretii,
373 2309 467 2350 lecti,
493 2318 632 2350 memae,
657 2310 786 2351 trahes,
809 2312 874 2343 &c-

170 2358 262 2391 vide
278 2359 371 2390 Plin.
385 2367 468 2390 xm.
487 2361 539 2391 16.
564 2359 663 2391 Pers.
683 2360 758 2392 Sat.
776 2370 802 2391 1.
819 2363 874 2393 53.

170 2411 236 2442 διο.
266 2409 415 2443 Quidam
429 2410 561 2450 legunt,
574 2409 629 2442 sub
643 2410 729 2442 trabe
744 2411 874 2452 Cypria,

169 2459 258 2501 quod
276 2459 393 2491 multoe
417 2464 518 2491 erant
545 2459 684 2492 arbores
704 2459 872 2493 faciendis

168 2509 339 2550 operibus,
369 2509 510 2541 navibus
549 2510 740 2550 praesertim
769 2510 871 2542 fabri-

170 2558 300 2598 candis,
317 2559 464 2599 idoneae,
479 2559 513 2591 in
537 2559 644 2592 insula
669 2560 784 2603 Cypro
802 2562 870 2594 Ve-

171 2610 244 2647 neri
273 2620 384 2649 sacra,
411 2615 448 2641 ut
473 2609 604 2642 dictum
627 2615 682 2642 est
707 2620 732 2642 1.
756 2611 824 2643 od.
841 2614 870 2643 1.

173 2662 211 2688 et
228 2661 260 2690 2.

216 2709 256 2738 21
273 2708 344 2740 Illic
356 2710 490 2750 plurima
501 2710 627 2742 naribus
641 2711 748 2742 Duces
758 2711 870 2752 thura]

173 2755 215 2787 In
227 2764 271 2795 eo
285 2759 411 2799 templo
423 2759 512 2800 quod
531 2760 592 2791 tihi
602 2761 872 2800 consecrabitur,

174 2806 252 2838 thus
268 2806 445 2847 plurimum
466 2810 667 2843 incendetur
685 2811 761 2852 tibi,
777 2811 871 2852 hym·

925 2219 1058 2252 nusque
1070 2209 1266 2242 cantabitur
1278 2207 1416 2240 musicis
1428 2207 1635 2240 instrumen-

927 2261 983 2294 tis.
1011 2270 1054 2292 ιι.
1071 2260 1139 2293 Od.
1156 2263 1208 2292 15.
1226 2265 1235 2278 ·
1250 2259 1349 2301 copia
1364 2258 1524 2291 narium!

969 2313 1011 2342 22
1033 2311 1201 2351 Lyroeque,
1215 2309 1286 2350 ⁸5⁶]
1310 2310 1401 2351 Lyra
1415 2308 1457 2340 ab
1475 2309 1633 2350 Apolline

926 2361 982 2392 vel
997 2359 1185 2399 Mercurio,
1201 2358 1318 2391 fistula
1341 2369 1361 2390 a
1384 2359 1492 2398 Pane,
1512 2359 1598 2391 tibia
1615 2369 1634 2390 a

926 2411 1066 2451 Marsya
1081 2409 1194 2442 fertur
1209 2409 1360 2441 inventa.
1399 2409 1442 2441 In
1459 2410 1634 2448 Berecyn-

927 2460 986 2492 tho
996 2470 1076 2492 vero
1084 2459 1246 2502 Phrygiae
1261 2464 1377 2491 moute
1390 2460 1506 2491 matris
1518 2460 1632 2490 Deum

925 2520 1024 2542 sacra
1035 2510 1300 2542 celebrabantur
1311 2510 1412 2541 variis
1425 2509 1633 2540 instrumen-

926 2560 981 2599 tis,
995 2561 1079 2592 tibia
1094 2560 1302 2601 praesertim,
1320 2569 1396 2601 quae
1413 2559 1492 2590 inde
1507 2568 1632 2599 cogno-

925 2621 1003 2643 men
1019 2611 1152 2642 habuit.
1196 2610 1285 2642 Vide
1308 2619 1332 2641 1.
1356 2609 1424 2640 Od.
1441 2611 1492 2641 16.
1517 2614 1554 2642 et
1581 2613 1630 2642 18.

926 2663 988 2694 sub
1004 2661 1130 2694 finem:
1155 2665 1190 2693 et
1206 2670 1263 2693 nr.
1281 2661 1350 2692 Od.
1366 2664 1415 2693 19.
1433 2664 1485 2693 18.
1502 2666 1537 2693 et
1555 2671 1628 2703 seq.

968 2715 1008 2744 25
1034 2712 1096 2744 Bis
1117 2711 1183 2751 die]
1207 2711 1310 2742 Mane
1333 2718 1370 2742 et
1393 2711 1527 2752 vesperi
1553 2716 1629 2743 tuas

925 2761 1042 2794 laudes
1057 2765 1183 2794 canent
1198 2761 1208 2779 ¹
1222 2760 1318 2801 pueri
1331 2770 1406 2792 cum
1420 2762 1549 2793 teneris
1564 2762 1628 2793 vir-

925 2812 1083 2853 fiinibus.y
1107 2811 1195 2843 Vide
1210 2820 1235 2842 ι.
1251 2811 1318 2842 Od.
1336 2814 1388 2842 21.
1406 2811 1482 2843 init.
