1904 3256
568 285 842 318 CARMINUM
875 285 974 318 Lm.
1006 284 1072 315 ιν.
1103 273 1172 315 14.

1498 270 1583 312 631

359 381 594 435 Nilusque,
616 384 659 422 et
680 381 812 431 Ister,
833 384 875 422 te
896 379 1081 435 rapidus
1098 376 1262 432 Tigris,

411 448 478 489 Te
494 448 720 489 belluosus
736 449 810 501 qui
825 449 1011 490 remotis

468 512 693 568 Obstrepit
713 516 918 557 Oceanus
939 512 1178 562 Britannis,

133 627 231 659 Nilus
239 637 388 670 uquarum
398 627 619 667 scaturiginem
631 612 827 667 abscon'dens,
843 632 874 660 te
890 626 1066 666 Danubius,
1080 629 1112 657 tc
1124 625 1285 658 vehemens
1301 623 1420 664 Tigris,
1432 623 1475 655 Te
1487 623 1584 654 Ocea-

131 679 190 702 nus
202 671 316 703 belluas
327 673 460 703 educans
474 671 528 712 qui
543 671 697 710 separatis
721 671 889 702 Britannis
911 670 1132 709 obmurmurat,
1153 672 1183 700 te
1205 667 1293 707 regio
1318 666 1434 698 Gauioe
1455 668 1586 697 mortem

738 764 856 776 eeeeee

858 764 975 776 eeeeee

129 827 174 859 lat
187 827 436 868 originem—46
450 829 614 870 Nilusque,
631 832 662 860 te
678 829 763 861 Ister·
778 826 972 860 Helmstad.
988 837 1007 858 a
1022 837 1067 859 m.
1084 836 1152 858 sec.
1175 827 1261 858 Ister
1274 826 1461 867 rapidusque
1475 824 1586 864 Tigris

129 869 224 912 Lips.
239 873 270 902 3.
285 876 320 902 et
334 871 479 903 Mentel.
495 875 527 903 et
542 872 671 912 rapidus
692 871 799 910 Tigris
816 870 911 910 Lips.
926 873 959 902 4.
982 872 1014 902 te
1037 869 1178 910 trepidus
1195 869 1303 908 Tigris

1280 869 1287 876 ⁰
1326 868 1383 900 ed.
1406 868 1584 908 Grypu—

127 913 170 943 4⁷
195 912 238 943 Te
263 913 403 945 beluosus
427 914 544 945 Bentl.
571 914 716 952 Cuning.
734 911 870 945 Wakef.
893 916 929 943 et
945 911 1049 943 Kidd.
1095 911 1162 943 Sed
1184 911 1252 942 vid.
1276 911 1402 942 Cellar.
1418 909 1583 950 Orthogr.

128 954 207 986 Lat.
222 955 277 987 ed.
297 956 435 988 Harles.
457 961 541 988 tom.
558 965 582 988 1.
609 966 644 997 p.
662 959 736 988 188.
760 964 819 996 qua
845 954 972 985 remotio
993 954 1086 995 conj.
1110 954 1228 986 Bentl.
1271 953 1354 985 vid.
1370 953 1452 984 Var.
1470 952 1583 983 Lectt.

784 1040 926 1074 NO'rAE

169 1106 213 1136 46
237 1103 346 1145 Nilus]
372 1105 563 1146 Metonym.
591 1115 656 1147 pro
678 1104 828 1145 AEgypto

127 1154 296 1194 provicta,
324 1164 423 1195 quam
451 1156 542 1196 rigat
569 1161 607 1187 et
635 1154 827 1186 foecundam

127 1202 244 1234 reddit
255 1204 485 1235 exundatione
498 1214 557 1235 sua
568 1203 690 1235 fluvius
705 1205 762 1234 ille
774 1204 828 1234 vel

127 1253 199 1284 solo
218 1258 316 1284 notus
338 1254 485 1285 nomine.
531 1255 584 1285 De
600 1263 641 1284 eo
658 1254 756 1293 plura
771 1261 827 1284 ιη.

129 1301 199 1334 Od.
214 1305 246 1333 8.
262 1305 315 1334 48.
353 1303 500 1334 Fontium
514 1303 568 1343 qui
583 1303 662 1333 celae
678 1302 829 1341 origines.

127 1352 218 1384 Plin.
239 1352 297 1384 lib.
320 1362 352 1383 v.
381 1362 456 1392 cap.
479 1355 511 1384 9.
558 1354 568 1370 ‘
589 1352 689 1383 Nilus
718 1352 828 1382 incer-

127 1403 172 1433 tia
190 1405 284 1434 ortus
310 1401 484 1442 fontibus‚’
504 1403 568 1432 ὅτε.
613 1401 670 1432 lta
688 1399 828 1441 quidem

126 1455 276 1482 veteres:
299 1454 336 1482 at
348 1450 449 1482 modo
464 1454 658 1491 compertus
675 1454 727 1481 est
744 1449 827 1481 oriri

125 1499 257 1532 duobus
272 1509 291 1531 e
306 1498 457 1531 fontibus
481 1499 514 1530 in
530 1499 705 1540 AEthiopia
726 1508 824 1539 supe·

124 1549 204 1581 riori
220 1557 392 1590 regnoque
408 1548 676 1589 Abassenorum,
686 1548 720 1580 in
734 1552 826 1580 terra

124 1599 300 1640 stabula,
311 1599 403 1631 inter
417 1600 571 1631 excelsos
588 1606 742 1638 momen
766 1610 824 1632 au-

125 1652 226 1689 getur
236 1657 316 1680 vero
328 1648 472 1689 primum
484 1646 594 1680 fluviis
606 1648 728 1688 Gema,
740 1649 822 1680 Kel-

124 1699 166 1739 ti,
178 1698 312 1734 Branti‚
327 1698 467 1740 aliisque
484 1698 628 1730 subinde
643 1699 824 1739 compluri-

123 1748 199 1780 bus.
234 1747 288 1780 De
307 1748 378 1780 Nili
392 1748 527 1788 origine
542 1757 652 1789 nuper
666 1748 825 1780 disseruit

124 1798 258 1830 erudite
272 1798 411 1830 Isaacus
428 1797 589 1837 Vossius3
614 1807 746 1830 necnon
758 1798 824 1830 Mi-

123 1848 220 1880 chael
237 1847 318 1880 Ant.
334 1847 559 1879 Baudrandus
573 1848 607 1878 in
621 1857 680 1879 suo
696 1847 825 1879 Lexico

123 1907 185 1930 aen
200 1897 455 1930 Commentario
470 1896 511 1928 ad
534 1897 684 1938 Philipp.
705 1898 824 1929 Ferra-

123 1956 220 1980 rium.

167 1995 266 2036 Ister]
287 1995 355 2028 Seu
383 1994 570 2037 Danubius,
591 1994 714 2027 fluvius
735 1996 822 2028 Ger-

122 2046 244 2077 maniae
271 2046 448 2082 maximus,
475 2055 535 2086 per
562 2045 651 2076 ostia
676 2055 736 2076 sex
764 2052 823 2077 ant

125 2098 258 2136 septem
286 2095 319 2126 in
350 2096 520 2127 Euxinum
554 2105 648 2126 mare
681 2096 822 2128 labitur.

123 2143 296 2177 Ammian.
315 2145 473 2177 Marcell.
490 2145 638 2176 Ptolem.
654 2146 720 2176 &c.
761 2146 823 2186 Sy-

123 2194 224 2226 necd.
243 2204 306 2236 pro
321 2194 522 2235 Germania,
536 2203 635 2236 quam
657 2195 666 2212 ‘
681 2195 729 2226 sic
746 2205 823 2236 per-

123 2245 255 2278 domuit
269 2245 429 2277 Tiberius
448 2246 555 2284 Nero,
570 2250 608 2277 ut
626 2246 658 2277 in
681 2245 821 2278 formam

122 2303 222 2336 paene
236 2294 466 2335 stipendiariae
493 2295 663 2334 redigeret
686 2297 822 2336 provin·

122 2344 209 2376 ciae:
232 2354 338 2386 quare
352 2349 423 2376 tum
439 2345 526 2376 alter
541 2345 730 2387 triumphus
744 2356 821 2379 cum

122 2394 231 2426 altero
246 2395 424 2426 consulatu
442 2395 472 2426 ei
488 2395 619 2427 oblatus
634 2395 708 2427 est!
732 2397 820 2429 Vell.

121 2442 263 2476 Patere.
281 2445 341 2478 lib.
356 2445 478 2486 rujam
497 2454 590 2486 saepe
606 2446 724 2478 citato.
758 2448 824 2478 Vel

121 2493 236 2533 potius
258 2494 472 2535 intelligendi
493 2499 573 2527 sunt
597 2496 743 2536 provicti
765 2507 824 2538 po-

122 2543 194 2582 puli
211 2543 254 2574 ad
269 2544 394 2576 Istrum
412 2554 530 2586 usque,
545 2545 680 2578 scilicet
695 2547 826 2579 Vinde-

122 2590 194 2632 lici,
206 2593 387 2633 Pannonii‚
401 2596 501 2635 Daci,
516 2598 580 2627 &c-

166 2641 307 2683 Rapidus
319 2645 440 2685 Tigris]
466 2644 500 2677 Is
512 2646 684 2678 Armeniae
701 2645 824 2678 fluvius

126 2689 234 2721 oritur
256 2702 275 2723 e
297 2695 468 2726 montibus
491 2694 654 2736 Ararath,
671 2696 825 2737 Euphra-

126 2742 195 2769 tem
209 2741 342 2781 recipit,
352 2743 385 2775 in
398 2744 507 2777 sinum
522 2745 699 2778 Persicum
715 2745 822 2778 effun-

126 2787 230 2821 ditur.
267 2789 378 2830 Supra
391 2801 508 2825 omnes
526 2794 617 2828 Asiae
633 2794 755 2828 fluvios
771 2807 822 2829 ra-

882 1103 996 1144 pidus,
1014 1112 1138 1135 nomen
1164 1103 1313 1144 adeptus
1337 1106 1411 1141 est;
1437 1110 1478 1133 eo
1493 1100 1585 1143 quod

882 1157 952 1184 tam
968 1153 1068 1184 velox
1090 1162 1166 1184 esse
1186 1151 1345 1183 videatur
1360 1161 1461 1193 quam
1478 1150 1586 1191 sagit-

883 1207 931 1241 ta,
942 1212 1017 1243 quae
1031 1202 1129 1242 tigris
1141 1202 1335 1243 appellatur
1345 1201 1436 1242 apud
1452 1200 1586 1232 Medos.

881 1251 971 1282 Vide
987 1252 1078 1283 Plin.
1095 1260 1145 1284 V1.
1159 1253 1214 1282 27.
1259 1251 1371 1282 Porro
1388 1250 1586 1291 judicantur

881 1300 937 1331 hic
956 1300 1086 1340 Parthi,
1101 1300 1157 1342 qui
1173 1300 1349 1340 Armenia,
1363 1310 1464 1342 quam
1489 1304 1586 1331 tene-

879 1349 976 1389 bant,
989 1350 1147 1390 Augusto
1154 1350 1304 1391 jubente
1315 1353 1508 1388 cesserunt,
1522 1349 1585 1380 im-

877 1408 932 1430 mo
950 1399 1046 1439 signa
1062 1399 1162 1430 victis
1174 1399 1335 1430 Romanis
1351 1403 1472 1438 erepta
1490 1399 1584 1430 ultro

879 1448 1100 1488 remiserunt,
1111 1452 1148 1479 ut
1164 1448 1291 1480 dictum
1309 1453 1374 1487 est,
1391 1457 1449 1479 ιιι.
1466 1447 1535 1479 Od.
1551 1451 1583 1479 5.

920 1500 961 1529 47
989 1497 1032 1530 Te
1054 1498 1207 1530 belluam
1231 1498 1300 1538 qui,
1325 1497 1395 1538 Qun]
1421 1497 1584 1529 Oceanus

876 1546 1097 1579 Britannicus
1118 1557 1179 1588 pro
1202 1547 1278 1589 ipsa
1300 1547 1484 1579 Britannia
1507 1547 1584 1578 Ma-

871 1596 964 1638 jore,
978 1607 1053 1639 quae
1080 1597 1181 1629 modo
1205 1597 1329 1638 Anglia
1351 1601 1582 1638 nuncupatur.

878 1646 969 1678 Nam
992 1646 1034 1678 ab
1054 1647 1155 1688 hujus
1171 1647 1291 1679 insulae
1315 1647 1522 1688 primoribus
1540 1647 1582 1678 ad

878 1695 1070 1735 Angustum
1094 1697 1204 1728 missae
1229 1701 1310 1728 sunt
1329 1697 1522 1737 legationes
1540 1697 1584 1728 ad

879 1746 1064 1777 amicitiam
1080 1746 1155 1787 ejus
1170 1746 1424 1787 deposcendam
1439 1758 1447 1779 ε
1471 1752 1510 1778 ut
1526 1756 1584 1779 an-

879 1796 1009 1835 notavi,
1025 1795 1067 1827 ad
1084 1805 1141 1827 111.
1158 1796 1227 1828 Od.
1245 1800 1277 1828 5.

921 1845 1102 1887 Belluosua]
1129 1847 1265 1879 Novum
1287 1847 1495 1888 epithetum,
1521 1846 1582 1879 sed

879 1897 1112 1937 aptissimum:
1138 1895 1228 1936 quod
1246 1901 1284 1928 ut
1307 1897 1491 1938 intelligas,
1513 1899 1581 1930 lec-

878 1951 945 1986 tor,
968 1947 1105 1978 consule
1130 1946 1292 1987 Plinium,
1316 1956 1367 1978 rx.
1391 1952 1423 1979 5.
1451 1948 1508 1978 ubi
1534 1949 1582 1979 sic

876 1996 1002 2028 habet:
1028 1996 1038 2013 ‘
1056 1996 1104 2027 D.
1122 1995 1280 2036 Augusto
1304 1997 1436 2037 legatus
1456 1996 1581 2029 Galliae

877 2046 1026 2087 scripsit,
1052 2046 1246 2087 complures
1274 2047 1307 2077 in
1331 2047 1449 2078 littore
1476 2057 1581 2088 appa-

878 2105 953 2128 rere
984 2096 1157 2127 exanimes
1195 2095 1364 2128 Nereidas
1378 2120 1386 2128 .
1399 2120 1407 2128 .
1420 2096 1581 2130 ‚Tiberio

877 2145 1042 2188 Principe
1055 2151 1176 2178 contra
1185 2146 1283 2178 littus
1296 2147 1480 2178 insularum
1494 2146 1583 2187 Lng-

876 2196 1037 2228 dunensis
1064 2197 1247 2237 provinciae
1274 2197 1403 2228 belluas
1436 2197 1581 2238 amplius

876 2250 1048 2279 trecentas
1064 2247 1163 2279 simul
1188 2247 1407 2287 reciprocans
1424 2246 1583 2278 destituit

876 2297 1051 2338 Oceanus,
1066 2298 1161 2330 mirae
1186 2297 1360 2329 varietatis
1387 2302 1424 2329 et
1448 2297 1579 2338 magni-

877 2347 1025 2379 tudinis:
1050 2356 1114 2379 nec
1131 2347 1309 2387 pauciores
1333 2348 1367 2378 in
1390 2348 1578 2378 Santonum

875 2399 992 2432 littore
1003 2411 1014 2440 3
1035 2400 1191 2442 interque
1205 2400 1368 2441 reliquas,
1379 2400 1580 2439 elephantos

874 2454 910 2482 et
950 2450 1330 2491 arietes...expulsan1
1365 2449 1511 2479 bellnam
1545 2447 1578 2478 in

872 2501 993 2532 littora
1023 2500 1212 2539 Gaditana,
1248 2499 1344 2539 cujus
1375 2499 1463 2528 inter
1494 2497 1579 2527 duas

874 2551 996 2590 pinnas
1020 2550 1148 2581 ultimae
1174 2549 1293 2580 caudae
1321 2547 1438 2578 cubita
1458 2546 1582 2578 sexde-

874 2599 939 2629 cim
960 2597 1118 2636 fuissent,
1134 2597 1254 2628 dentes
1271 2597 1421 2637 ejusdem
1443 2601 1579 2628 centum

876 2654 912 2680 et
936 2647 1069 2687 viginti,
1084 2647 1222 2678 maximi
1246 2646 1462 2678 dodrantium
1486 2656 1581 2678 meu-

875 2708 967 2734 sura,
981 2697 1109 2729 minimi
1125 2697 1345 2738 semipedum.
1366 2696 1511 2737 Belluae,
1525 2697 1580 2728 cui

876 2748 1056 2780 dicebatur
1067 2747 1224 2788 exposita
1235 2746 1338 2778 fuisse
1350 2745 1583 2786 Andromeda,

877 2808 953 2830 ossa
970 2799 1087 2830 Romae
1111 2798 1294 2838 apportata
1316 2804 1359 2826 ex
1375 2796 1504 2837 oppido
1518 2796 1583 2828 Ju-
