1956 3236
637 300 915 332 sannionum
953 299 1046 329 ma.
1079 299 1109 327 1.
1137 288 1180 328 4.

181 400 251 441 Ex
273 399 396 441 vitiis
413 410 566 448 unum;
599 396 672 437 cui
695 396 735 437 si
752 394 994 437 concedere
1014 394 1143 442 nolis,

1536 282 1629 327 837

1486 451 1489 455 Δ
1545 391 1630 432 140

181 467 326 509 Multa
341 465 581 508 Poetarum
599 464 751 504 veniat
770 474 943 511 manus,
964 461 1134 502 auxilio
1155 473 1256 514 quae

182 535 251 577 Sit
270 533 392 582 mihi,
411 531 532 587 (nam
553 530 695 571 multo
713 529 866 583 plures
886 525 1080 581 sumus,)
1100 540 1153 568 ac
1174 526 1312 569 veluti
1333 529 1376 567 te

181 602 211 644 J
213 601 331 644 udaei
350 612 556 658 cogemus
575 599 621 639 in
639 598 753 638 hanc
776 596 1018 638 concedere
1039 595 1226 636 turbam.

180 733 270 765 vitiis
292 734 356 765 iuis
374 733 546 764 minoribus
556 742 568 769 ;
591 732 642 763 cui
659 731 688 763 si
703 730 824 762 veniam
849 730 993 768 deneges,
1009 738 1125 767 magna
1145 729 1307 769 poetarum
1327 727 1492 759 multitudo
1505 725 1630 756 accedat

180 785 266 816 opem
278 776 356 807 nzihi
377 777 490 814 latura,
510 775 695 815 (complures
709 774 792 804 enim
806 772 943 813 sumus)
958 775 1049 812 teque
1061 772 1101 802 ad
1121 771 1356 803 multitudinem
1378 771 1464 801 illam
1479 772 1510 800 te
1522 767 1634 808 adjun-

178 827 264 859 gere,
278 822 422 860 tunquam
435 818 555 857 Judoei,
569 818 792 858 compellemus.

791 919 1030 932 meeueeaeo

181 999 191 1016 ‘
206 998 317 1030 Totus
339 999 394 1030 hic
409 999 504 1031 locus
520 999 562 1030 ad
576 999 666 1030 hunc
680 997 815 1030 modurn
832 997 996 1030 constitui
1019 996 1143 1027 debet:
1168 995 1218 1026 cui
1237 996 1265 1026 si
1278 1005 1304 1027 c.
1317 995 1411 1030 noles,
1422 993 1471 1024 M.
1484 1003 1508 1034 p

732 1040 780 1072 At
795 1041 910 1072 Editio
926 1041 1035 1080 prima
1049 1039 1187 1070 Veneta
1202 1047 1278 1069 cum
1298 1036 1475 1068 codicibus
1490 1035 1634 1075 aliquot,

180 1051 300 1081 manus,
315 1042 435 1073 auxilio
448 1052 518 1082 (μω
529 1042 582 1073 Sit
596 1041 685 1072 mihi.

1510 1012 1517 1022 .
1533 990 1634 1022 veniet

179 1084 355 1125 miliaque
367 1095 378 1115 .-
401 1085 535 1115 Veneta
545 1085 654 1114 altera
662 1093 739 1114 cum
754 1083 966 1114 Locberiana
981 1082 1203 1122 auxiliumque.
1246 1080 1314 1112 Ubi
1329 1084 1441 1110 autem
1455 1087 1514 1118 que
1529 1077 1636 1108 semel

181 1125 362 1157 admissum
375 1131 427 1156 est
440 1127 514 1157 loco
529 1136 617 1166 (μσς
641 1125 794 1157 restabat
810 1130 847 1157 ut
858 1126 963 1157 venunt
975 1130 1212 1164 reponeretur,
1226 1132 1292 1164 quo
1309 1122 1423 1162 aptius
1434 1120 1636 1151 conveniret

181 1177 258 1199 cum
279 1169 334 1199 sit.
383 1168 494 1199 Veniet
510 1173 623 1199 tamen
645 1172 740 1199 recte
767 1167 913 1198 babetur
930 1167 963 1198 in
980 1166 1250 1204 anichemiano,
1268 1169 1304 1196 et
1327 1174 1392 1195 uno
1419 1161 1635 1194 Bersmanni.

188 1210 299 1241 Veniet
314 1220 430 1241 manus
448 1210 623 1250 poetarum
640 1214 676 1241 et
695 1219 848 1249 cogemus.
892 1209 929 1241 Si
954 1210 1057 1240 veniat
1074 1209 1214 1247 retines,
1229 1208 1347 1248 utique
1362 1205 1545 1237 dicendum
1569 1205 1636 1235 erit

181 1252 349 1291 cogamus!
374 1253 487 1283 Bentl.
503 1253 607 1284 veniet
623 1252 802 1284 Lachman.
825 1251 868 1283 ad
893 1252 1055 1291 Propert.
1071 1260 1111 1282 ¹1.
1137 1253 1168 1282 4.
1184 1253 1236 1282 ls.
1259 1249 1438 1289 auxilioque
1453 1247 1573 1279 Lamb.
1599 1251 1637 1278 et

183 1294 329 1326 Cbabor.
353 1295 364 1312 ‘
383 1295 494 1335 Magis
517 1295 633 1335 placet
656 1295 733 1325 mibi
747 1295 827 1325 nolis
841 1299 877 1326 et
894 1295 1000 1325 veniat
1014 1295 1113 1325 modo
1129 1293 1200 1324 dici
1223 1292 1425 1330 dubitativo,
1441 1300 1540 1332 qnam
1558 1298 1636 1319 cum

182 1336 340 1368 Bentleio
354 1339 437 1368 noles
451 1343 487 1368 et
503 1338 606 1368 veniet
625 1337 827 1368 Indicativo.
874 1337 1040 1378 Loquitur
1063 1335 1153 1368 enim
1169 1340 1331 1376 tanquam
1354 1333 1397 1364 de
1414 1343 1450 1364 re
1467 1330 1637 1374 probabili

182 1383 285 1420 atque
298 1379 482 1418 verisimili,
493 1380 652 1410 minando
669 1377 827 1410 tantum!
847 1379 948 1410 Baxt.

835 1480 980 1513 NOTAE

180 1556 328 1598 gendum
350 1557 571 1597 contendunt,
588 1556 776 1598 malvarum)
789 1556 799 1575 ‘
810 1557 877 1598 pri-

178 1616 233 1638 mo
246 1607 475 1648 scriptitatum
493 1618 502 1639 ε
527 1607 650 1639 deinde
665 1607 876 1649 quarundam

178 1659 336 1691 arborum
361 1659 502 1699 libris3’
525 1659 558 1690 id
587 1664 653 1698 est,
680 1658 876 1698 corticibus,

178 1709 233 1740 vel
257 1709 383 1750 potius,
406 1710 527 1740 tunicis
547 1709 711 1740 corticem
736 1709 826 1739 iuter
841 1713 878 1739 et

177 1758 303 1800 lignum
328 1759 574 1791 subtilioribus.
597 1759 607 1777 ‘
621 1759 749 1790 Postea
762 1767 878 1789 monu-

177 1814 293 1842 menta
308 1810 445 1851 publica
461 1809 630 1850 plumbeis
641 1807 879 1848 voluminibus,

177 1871 256 1893 mox
271 1866 307 1893 ct
325 1862 462 1902 privata
476 1861 591 1892 linteis
607 1859 729 1891 confici
753 1864 878 1899 coepta,

177 1917 235 1944 ant
251 1912 360 1944 ceris.’
403 1912 542 1943 Linteos
557 1911 659 1942 libros
675 1918 877 1941 commemo·

178 1967 232 1994 rat
265 1963 394 2002 Livius,
427 1962 485 1994 lib.
518 1970 570 1993 w.
607 1964 616 1979 ‘
632 1959 878 2001 supprimente

178 2011 312 2043 chartas
326 2012 529 2050 Ptolemaeo,
545 2011 636 2042 idem
648 2011 759 2041 Varro
774 2018 878 2040 mem-

178 2060 300 2092 branas
309 2061 470 2102 Pergami
482 2061 589 2092 tradit
599 2064 765 2100 repertas.
779 2059 878 2090 Post-

180 2120 221 2142 ea
246 2111 437 2152 promiscue
471 2110 582 2151 patuit
607 2118 688 2140 usus
719 2108 780 2143 rei,
813 2116 879 2148 qua

179 2165 316 2194 constat
329 2160 568 2192 immortalitas
579 2157 776 2190 hominum.'
787 2158 878 2189 Plin.

180 2221 264 2245 xm.
281 2214 333 2244 11.
351 2215 387 2243 et
399 2214 451 2243 12.

221 2263 284 2294 142
309 2261 414 2292 Multo
445 2261 549 2302 plures
582 2258 702 2299 sumus]
740 2257 878 2290 Iudicat

179 2310 340 2352 plurimos
355 2314 435 2341 tuuc
453 2308 558 2340 fnisse
573 2309 630 2350 qui
647 2317 760 2339 versus
776 2306 878 2339 facti-

177 2364 303 2394 tarent.
348 2360 424 2391 Hos
446 2366 561 2391 autem
581 2359 705 2390 callide
730 2358 879 2398 vellicat,

178 2410 267 2453 quod
283 2421 320 2443 se
349 2410 359 2427 ‘
373 2415 535 2451 putarent
555 2419 628 2440 esse
652 2408 785 2450 poetas,
806 2417 877 2439 ser-

178 2460 268 2491 moni
283 2460 445 2502 propiora
469 2459 672 2498 scribentes,
687 2459 741 2489 vel
757 2458 790 2488 in
808 2466 876 2488 uno

181 2514 310 2544 nantes
333 2511 421 2554 pede
438 2511 446 2524 ’
477 2511 604 2550 multa3
642 2514 651 2528 ‘
665 2508 874 2542 concludere

932 1566 1064 1588 versum
1095 1557 1258 1598 purisque
1284 1555 1418 1587 verbis'
1448 1559 1636 1587 contexere

932 1607 1015 1638 satis
1031 1616 1119 1646 esse,
1134 1606 1379 1638 existimantes.

981 1657 1088 1688 Veluti
1100 1655 1225 1696 Judaei]
1249 1656 1297 1687 Hi
1314 1654 1378 1686 sub
1393 1654 1552 1694 Augusto
1569 1654 1636 1684 Ro-

933 1716 996 1738 mae
1034 1715 1158 1747 magno
1191 1714 1333 1737 numero
1363 1704 1561 1744 degeban13
1599 1707 1638 1735 et

933 1765 1162 1798 quoscumque
1188 1759 1351 1797 poterant
1376 1753 1419 1784 ad
1446 1763 1524 1784 suos
1548 1753 1636 1784 ritus

932 1817 1094 1848 suamque
1111 1806 1311 1847 religionem
1328 1804 1530 1845 pertrahere
1546 1807 1635 1834 sata-

932 1857 1070 1898 gebant.
1093 1857 1172 1888 Huc
1187 1855 1339 1896 pertinet
1353 1853 1445 1895 quod
1460 1852 1508 1883 ait
1520 1851 1635 1884 Chris-

933 1912 987 1938 tus
998 1907 1126 1938 Matth.
1138 1914 1251 1937 xxm.
1263 1908 1317 1937 15.
1340 1908 1349 1922 ‘
1361 1904 1424 1935 Vae
1438 1902 1532 1933 vobis
1544 1902 1635 1933 Scri-

931 1956 984 1988 bae
1002 1961 1038 1988 et
1054 1956 1234 1995 Pharisaei,
1248 1953 1460 1995 hypocritae;
1476 1953 1556 1994 quia
1568 1953 1635 1984 cir-

931 2007 1032 2040 cuitis
1070 2016 1164 2038 mare
1199 2010 1236 2037 et
1263 2005 1392 2036 aridam
1429 2007 1469 2035 nt
1499 2001 1635 2034 faciatis

931 2066 1033 2088 unum
1050 2056 1258 2097 proselytum
1271 2065 1281 2093 ;
1302 2059 1338 2085 et
1353 2063 1431 2086 cum
1446 2052 1551 2084 fuerit
1563 2051 1635 2083 fac-

933 2110 1000 2145 tus,
1013 2105 1129 2138 facitis
1143 2115 1220 2137 eum
1232 2104 1338 2136 filium
1352 2104 1516 2145 gehennae
1530 2102 1635 2143 duplo

933 2166 1031 2199 quam
1049 2156 1132 2188 vos!

974 2210 1036 2239 14³
1061 2207 1100 2238 In
1114 2207 1194 2238 hunc
1207 2207 1369 2238 concedere
1383 2204 1522 2245 turbam]
1536 2204 1635 2235 Inter

932 2257 1052 2298 poetas
1068 2266 1191 2289 nomen
1214 2257 1308 2297 dare,
1330 2266 1407 2288 cum
1433 2260 1485 2287 tot
1500 2255 1574 2286 aliis
1590 2254 1634 2285 ad

932 2308 1086 2339 carmina
1117 2306 1362 2348 perscribenda
1395 2306 1542 2337 animum
1573 2314 1633 2345 ap-

933 2357 1072 2398 pellere,
1094 2357 1224 2388 etiamsi
1247 2357 1433 2388 reluctetur
1454 2355 1635 2392 Minerva;

932 2411 991 2438 ant
1007 2407 1154 2438 tolerare
1176 2406 1298 2438 saltem
1322 2415 1362 2437 ac
1382 2405 1529 2446 probare
1555 2403 1635 2433 scri-

931 2456 1063 2489 bentes.
