<?xml version="1.0" encoding="UTF-8"?>
<!DOCTYPE html PUBLIC "-//W3C//DTD XHTML 1.0 Transitional//EN"
    "http://www.w3.org/TR/xhtml1/DTD/xhtml1-transitional.dtd">
<html xmlns="http://www.w3.org/1999/xhtml" xml:lang="en" lang="en">
 <head>
  <title>
</title>
<meta http-equiv="Content-Type" content="text/html;charset=utf-8" />
  <meta name='ocr-system' content='tesseract 3.04.00' />
  <meta name='ocr-capabilities' content='ocr_page ocr_carea ocr_par ocr_line ocrx_word'/>
</head>
<body>
  <div class='ocr_page' id='page_1' title='image "./operazeune02horauoft_0213.png"; bbox 0 0 1904 3256; ppageno 0'>
   <div class='ocr_carea' id='block_1_1' title="bbox 733 333 878 377">
    <p class='ocr_par' dir='ltr' id='par_1_1' title="bbox 733 333 878 377">
     <span class='ocr_line' id='line_1_1' title="bbox 733 333 878 377; baseline 0.007 -2"><span class='ocrx_word' id='word_1_1' title='bbox 733 334 736 335; x_wconf 46' lang='lat'><em>⁷</em></span> <span class='ocrx_word' id='word_1_2' title='bbox 791 333 878 377; x_wconf 79' lang='lat'><strong>753</strong></span> 
     </span>
    </p>
   </div>
   <div class='ocr_carea' id='block_1_2' title="bbox 177 634 1498 682">
    <p class='ocr_par' dir='ltr' id='par_1_2' title="bbox 177 634 1498 682">
     <span class='ocr_line' id='line_1_2' title="bbox 177 634 1498 682; baseline 0 0"><span class='ocrx_word' id='word_1_3' title='bbox 177 637 519 682; x_wconf 86' lang='lat' dir='ltr'><strong>APPENDIX</strong></span> <span class='ocrx_word' id='word_1_4' title='bbox 550 634 639 679; x_wconf 92' lang='lat' dir='ltr'><strong>AD</strong></span> <span class='ocrx_word' id='word_1_5' title='bbox 671 635 963 679; x_wconf 87' lang='lat' dir='ltr'><strong>NOSTRAS</strong></span> <span class='ocrx_word' id='word_1_6' title='bbox 993 634 1498 682; x_wconf 83' lang='lat' dir='ltr'><strong>ANNOTATIONES</strong></span> 
     </span>
    </p>
   </div>
   <div class='ocr_carea' id='block_1_3' title="bbox 281 751 1410 787">
    <p class='ocr_par' dir='ltr' id='par_1_3' title="bbox 281 751 1410 787">
     <span class='ocr_line' id='line_1_3' title="bbox 281 751 1410 787; baseline 0 -1"><span class='ocrx_word' id='word_1_7' title='bbox 281 753 339 786; x_wconf 78' lang='lat' dir='ltr'><strong>IN</strong></span> <span class='ocrx_word' id='word_1_8' title='bbox 363 752 537 786; x_wconf 74' lang='lat' dir='ltr'>LIBROS</span> <span class='ocrx_word' id='word_1_9' title='bbox 561 751 772 786; x_wconf 84' lang='lat' dir='ltr'>ODARUM</span> <span class='ocrx_word' id='word_1_10' title='bbox 792 753 884 786; x_wconf 81' lang='lat' dir='ltr'><strong>SEU</strong></span> <span class='ocrx_word' id='word_1_11' title='bbox 906 752 1171 785; x_wconf 87' lang='lat' dir='ltr'>CARMINUM</span> <span class='ocrx_word' id='word_1_12' title='bbox 1194 752 1410 787; x_wconf 72' lang='lat' dir='ltr'><strong>HORATH.</strong></span> 
     </span>
    </p>
   </div>
   <div class='ocr_carea' id='block_1_4' title="bbox 121 839 1577 2105">
    <p class='ocr_par' dir='ltr' id='par_1_4' title="bbox 121 839 1576 1569">
     <span class='ocr_line' id='line_1_4' title="bbox 123 839 1568 897; baseline 0 -9"><span class='ocrx_word' id='word_1_13' title='bbox 123 839 320 894; x_wconf 73' lang='lat' dir='ltr'><strong>Quomnt</strong></span> <span class='ocrx_word' id='word_1_14' title='bbox 335 855 507 897; x_wconf 84' lang='lat' dir='ltr'><strong>plerisque</strong></span> <span class='ocrx_word' id='word_1_15' title='bbox 522 855 603 886; x_wconf 85' lang='lat' dir='ltr'><strong>locis</strong></span> <span class='ocrx_word' id='word_1_16' title='bbox 617 855 788 887; x_wconf 83' lang='lat' dir='ltr'><strong>attulimus</strong></span> <span class='ocrx_word' id='word_1_17' title='bbox 801 855 886 888; x_wconf 81' lang='lat' dir='ltr'><strong>Julii</strong></span> <span class='ocrx_word' id='word_1_18' title='bbox 903 854 1046 886; x_wconf 83' lang='lat' dir='ltr'><strong>Caesaris</strong></span> <span class='ocrx_word' id='word_1_19' title='bbox 1066 854 1232 895; x_wconf 83' lang='lat' dir='ltr'><strong>scaligeri</strong></span> <span class='ocrx_word' id='word_1_20' title='bbox 1245 855 1426 897; x_wconf 55' lang='lat' dir='ltr'><strong>Censura,</strong></span> <span class='ocrx_word' id='word_1_21' title='bbox 1440 858 1478 887; x_wconf 87' lang='lat' dir='ltr'><strong>et</strong></span> <span class='ocrx_word' id='word_1_22' title='bbox 1491 863 1568 897; x_wconf 76' lang='lat' dir='ltr'><strong>gra-</strong></span> 
     </span>
     <span class='ocr_line' id='line_1_5' title="bbox 122 906 1570 949; baseline 0.001 -10"><span class='ocrx_word' id='word_1_23' title='bbox 122 917 164 938; x_wconf 79' lang='lat' dir='ltr'><strong>ve</strong></span> <span class='ocrx_word' id='word_1_24' title='bbox 178 912 233 939; x_wconf 70' lang='lat' dir='ltr'><strong>est</strong></span> <span class='ocrx_word' id='word_1_25' title='bbox 247 917 268 939; x_wconf 71' lang='lat' dir='ltr'><strong>a</strong></span> <span class='ocrx_word' id='word_1_26' title='bbox 279 911 377 939; x_wconf 84' lang='lat' dir='ltr'><strong>tanto</strong></span> <span class='ocrx_word' id='word_1_27' title='bbox 392 907 465 939; x_wconf 81' lang='lat' dir='ltr'><strong>viro</strong></span> <span class='ocrx_word' id='word_1_28' title='bbox 477 908 608 946; x_wconf 81' lang='lat' dir='ltr'><strong>notari3</strong></span> <span class='ocrx_word' id='word_1_29' title='bbox 633 917 677 939; x_wconf 90' lang='lat' dir='ltr'><strong>ne</strong></span> <span class='ocrx_word' id='word_1_30' title='bbox 693 908 766 949; x_wconf 90' lang='lat' dir='ltr'><strong>quis</strong></span> <span class='ocrx_word' id='word_1_31' title='bbox 781 907 825 939; x_wconf 91' lang='lat' dir='ltr'><strong>ob</strong></span> <span class='ocrx_word' id='word_1_32' title='bbox 841 907 875 938; x_wconf 85' lang='lat' dir='ltr'><strong>id</strong></span> <span class='ocrx_word' id='word_1_33' title='bbox 890 906 1038 938; x_wconf 81' lang='lat' dir='ltr'><strong>fortasse</strong></span> <span class='ocrx_word' id='word_1_34' title='bbox 1054 907 1107 938; x_wconf 82' lang='lat' dir='ltr'><strong>vel</strong></span> <span class='ocrx_word' id='word_1_35' title='bbox 1124 908 1305 949; x_wconf 82' lang='lat' dir='ltr'><strong>quiequam</strong></span> <span class='ocrx_word' id='word_1_36' title='bbox 1322 907 1570 940; x_wconf 82' lang='lat' dir='ltr'><strong>detrahendum</strong></span> 
     </span>
     <span class='ocr_line' id='line_1_6' title="bbox 121 959 1572 1002; baseline 0 -10"><span class='ocrx_word' id='word_1_37' title='bbox 121 959 310 992; x_wconf 77' lang='lat' dir='ltr'><strong>arbitretur</strong></span> <span class='ocrx_word' id='word_1_38' title='bbox 329 959 373 992; x_wconf 86' lang='lat' dir='ltr'><strong>de</strong></span> <span class='ocrx_word' id='word_1_39' title='bbox 395 969 526 992; x_wconf 83' lang='lat' dir='ltr'><strong>summa</strong></span> <span class='ocrx_word' id='word_1_40' title='bbox 540 960 652 1000; x_wconf 84' lang='lat' dir='ltr'><strong>laude,</strong></span> <span class='ocrx_word' id='word_1_41' title='bbox 667 970 765 1002; x_wconf 86' lang='lat' dir='ltr'><strong>quam</strong></span> <span class='ocrx_word' id='word_1_42' title='bbox 782 970 802 991; x_wconf 91' lang='lat' dir='ltr'><strong>a</strong></span> <span class='ocrx_word' id='word_1_43' title='bbox 818 963 870 991; x_wconf 91' lang='lat' dir='ltr'><strong>tot</strong></span> <span class='ocrx_word' id='word_1_44' title='bbox 886 959 1020 992; x_wconf 86' lang='lat' dir='ltr'><strong>saeculis</strong></span> <span class='ocrx_word' id='word_1_45' title='bbox 1036 965 1234 991; x_wconf 82' lang='lat' dir='ltr'><strong>meruerunt</strong></span> <span class='ocrx_word' id='word_1_46' title='bbox 1249 960 1337 992; x_wconf 83' lang='lat' dir='ltr'><strong>Odae</strong></span> <span class='ocrx_word' id='word_1_47' title='bbox 1353 960 1500 1000; x_wconf 84' lang='lat' dir='ltr'>Horatii,</span> <span class='ocrx_word' id='word_1_48' title='bbox 1511 965 1572 993; x_wconf 83' lang='lat' dir='ltr'><strong>aut</strong></span> 
     </span>
     <span class='ocr_line' id='line_1_7' title="bbox 123 1013 1571 1055; baseline -0.001 -10"><span class='ocrx_word' id='word_1_49' title='bbox 123 1017 252 1045; x_wconf 75' lang='lat' dir='ltr'><strong>temere</strong></span> <span class='ocrx_word' id='word_1_50' title='bbox 276 1013 396 1045; x_wconf 85' lang='lat' dir='ltr'><strong>credat</strong></span> <span class='ocrx_word' id='word_1_51' title='bbox 423 1013 634 1055; x_wconf 86' lang='lat' dir='ltr'><strong>Scaligerum</strong></span> <span class='ocrx_word' id='word_1_52' title='bbox 660 1014 752 1045; x_wconf 79' lang='lat' dir='ltr'><strong>velut</strong></span> <span class='ocrx_word' id='word_1_53' title='bbox 774 1013 919 1055; x_wconf 83' lang='lat' dir='ltr'><strong>quadam</strong></span> <span class='ocrx_word' id='word_1_54' title='bbox 947 1013 1036 1044; x_wconf 81' lang='lat' dir='ltr'><strong>Zoili</strong></span> <span class='ocrx_word' id='word_1_55' title='bbox 1060 1013 1198 1044; x_wconf 81' lang='lat' dir='ltr'>vesania</span> <span class='ocrx_word' id='word_1_56' title='bbox 1219 1014 1385 1054; x_wconf 88' lang='lat' dir='ltr'><strong>percitum</strong></span> <span class='ocrx_word' id='word_1_57' title='bbox 1409 1013 1571 1045; x_wconf 84' lang='lat' dir='ltr'><strong>adversus</strong></span> 
     </span>
     <span class='ocr_line' id='line_1_8' title="bbox 123 1065 1574 1107; baseline 0 -10"><span class='ocrx_word' id='word_1_58' title='bbox 123 1065 323 1107; x_wconf 78' lang='lat' dir='ltr'><strong>Lyricorum</strong></span> <span class='ocrx_word' id='word_1_59' title='bbox 335 1066 533 1107; x_wconf 80' lang='lat' dir='ltr'><strong>Principem</strong></span> <span class='ocrx_word' id='word_1_60' title='bbox 546 1066 792 1098; x_wconf 68' lang='lat' dir='ltr'>debacchatum</span> <span class='ocrx_word' id='word_1_61' title='bbox 805 1075 894 1106; x_wconf 88' lang='lat' dir='ltr'><strong>esse,</strong></span> <span class='ocrx_word' id='word_1_62' title='bbox 908 1075 1023 1106; x_wconf 84' lang='lat' dir='ltr'><strong>operae</strong></span> <span class='ocrx_word' id='word_1_63' title='bbox 1040 1065 1187 1106; x_wconf 89' lang='lat' dir='ltr'><strong>pretium</strong></span> <span class='ocrx_word' id='word_1_64' title='bbox 1209 1065 1366 1096; x_wconf 84' lang='lat' dir='ltr'><strong>duximus</strong></span> <span class='ocrx_word' id='word_1_65' title='bbox 1380 1065 1436 1097; x_wconf 80' lang='lat' dir='ltr'><strong>hic</strong></span> <span class='ocrx_word' id='word_1_66' title='bbox 1447 1065 1574 1097; x_wconf 77' lang='lat' dir='ltr'><strong>descri-</strong></span> 
     </span>
     <span class='ocr_line' id='line_1_9' title="bbox 124 1117 1573 1160; baseline 0 -10"><span class='ocrx_word' id='word_1_67' title='bbox 124 1117 208 1150; x_wconf 75' lang='lat' dir='ltr'><strong>bere</strong></span> <span class='ocrx_word' id='word_1_68' title='bbox 223 1119 390 1160; x_wconf 80' lang='lat' dir='ltr'><strong>integram</strong></span> <span class='ocrx_word' id='word_1_69' title='bbox 405 1119 546 1151; x_wconf 88' lang='lat' dir='ltr'><strong>illustris</strong></span> <span class='ocrx_word' id='word_1_70' title='bbox 557 1118 793 1160; x_wconf 82' lang='lat' dir='ltr'><strong>Hypercriti&#39;ci</strong></span> <span class='ocrx_word' id='word_1_71' title='bbox 809 1118 1026 1157; x_wconf 85' lang='lat' dir='ltr'><strong>sententiam,</strong></span> <span class='ocrx_word' id='word_1_72' title='bbox 1041 1128 1108 1160; x_wconf 86' lang='lat' dir='ltr'><strong>qua</strong></span> <span class='ocrx_word' id='word_1_73' title='bbox 1118 1118 1245 1150; x_wconf 88' lang='lat' dir='ltr'><strong>nemini</strong></span> <span class='ocrx_word' id='word_1_74' title='bbox 1255 1117 1392 1150; x_wconf 88' lang='lat' dir='ltr'><strong>dubium</strong></span> <span class='ocrx_word' id='word_1_75' title='bbox 1407 1117 1573 1160; x_wconf 81' lang='lat' dir='ltr'><strong>relinqua-</strong></span> 
     </span>
     <span class='ocr_line' id='line_1_10' title="bbox 125 1171 1571 1214; baseline 0 -12"><span class='ocrx_word' id='word_1_76' title='bbox 125 1175 182 1202; x_wconf 87' lang='lat' dir='ltr'><strong>tur</strong></span> <span class='ocrx_word' id='word_1_77' title='bbox 195 1172 312 1214; x_wconf 78' lang='lat' dir='ltr'><strong>quanti</strong></span> <span class='ocrx_word' id='word_1_78' title='bbox 326 1172 401 1204; x_wconf 84' lang='lat' dir='ltr'><strong>illas</strong></span> <span class='ocrx_word' id='word_1_79' title='bbox 415 1172 490 1213; x_wconf 85' lang='lat' dir='ltr'><strong>ipse</strong></span> <span class='ocrx_word' id='word_1_80' title='bbox 506 1172 695 1204; x_wconf 78' lang='lat' dir='ltr'><strong>aestimarit.</strong></span> <span class='ocrx_word' id='word_1_81' title='bbox 748 1173 805 1204; x_wconf 90' lang='lat' dir='ltr'><strong>Sic</strong></span> <span class='ocrx_word' id='word_1_82' title='bbox 819 1171 923 1203; x_wconf 81' lang='lat' dir='ltr'><strong>habet</strong></span> <span class='ocrx_word' id='word_1_83' title='bbox 936 1171 1038 1203; x_wconf 68' lang='lat' dir='ltr'><strong>Po&#39;e‘t.</strong></span> <span class='ocrx_word' id='word_1_84' title='bbox 1053 1171 1114 1203; x_wconf 88' lang='lat' dir='ltr'><strong>lib.</strong></span> <span class='ocrx_word' id='word_1_85' title='bbox 1131 1180 1183 1203; x_wconf 90' lang='lat' dir='ltr'><strong>v1.</strong></span> <span class='ocrx_word' id='word_1_86' title='bbox 1206 1171 1216 1189; x_wconf 81' lang='lat'>⁴</span> <span class='ocrx_word' id='word_1_87' title='bbox 1230 1172 1294 1203; x_wconf 86' lang='lat' dir='ltr'><strong>Est</strong></span> <span class='ocrx_word' id='word_1_88' title='bbox 1320 1171 1486 1203; x_wconf 76' lang='lat' dir='ltr'><strong>Horatius</strong></span> <span class='ocrx_word' id='word_1_89' title='bbox 1500 1179 1571 1202; x_wconf 89' lang='lat' dir='ltr'><strong>om-</strong></span> 
     </span>
     <span class='ocr_line' id='line_1_11' title="bbox 127 1223 1574 1266; baseline 0 -12"><span class='ocrx_word' id='word_1_90' title='bbox 127 1223 222 1255; x_wconf 78' lang='lat' dir='ltr'><strong>nium</strong></span> <span class='ocrx_word' id='word_1_91' title='bbox 235 1224 430 1256; x_wconf 79' lang='lat' dir='ltr'><strong>Latinorum</strong></span> <span class='ocrx_word' id='word_1_92' title='bbox 445 1224 712 1266; x_wconf 67' lang='lat' dir='ltr'><strong>Graecorumque</strong></span> <span class='ocrx_word' id='word_1_93' title='bbox 738 1224 925 1256; x_wconf 64' lang='lat' dir='ltr'><strong>Poetarum</strong></span> <span class='ocrx_word' id='word_1_94' title='bbox 949 1224 1245 1256; x_wconf 83' lang='lat' dir='ltr'><strong>elaboratissimus.</strong></span> <span class='ocrx_word' id='word_1_95' title='bbox 1290 1223 1378 1256; x_wconf 85' lang='lat' dir='ltr'><strong>Nam</strong></span> <span class='ocrx_word' id='word_1_96' title='bbox 1393 1224 1428 1256; x_wconf 88' lang='lat' dir='ltr'><strong>in</strong></span> <span class='ocrx_word' id='word_1_97' title='bbox 1442 1223 1574 1265; x_wconf 79' lang='lat' dir='ltr'><strong>Lyricis</strong></span> 
     </span>
     <span class='ocr_line' id='line_1_12' title="bbox 127 1275 1575 1318; baseline 0 -11"><span class='ocrx_word' id='word_1_98' title='bbox 127 1283 228 1317; x_wconf 71' lang='lat' dir='ltr'><strong>quent</strong></span> <span class='ocrx_word' id='word_1_99' title='bbox 239 1284 371 1316; x_wconf 81' lang='lat' dir='ltr'><strong>sonum,</strong></span> <span class='ocrx_word' id='word_1_100' title='bbox 386 1285 470 1317; x_wconf 81' lang='lat' dir='ltr'><strong>quos</strong></span> <span class='ocrx_word' id='word_1_101' title='bbox 483 1285 654 1316; x_wconf 88' lang='lat' dir='ltr'><strong>numeros,</strong></span> <span class='ocrx_word' id='word_1_102' title='bbox 669 1285 768 1318; x_wconf 78' lang='lat' dir='ltr'><strong>quam</strong></span> <span class='ocrx_word' id='word_1_103' title='bbox 780 1276 996 1316; x_wconf 82' lang='lat' dir='ltr'><strong>majestatem</strong></span> <span class='ocrx_word' id='word_1_104' title='bbox 1008 1276 1177 1318; x_wconf 86' lang='lat' dir='ltr'><strong>quaesivit‚</strong></span> <span class='ocrx_word' id='word_1_105' title='bbox 1188 1277 1335 1309; x_wconf 80' lang='lat' dir='ltr'><strong>obtinuit</strong></span> <span class='ocrx_word' id='word_1_106' title='bbox 1348 1288 1356 1308; x_wconf 89' lang='lat'>:</span> <span class='ocrx_word' id='word_1_107' title='bbox 1373 1286 1448 1318; x_wconf 83' lang='lat' dir='ltr'><strong>quae</strong></span> <span class='ocrx_word' id='word_1_108' title='bbox 1461 1275 1575 1308; x_wconf 78' lang='lat' dir='ltr'><strong>omnia</strong></span> 
     </span>
     <span class='ocr_line' id='line_1_13' title="bbox 127 1328 1576 1371; baseline 0.001 -12"><span class='ocrx_word' id='word_1_109' title='bbox 127 1337 204 1360; x_wconf 77' lang='lat' dir='ltr'><strong>cum</strong></span> <span class='ocrx_word' id='word_1_110' title='bbox 219 1328 253 1359; x_wconf 86' lang='lat' dir='ltr'><strong>iu</strong></span> <span class='ocrx_word' id='word_1_111' title='bbox 269 1329 343 1360; x_wconf 85' lang='lat' dir='ltr'><strong>aliis</strong></span> <span class='ocrx_word' id='word_1_112' title='bbox 357 1329 510 1371; x_wconf 77' lang='lat' dir='ltr'><strong>neglexit</strong></span> <span class='ocrx_word' id='word_1_113' title='bbox 521 1329 692 1370; x_wconf 77' lang='lat' dir='ltr'><strong>operibus,</strong></span> <span class='ocrx_word' id='word_1_114' title='bbox 703 1329 816 1361; x_wconf 91' lang='lat' dir='ltr'><strong>omisit</strong></span> <span class='ocrx_word' id='word_1_115' title='bbox 826 1330 900 1360; x_wconf 91' lang='lat' dir='ltr'><strong>sine</strong></span> <span class='ocrx_word' id='word_1_116' title='bbox 910 1329 1027 1370; x_wconf 83' lang='lat' dir='ltr'><strong>gloriae</strong></span> <span class='ocrx_word' id='word_1_117' title='bbox 1043 1329 1245 1370; x_wconf 85' lang='lat' dir='ltr'><strong>dispendio:</strong></span> <span class='ocrx_word' id='word_1_118' title='bbox 1262 1338 1361 1371; x_wconf 88' lang='lat' dir='ltr'><strong>quam</strong></span> <span class='ocrx_word' id='word_1_119' title='bbox 1376 1329 1576 1370; x_wconf 88' lang='lat' dir='ltr'><strong>puritatem,</strong></span> 
     </span>
     <span class='ocr_line' id='line_1_14' title="bbox 129 1380 1575 1423; baseline 0.001 -11"><span class='ocrx_word' id='word_1_120' title='bbox 129 1381 346 1422; x_wconf 70' lang='lat' dir='ltr'><strong>elegantiam,</strong></span> <span class='ocrx_word' id='word_1_121' title='bbox 367 1387 585 1414; x_wconf 71' lang='lat' dir='ltr'>venustatem</span> <span class='ocrx_word' id='word_1_122' title='bbox 611 1382 646 1413; x_wconf 89' lang='lat' dir='ltr'><strong>in</strong></span> <span class='ocrx_word' id='word_1_123' title='bbox 670 1383 823 1423; x_wconf 83' lang='lat' dir='ltr'><strong>utrisque</strong></span> <span class='ocrx_word' id='word_1_124' title='bbox 846 1381 1007 1422; x_wconf 85' lang='lat' dir='ltr'><strong>appetiit,</strong></span> <span class='ocrx_word' id='word_1_125' title='bbox 1029 1385 1229 1413; x_wconf 84' lang='lat' dir='ltr'><strong>consecutus</strong></span> <span class='ocrx_word' id='word_1_126' title='bbox 1253 1380 1331 1412; x_wconf 70' lang='lat' dir='ltr'><strong>est!</strong></span> <span class='ocrx_word' id='word_1_127' title='bbox 1372 1382 1419 1413; x_wconf 86' lang='lat' dir='ltr'><strong>Et</strong></span> <span class='ocrx_word' id='word_1_128' title='bbox 1433 1386 1575 1423; x_wconf 85' lang='lat' dir='ltr'><strong>postea:</strong></span> 
     </span>
     <span class='ocr_line' id='line_1_15' title="bbox 126 1433 1575 1475; baseline 0.001 -10"><span class='ocrx_word' id='word_1_129' title='bbox 126 1434 136 1450; x_wconf 91' lang='lat'>‘</span> <span class='ocrx_word' id='word_1_130' title='bbox 149 1433 249 1466; x_wconf 80' lang='lat' dir='ltr'><strong>Nunc</strong></span> <span class='ocrx_word' id='word_1_131' title='bbox 273 1434 317 1465; x_wconf 82' lang='lat' dir='ltr'><strong>ad</strong></span> <span class='ocrx_word' id='word_1_132' title='bbox 341 1434 538 1474; x_wconf 66' lang='lat' dir='ltr'><strong>politissima</strong></span> <span class='ocrx_word' id='word_1_133' title='bbox 561 1434 636 1474; x_wconf 86' lang='lat' dir='ltr'><strong>ejus</strong></span> <span class='ocrx_word' id='word_1_134' title='bbox 659 1433 818 1464; x_wconf 84' lang='lat' dir='ltr'><strong>Carmina</strong></span> <span class='ocrx_word' id='word_1_135' title='bbox 844 1433 1108 1473; x_wconf 84' lang='lat' dir='ltr'><strong>contemplanda</strong></span> <span class='ocrx_word' id='word_1_136' title='bbox 1131 1436 1341 1464; x_wconf 81' lang='lat' dir='ltr'><strong>transeamus</strong></span> <span class='ocrx_word' id='word_1_137' title='bbox 1355 1443 1365 1464; x_wconf 74' lang='lat' dir='ltr'><strong><em>z</em></strong></span> <span class='ocrx_word' id='word_1_138' title='bbox 1391 1434 1426 1464; x_wconf 91' lang='lat' dir='ltr'><strong>in</strong></span> <span class='ocrx_word' id='word_1_139' title='bbox 1453 1434 1575 1475; x_wconf 81' lang='lat' dir='ltr'><strong>quibus</strong></span> 
     </span>
     <span class='ocr_line' id='line_1_16' title="bbox 129 1484 1574 1528; baseline 0.001 -11"><span class='ocrx_word' id='word_1_140' title='bbox 129 1485 382 1518; x_wconf 73' lang='lat' dir='ltr'><strong>considerandis</strong></span> <span class='ocrx_word' id='word_1_141' title='bbox 411 1486 520 1526; x_wconf 86' lang='lat' dir='ltr'><strong>maj0r</strong></span> <span class='ocrx_word' id='word_1_142' title='bbox 549 1484 658 1516; x_wconf 86' lang='lat' dir='ltr'><strong>laudis</strong></span> <span class='ocrx_word' id='word_1_143' title='bbox 682 1488 719 1516; x_wconf 89' lang='lat' dir='ltr'><strong>et</strong></span> <span class='ocrx_word' id='word_1_144' title='bbox 741 1484 975 1516; x_wconf 78' lang='lat' dir='ltr'><strong>admirationis</strong></span> <span class='ocrx_word' id='word_1_145' title='bbox 1001 1494 1103 1526; x_wconf 86' lang='lat' dir='ltr'><strong>quam</strong></span> <span class='ocrx_word' id='word_1_146' title='bbox 1134 1485 1366 1526; x_wconf 74' lang='lat' dir='ltr'><strong>castigationis</strong></span> <span class='ocrx_word' id='word_1_147' title='bbox 1390 1490 1574 1528; x_wconf 81' lang='lat' dir='ltr'><strong>apparatus</strong></span> 
     </span>
     <span class='ocr_line' id='line_1_17' title="bbox 129 1537 208 1569; baseline 0 0"><span class='ocrx_word' id='word_1_148' title='bbox 129 1537 208 1569; x_wconf 85' lang='lat' dir='ltr'><strong>erit.</strong></span> 
     </span>
    </p>

    <p class='ocr_par' dir='ltr' id='par_1_5' title="bbox 127 1589 1577 1842">
     <span class='ocr_line' id='line_1_18' title="bbox 169 1589 1576 1633; baseline 0.001 -11"><span class='ocrx_word' id='word_1_149' title='bbox 169 1590 180 1608; x_wconf 89' lang='lat'>‘</span> <span class='ocrx_word' id='word_1_150' title='bbox 192 1589 386 1626; x_wconf 77' lang='lat' dir='ltr'><strong>carminum</strong></span> <span class='ocrx_word' id='word_1_151' title='bbox 404 1590 509 1632; x_wconf 84' lang='lat' dir='ltr'><strong>igitur</strong></span> <span class='ocrx_word' id='word_1_152' title='bbox 521 1589 600 1622; x_wconf 82' lang='lat' dir='ltr'><strong>libri</strong></span> <span class='ocrx_word' id='word_1_153' title='bbox 614 1591 670 1623; x_wconf 82' lang='lat' dir='ltr'><strong>vel</strong></span> <span class='ocrx_word' id='word_1_154' title='bbox 689 1589 845 1632; x_wconf 82' lang='lat' dir='ltr'><strong>jucunda</strong></span> <span class='ocrx_word' id='word_1_155' title='bbox 868 1590 1079 1626; x_wconf 83' lang='lat' dir='ltr'><strong>inventione.</strong></span> <span class='ocrx_word' id='word_1_156' title='bbox 1094 1591 1150 1622; x_wconf 84' lang='lat' dir='ltr'><strong>vel</strong></span> <span class='ocrx_word' id='word_1_157' title='bbox 1169 1590 1319 1631; x_wconf 81' lang='lat' dir='ltr'><strong>puritate</strong></span> <span class='ocrx_word' id='word_1_158' title='bbox 1333 1591 1509 1633; x_wconf 83' lang='lat' dir='ltr'><strong>sermonis,</strong></span> <span class='ocrx_word' id='word_1_159' title='bbox 1520 1592 1576 1623; x_wconf 86' lang='lat' dir='ltr'><strong>vel</strong></span> 
     </span>
     <span class='ocr_line' id='line_1_19' title="bbox 127 1641 1577 1684; baseline 0.001 -10"><span class='ocrx_word' id='word_1_160' title='bbox 127 1641 312 1683; x_wconf 78' lang='lat' dir='ltr'><strong>figurarum</strong></span> <span class='ocrx_word' id='word_1_161' title='bbox 327 1647 398 1674; x_wconf 87' lang='lat' dir='ltr'><strong>tum</strong></span> <span class='ocrx_word' id='word_1_162' title='bbox 414 1643 564 1674; x_wconf 88' lang='lat' dir='ltr'><strong>novitate</strong></span> <span class='ocrx_word' id='word_1_163' title='bbox 581 1647 652 1674; x_wconf 90' lang='lat' dir='ltr'><strong>tum</strong></span> <span class='ocrx_word' id='word_1_164' title='bbox 668 1642 847 1681; x_wconf 84' lang='lat' dir='ltr'><strong>varietate,</strong></span> <span class='ocrx_word' id='word_1_165' title='bbox 862 1643 1005 1684; x_wconf 86' lang='lat' dir='ltr'><strong>majores</strong></span> <span class='ocrx_word' id='word_1_166' title='bbox 1024 1647 1103 1674; x_wconf 87' lang='lat' dir='ltr'><strong>suut</strong></span> <span class='ocrx_word' id='word_1_167' title='bbox 1126 1643 1216 1674; x_wconf 90' lang='lat' dir='ltr'><strong>omui</strong></span> <span class='ocrx_word' id='word_1_168' title='bbox 1230 1653 1297 1674; x_wconf 91' lang='lat' dir='ltr'><strong>non</strong></span> <span class='ocrx_word' id='word_1_169' title='bbox 1313 1644 1420 1675; x_wconf 85' lang='lat' dir='ltr'><strong>solum</strong></span> <span class='ocrx_word' id='word_1_170' title='bbox 1444 1645 1577 1684; x_wconf 85' lang='lat' dir='ltr'><strong>vitupe-</strong></span> 
     </span>
     <span class='ocr_line' id='line_1_20' title="bbox 129 1695 1575 1736; baseline 0.001 -9"><span class='ocrx_word' id='word_1_171' title='bbox 129 1697 274 1735; x_wconf 83' lang='lat' dir='ltr'><strong>ratione,</strong></span> <span class='ocrx_word' id='word_1_172' title='bbox 288 1695 349 1727; x_wconf 87' lang='lat' dir='ltr'><strong>sed</strong></span> <span class='ocrx_word' id='word_1_173' title='bbox 366 1696 466 1727; x_wconf 88' lang='lat' dir='ltr'><strong>etiam</strong></span> <span class='ocrx_word' id='word_1_174' title='bbox 484 1695 585 1727; x_wconf 81' lang='lat' dir='ltr'><strong>laude</strong></span> <span class='ocrx_word' id='word_1_175' title='bbox 599 1705 609 1727; x_wconf 86' lang='lat'><strong>:</strong></span> <span class='ocrx_word' id='word_1_176' title='bbox 630 1704 742 1736; x_wconf 89' lang='lat' dir='ltr'><strong>neque</strong></span> <span class='ocrx_word' id='word_1_177' title='bbox 757 1696 829 1726; x_wconf 83' lang='lat' dir='ltr'><strong>solo</strong></span> <span class='ocrx_word' id='word_1_178' title='bbox 845 1695 979 1726; x_wconf 80' lang='lat' dir='ltr'><strong>dicendi</strong></span> <span class='ocrx_word' id='word_1_179' title='bbox 1002 1703 1126 1734; x_wconf 83' lang='lat' dir='ltr'>genere</span> <span class='ocrx_word' id='word_1_180' title='bbox 1140 1695 1271 1734; x_wconf 86' lang='lat' dir='ltr'><strong>humili,</strong></span> <span class='ocrx_word' id='word_1_181' title='bbox 1290 1696 1575 1736; x_wconf 85' lang='lat' dir='ltr'>quemadmodum</span> 
     </span>
     <span class='ocr_line' id='line_1_21' title="bbox 131 1748 1575 1789; baseline 0 -9"><span class='ocrx_word' id='word_1_182' title='bbox 131 1749 271 1789; x_wconf 79' lang='lat' dir='ltr'><strong>scripsit</strong></span> <span class='ocrx_word' id='word_1_183' title='bbox 285 1749 526 1788; x_wconf 80' lang='lat' dir='ltr'><strong>Quintilianus,</strong></span> <span class='ocrx_word' id='word_1_184' title='bbox 545 1748 712 1783; x_wconf 86' lang='lat' dir='ltr'><strong>contenti,</strong></span> <span class='ocrx_word' id='word_1_185' title='bbox 735 1757 851 1779; x_wconf 86' lang='lat' dir='ltr'><strong>verum</strong></span> <span class='ocrx_word' id='word_1_186' title='bbox 869 1748 971 1779; x_wconf 85' lang='lat' dir='ltr'><strong>etiam</strong></span> <span class='ocrx_word' id='word_1_187' title='bbox 987 1748 1124 1779; x_wconf 85' lang='lat' dir='ltr'><strong>sublimi</strong></span> <span class='ocrx_word' id='word_1_188' title='bbox 1138 1748 1284 1779; x_wconf 83' lang='lat' dir='ltr'><strong>maxime</strong></span> <span class='ocrx_word' id='word_1_189' title='bbox 1300 1748 1575 1780; x_wconf 82' lang='lat' dir='ltr'><strong>commendandi.</strong></span> 
     </span>
     <span class='ocr_line' id='line_1_22' title="bbox 131 1800 839 1842; baseline -0.006 -7"><span class='ocrx_word' id='word_1_190' title='bbox 131 1802 224 1836; x_wconf 84' lang='lat' dir='ltr'><strong>Quid</strong></span> <span class='ocrx_word' id='word_1_191' title='bbox 240 1802 327 1834; x_wconf 85' lang='lat' dir='ltr'><strong>enim</strong></span> <span class='ocrx_word' id='word_1_192' title='bbox 343 1802 445 1833; x_wconf 81' lang='lat' dir='ltr'><strong>altius</strong></span> <span class='ocrx_word' id='word_1_193' title='bbox 461 1806 520 1833; x_wconf 87' lang='lat' dir='ltr'><strong>aut</strong></span> <span class='ocrx_word' id='word_1_194' title='bbox 537 1801 733 1842; x_wconf 84' lang='lat' dir='ltr'><strong>praeclarius</strong></span> <span class='ocrx_word' id='word_1_195' title='bbox 749 1800 839 1831; x_wconf 85' lang='lat' dir='ltr'><strong>illis?</strong></span> 
     </span>
    </p>

    <p class='ocr_par' dir='ltr' id='par_1_6' title="bbox 582 1851 1067 1893">
     <span class='ocr_line' id='line_1_23' title="bbox 582 1851 1067 1893; baseline -0.004 -9"><span class='ocrx_word' id='word_1_196' title='bbox 582 1853 666 1884; x_wconf 85' lang='lat' dir='ltr'><strong>Post</strong></span> <span class='ocrx_word' id='word_1_197' title='bbox 681 1853 793 1893; x_wconf 85' lang='lat' dir='ltr'><strong>ignem</strong></span> <span class='ocrx_word' id='word_1_198' title='bbox 806 1852 951 1883; x_wconf 81' lang='lat' dir='ltr'><strong>aetherea</strong></span> <span class='ocrx_word' id='word_1_199' title='bbox 967 1851 1067 1883; x_wconf 87' lang='lat' dir='ltr'><strong>domo</strong></span> 
     </span>
    </p>

    <p class='ocr_par' dir='ltr' id='par_1_7' title="bbox 585 1902 1320 1996">
     <span class='ocr_line' id='line_1_24' title="bbox 641 1902 1320 1944; baseline 0.001 -8"><span class='ocrx_word' id='word_1_200' title='bbox 641 1905 866 1944; x_wconf 86' lang='lat' dir='ltr'><strong>Subductum,</strong></span> <span class='ocrx_word' id='word_1_201' title='bbox 882 1905 1007 1936; x_wconf 81' lang='lat' dir='ltr'><strong>macies</strong></span> <span class='ocrx_word' id='word_1_202' title='bbox 1022 1909 1058 1935; x_wconf 88' lang='lat' dir='ltr'><strong>et</strong></span> <span class='ocrx_word' id='word_1_203' title='bbox 1073 1912 1159 1935; x_wconf 84' lang='lat' dir='ltr'><strong>nova</strong></span> <span class='ocrx_word' id='word_1_204' title='bbox 1173 1902 1320 1937; x_wconf 81' lang='lat' dir='ltr'><strong>febrium</strong></span> 
     </span>
     <span class='ocr_line' id='line_1_25' title="bbox 585 1956 1031 1996; baseline -0.007 -6"><span class='ocrx_word' id='word_1_205' title='bbox 585 1957 702 1990; x_wconf 87' lang='lat' dir='ltr'><strong>Terris</strong></span> <span class='ocrx_word' id='word_1_206' title='bbox 717 1957 872 1988; x_wconf 87' lang='lat' dir='ltr'><strong>incubuit</strong></span> <span class='ocrx_word' id='word_1_207' title='bbox 889 1956 1031 1996; x_wconf 72' lang='lat' dir='ltr'><strong>cohor-⁸3</strong></span> 
     </span>
    </p>

    <p class='ocr_par' dir='ltr' id='par_1_8' title="bbox 586 2007 1261 2105">
     <span class='ocr_line' id='line_1_26' title="bbox 639 2007 1261 2052; baseline -0.002 -9"><span class='ocrx_word' id='word_1_208' title='bbox 639 2010 837 2052; x_wconf 86' lang='lat' dir='ltr'><strong>Semotique</strong></span> <span class='ocrx_word' id='word_1_209' title='bbox 853 2010 947 2051; x_wconf 84' lang='lat' dir='ltr'><strong>prius</strong></span> <span class='ocrx_word' id='word_1_210' title='bbox 963 2007 1061 2041; x_wconf 88' lang='lat' dir='ltr'><strong>tarda</strong></span> <span class='ocrx_word' id='word_1_211' title='bbox 1075 2009 1261 2042; x_wconf 79' lang='lat' dir='ltr'><strong>necessitas</strong></span> 
     </span>
     <span class='ocr_line' id='line_1_27' title="bbox 586 2063 1009 2105; baseline -0.002 -8"><span class='ocrx_word' id='word_1_212' title='bbox 586 2065 664 2097; x_wconf 89' lang='lat' dir='ltr'><strong>Leti</strong></span> <span class='ocrx_word' id='word_1_213' title='bbox 677 2063 843 2105; x_wconf 83' lang='lat' dir='ltr'><strong>corripuit</strong></span> <span class='ocrx_word' id='word_1_214' title='bbox 857 2063 1009 2104; x_wconf 82' lang='lat' dir='ltr'><strong>gradum.</strong></span> 
     </span>
    </p>
   </div>
   <div class='ocr_carea' id='block_1_5' title="bbox 138 2115 1402 2368">
    <p class='ocr_par' dir='ltr' id='par_1_9' title="bbox 138 2115 1238 2208">
     <span class='ocr_line' id='line_1_28' title="bbox 138 2115 1213 2156; baseline 0 -8"><span class='ocrx_word' id='word_1_215' title='bbox 138 2116 226 2148; x_wconf 80' lang='lat' dir='ltr'><strong>item</strong></span> <span class='ocrx_word' id='word_1_216' title='bbox 241 2117 334 2148; x_wconf 64' lang='lat' dir='ltr'><strong>istis?</strong></span> <span class='ocrx_word' id='word_1_217' title='bbox 386 2136 395 2145; x_wconf 80' lang='lat'><strong>.</strong></span> <span class='ocrx_word' id='word_1_218' title='bbox 583 2116 750 2148; x_wconf 84' lang='lat' dir='ltr'><strong>Scriberis</strong></span> <span class='ocrx_word' id='word_1_219' title='bbox 765 2115 868 2147; x_wconf 81' lang='lat' dir='ltr'><strong>Vario</strong></span> <span class='ocrx_word' id='word_1_220' title='bbox 883 2115 998 2156; x_wconf 84' lang='lat' dir='ltr'><strong>fortis,</strong></span> <span class='ocrx_word' id='word_1_221' title='bbox 1013 2118 1050 2147; x_wconf 90' lang='lat' dir='ltr'><strong>et</strong></span> <span class='ocrx_word' id='word_1_222' title='bbox 1063 2115 1213 2148; x_wconf 85' lang='lat' dir='ltr'><strong>hostium</strong></span> 
     </span>
     <span class='ocr_line' id='line_1_29' title="bbox 585 2167 1238 2208; baseline 0.005 -10"><span class='ocrx_word' id='word_1_223' title='bbox 585 2167 718 2207; x_wconf 83' lang='lat' dir='ltr'><strong>Victor,</strong></span> <span class='ocrx_word' id='word_1_224' title='bbox 733 2167 875 2199; x_wconf 72' lang='lat' dir='ltr'><strong>Maeonii</strong></span> <span class='ocrx_word' id='word_1_225' title='bbox 890 2167 1049 2200; x_wconf 82' lang='lat' dir='ltr'><strong>carminis</strong></span> <span class='ocrx_word' id='word_1_226' title='bbox 1062 2168 1148 2208; x_wconf 86' lang='lat' dir='ltr'><strong>aliti,</strong></span> <span class='ocrx_word' id='word_1_227' title='bbox 1172 2171 1238 2201; x_wconf 74' lang='grc' dir='ltr'><strong>ὅτε.</strong></span> 
     </span>
    </p>

    <p class='ocr_par' dir='ltr' id='par_1_10' title="bbox 139 2221 1346 2314">
     <span class='ocr_line' id='line_1_30' title="bbox 139 2221 1346 2254; baseline 0.001 -1"><span class='ocrx_word' id='word_1_228' title='bbox 139 2221 251 2253; x_wconf 84' lang='lat' dir='ltr'><strong>Item?</strong></span> <span class='ocrx_word' id='word_1_229' title='bbox 588 2221 674 2254; x_wconf 87' lang='lat' dir='ltr'><strong>Quis</strong></span> <span class='ocrx_word' id='word_1_230' title='bbox 691 2221 838 2252; x_wconf 84' lang='lat' dir='ltr'><strong>Martem</strong></span> <span class='ocrx_word' id='word_1_231' title='bbox 853 2221 970 2253; x_wconf 83' lang='lat' dir='ltr'><strong>tunica</strong></span> <span class='ocrx_word' id='word_1_232' title='bbox 984 2225 1114 2254; x_wconf 87' lang='lat' dir='ltr'><strong>tectum</strong></span> <span class='ocrx_word' id='word_1_233' title='bbox 1130 2221 1346 2254; x_wconf 82' lang='lat' dir='ltr'><strong>adamantina</strong></span> 
     </span>
     <span class='ocr_line' id='line_1_31' title="bbox 586 2273 982 2314; baseline -0.003 -10"><span class='ocrx_word' id='word_1_234' title='bbox 586 2274 696 2314; x_wconf 80' lang='lat' dir='ltr'><strong>Digne</strong></span> <span class='ocrx_word' id='word_1_235' title='bbox 713 2273 902 2314; x_wconf 77' lang='lat' dir='ltr'><strong>scripserit,</strong></span> <span class='ocrx_word' id='word_1_236' title='bbox 918 2275 982 2306; x_wconf 75' lang='grc' dir='ltr'><strong>ὅτε.</strong></span> 
     </span>
    </p>

    <p class='ocr_par' dir='ltr' id='par_1_11' title="bbox 141 2325 1402 2368">
     <span class='ocr_line' id='line_1_32' title="bbox 141 2325 1402 2368; baseline 0.002 -10"><span class='ocrx_word' id='word_1_237' title='bbox 141 2326 252 2358; x_wconf 83' lang='lat' dir='ltr'><strong>Item?</strong></span> <span class='ocrx_word' id='word_1_238' title='bbox 1010 2325 1073 2357; x_wconf 88' lang='lat' dir='ltr'><strong>sub</strong></span> <span class='ocrx_word' id='word_1_239' title='bbox 1089 2326 1278 2368; x_wconf 84' lang='lat' dir='ltr'><strong>lacrymosa</strong></span> <span class='ocrx_word' id='word_1_240' title='bbox 1292 2328 1402 2368; x_wconf 85' lang='lat' dir='ltr'><strong>Trojae</strong></span> 
     </span>
    </p>
   </div>
   <div class='ocr_carea' id='block_1_6' title="bbox 141 2379 1500 2838">
    <p class='ocr_par' dir='ltr' id='par_1_12' title="bbox 141 2379 1500 2838">
     <span class='ocr_line' id='line_1_33' title="bbox 583 2379 910 2419; baseline -0.003 -8"><span class='ocrx_word' id='word_1_241' title='bbox 583 2380 730 2419; x_wconf 81' lang='lat' dir='ltr'><strong>Funera,</strong></span> <span class='ocrx_word' id='word_1_242' title='bbox 745 2389 788 2411; x_wconf 84' lang='lat' dir='ltr'><strong>ne.</strong></span> <span class='ocrx_word' id='word_1_243' title='bbox 805 2379 910 2411; x_wconf 84' lang='lat' dir='ltr'><strong>virilis</strong></span> 
     </span>
     <span class='ocr_line' id='line_1_34' title="bbox 622 2432 1500 2474; baseline -0.001 -11"><span class='ocrx_word' id='word_1_244' title='bbox 622 2433 743 2464; x_wconf 83' lang='lat' dir='ltr'><strong>Cultus</strong></span> <span class='ocrx_word' id='word_1_245' title='bbox 757 2433 790 2463; x_wconf 88' lang='lat' dir='ltr'><strong>in</strong></span> <span class='ocrx_word' id='word_1_246' title='bbox 805 2432 934 2463; x_wconf 84' lang='lat' dir='ltr'><strong>caedem</strong></span> <span class='ocrx_word' id='word_1_247' title='bbox 945 2436 981 2464; x_wconf 90' lang='lat' dir='ltr'><strong>et</strong></span> <span class='ocrx_word' id='word_1_248' title='bbox 993 2432 1116 2473; x_wconf 85' lang='lat' dir='ltr'><strong>Lycias</strong></span> <span class='ocrx_word' id='word_1_249' title='bbox 1129 2433 1322 2474; x_wconf 85' lang='lat' dir='ltr'><strong>proriperet</strong></span> <span class='ocrx_word' id='word_1_250' title='bbox 1333 2436 1500 2464; x_wconf 82' lang='lat' dir='ltr'><strong>catervas.</strong></span> 
     </span>
     <span class='ocr_line' id='line_1_35' title="bbox 141 2484 1200 2526; baseline -0.001 -10"><span class='ocrx_word' id='word_1_251' title='bbox 141 2484 253 2517; x_wconf 76' lang='lat' dir='ltr'><strong>Item?</strong></span> <span class='ocrx_word' id='word_1_252' title='bbox 588 2485 758 2516; x_wconf 85' lang='lat' dir='ltr'><strong>Permitte</strong></span> <span class='ocrx_word' id='word_1_253' title='bbox 775 2485 870 2517; x_wconf 83' lang='lat' dir='ltr'><strong>Divis</strong></span> <span class='ocrx_word' id='word_1_254' title='bbox 886 2489 1014 2525; x_wconf 86' lang='lat' dir='ltr'><strong>cetera,</strong></span> <span class='ocrx_word' id='word_1_255' title='bbox 1028 2485 1085 2526; x_wconf 88' lang='lat' dir='ltr'><strong>qui</strong></span> <span class='ocrx_word' id='word_1_256' title='bbox 1101 2485 1200 2517; x_wconf 80' lang='lat' dir='ltr'><strong>simul</strong></span> 
     </span>
     <span class='ocr_line' id='line_1_36' title="bbox 583 2537 1174 2579; baseline -0.002 -10"><span class='ocrx_word' id='word_1_257' title='bbox 583 2538 743 2570; x_wconf 82' lang='lat' dir='ltr'><strong>Stravere</strong></span> <span class='ocrx_word' id='word_1_258' title='bbox 758 2544 875 2570; x_wconf 85' lang='lat' dir='ltr'><strong>ventos</strong></span> <span class='ocrx_word' id='word_1_259' title='bbox 891 2548 1026 2579; x_wconf 80' lang='lat' dir='ltr'><strong>aequore</strong></span> <span class='ocrx_word' id='word_1_260' title='bbox 1041 2537 1174 2568; x_wconf 86' lang='lat' dir='ltr'><strong>fervido</strong></span> 
     </span>
     <span class='ocr_line' id='line_1_37' title="bbox 627 2591 1168 2631; baseline -0.007 -9"><span class='ocrx_word' id='word_1_261' title='bbox 627 2591 901 2631; x_wconf 78' lang='lat' dir='ltr'><strong>Depraeliantes3</strong></span> <span class='ocrx_word' id='word_1_262' title='bbox 923 2599 986 2620; x_wconf 92' lang='lat' dir='ltr'><strong>nec</strong></span> <span class='ocrx_word' id='word_1_263' title='bbox 1002 2591 1168 2629; x_wconf 82' lang='lat' dir='ltr'><strong>cupressi,</strong></span> 
     </span>
     <span class='ocr_line' id='line_1_38' title="bbox 692 2639 1208 2680; baseline -0.008 -6"><span class='ocrx_word' id='word_1_264' title='bbox 692 2644 721 2674; x_wconf 90' lang='lat' dir='ltr'>N</span> <span class='ocrx_word' id='word_1_265' title='bbox 728 2652 768 2674; x_wconf 90' lang='lat' dir='ltr'><strong>ec</strong></span> <span class='ocrx_word' id='word_1_266' title='bbox 786 2646 919 2672; x_wconf 81' lang='lat' dir='ltr'><strong>veteres</strong></span> <span class='ocrx_word' id='word_1_267' title='bbox 937 2641 1108 2680; x_wconf 84' lang='lat' dir='ltr'><strong>agitantur</strong></span> <span class='ocrx_word' id='word_1_268' title='bbox 1122 2639 1208 2670; x_wconf 85' lang='lat' dir='ltr'><strong>orni.</strong></span> 
     </span>
     <span class='ocr_line' id='line_1_39' title="bbox 151 2688 969 2736; baseline 0.002 -14"><span class='ocrx_word' id='word_1_269' title='bbox 151 2688 234 2722; x_wconf 73' lang='lat' dir='ltr'><strong>Haec</strong></span> <span class='ocrx_word' id='word_1_270' title='bbox 248 2695 284 2723; x_wconf 87' lang='lat' dir='ltr'><strong>et</strong></span> <span class='ocrx_word' id='word_1_271' title='bbox 298 2693 362 2724; x_wconf 79' lang='lat' dir='ltr'><strong>alia</strong></span> <span class='ocrx_word' id='word_1_272' title='bbox 377 2703 438 2735; x_wconf 85' lang='lat' dir='ltr'><strong>per</strong></span> <span class='ocrx_word' id='word_1_273' title='bbox 453 2695 694 2736; x_wconf 86' lang='lat' dir='ltr'><strong>portiunculas.</strong></span> <span class='ocrx_word' id='word_1_274' title='bbox 740 2695 787 2726; x_wconf 88' lang='lat' dir='ltr'><strong>At</strong></span> <span class='ocrx_word' id='word_1_275' title='bbox 803 2694 859 2725; x_wconf 87' lang='lat' dir='ltr'><strong>illa</strong></span> <span class='ocrx_word' id='word_1_276' title='bbox 875 2697 969 2725; x_wconf 86' lang='lat' dir='ltr'><strong>tota:</strong></span> 
     </span>
     <span class='ocr_line' id='line_1_40' title="bbox 592 2744 1268 2785; baseline -0.009 -5"><span class='ocrx_word' id='word_1_277' title='bbox 592 2748 701 2781; x_wconf 85' lang='lat' dir='ltr'><strong>Quem</strong></span> <span class='ocrx_word' id='word_1_278' title='bbox 718 2747 824 2778; x_wconf 90' lang='lat' dir='ltr'><strong>virum</strong></span> <span class='ocrx_word' id='word_1_279' title='bbox 842 2750 901 2777; x_wconf 85' lang='lat' dir='ltr'><strong>aut</strong></span> <span class='ocrx_word' id='word_1_280' title='bbox 915 2745 1019 2776; x_wconf 87' lang='lat' dir='ltr'><strong>heroa</strong></span> <span class='ocrx_word' id='word_1_281' title='bbox 1035 2745 1111 2785; x_wconf 86' lang='lat' dir='ltr'><strong>lyra</strong></span> <span class='ocrx_word' id='word_1_282' title='bbox 1126 2745 1178 2775; x_wconf 85' lang='lat' dir='ltr'><strong>vel</strong></span> <span class='ocrx_word' id='word_1_283' title='bbox 1195 2744 1268 2776; x_wconf 88' lang='lat' dir='ltr'><strong>acri</strong></span> 
     </span>
     <span class='ocr_line' id='line_1_41' title="bbox 591 2797 1138 2838; baseline -0.007 -7"><span class='ocrx_word' id='word_1_284' title='bbox 591 2801 692 2831; x_wconf 83' lang='lat' dir='ltr'><strong>Tibia</strong></span> <span class='ocrx_word' id='word_1_285' title='bbox 708 2809 819 2831; x_wconf 87' lang='lat' dir='ltr'><strong>sumes</strong></span> <span class='ocrx_word' id='word_1_286' title='bbox 836 2798 1024 2838; x_wconf 85' lang='lat' dir='ltr'><strong>celebrare,</strong></span> <span class='ocrx_word' id='word_1_287' title='bbox 1040 2797 1138 2828; x_wconf 88' lang='lat' dir='ltr'><strong>Clio?</strong></span> 
     </span>
    </p>
   </div>
   <div class='ocr_carea' id='block_1_7' title="bbox 235 2852 1495 2941">
    <p class='ocr_par' dir='ltr' id='par_1_13' title="bbox 235 2852 1495 2941">
     <span class='ocr_line' id='line_1_42' title="bbox 596 2852 943 2884; baseline -0.006 0"><span class='ocrx_word' id='word_1_288' title='bbox 596 2852 706 2884; x_wconf 83' lang='lat' dir='ltr'><strong>Quem</strong></span> <span class='ocrx_word' id='word_1_289' title='bbox 721 2852 854 2883; x_wconf 86' lang='lat' dir='ltr'><strong>Deum?</strong></span> <span class='ocrx_word' id='word_1_290' title='bbox 875 2853 943 2882; x_wconf 72' lang='lat' dir='ltr'><strong>&amp;c-</strong></span> 
     </span>
     <span class='ocr_line' id='line_1_43' title="bbox 235 2899 1495 2941; baseline 0.006 -10"><span class='ocrx_word' id='word_1_291' title='bbox 235 2899 348 2941; x_wconf 82' lang='lat' dir='ltr'><strong>Delph.</strong></span> <span class='ocrx_word' id='word_1_292' title='bbox 362 2903 392 2931; x_wconf 78' lang='lat' dir='ltr'><strong>et</strong></span> <span class='ocrx_word' id='word_1_293' title='bbox 406 2899 482 2934; x_wconf 64' lang='grc' dir='ltr'><strong>ναν.</strong></span> <span class='ocrx_word' id='word_1_294' title='bbox 496 2902 581 2934; x_wconf 75' lang='lat' dir='ltr'><strong>Clas.</strong></span> <span class='ocrx_word' id='word_1_295' title='bbox 843 2903 961 2936; x_wconf 78' lang='lat' dir='ltr'><strong>Horat.</strong></span> <span class='ocrx_word' id='word_1_296' title='bbox 1424 2905 1442 2933; x_wconf 82' lang='grc'>3</span> <span class='ocrx_word' id='word_1_297' title='bbox 1467 2903 1495 2933; x_wconf 85' lang='grc' dir='ltr'><strong>Β</strong></span> 
     </span>
    </p>
   </div>
  </div>
 </body>
</html>
