1904 3256
599 301 870 333 minumum
908 301 1003 332 mn.
1036 300 1101 330 iv.
1132 290 1204 332 14.
1538 291 1625 334 625

399 395 520 446 Quid
545 394 686 436 Marte
707 407 892 449 posses:
923 395 1060 437 milite
1080 407 1181 436 nam
1206 398 1280 436 tuo

403 463 579 505 Drusus
599 460 858 512 Gemmvos,
881 461 1166 516 implacidum
1186 472 1336 514 genuS,
1566 461 1623 502 10

458 528 742 581 Brencosque
766 528 954 579 veloceS,
969 531 1013 569 et
1033 541 1158 570 arces
1199 522 1203 526 ’

512 592 705 647 Alpibus
725 594 961 648 impositas
981 594 1214 636 tremendis

169 711 284 746 valeas.
331 712 406 744 stis
424 712 508 744 enim
521 711 711 744 exercitibus
725 712 852 743 Drusus
864 721 927 743 non
940 712 1032 743 semel
1045 715 1170 744 strenue
1182 710 1366 753 profligavit
1383 710 1550 742 Genaunes
1565 708 1622 740 im-

169 750 289 786 munem
299 757 436 794 gentem,
451 758 484 786 et
498 755 636 787 Brencos
649 755 776 795 celeres,
788 755 973 794 castellaque
982 753 1116 794 Alpibus
1129 754 1285 796 horrificis
1298 755 1468 788 exstructa.
1498 753 1624 784 Deinde

780 848 800 860 O

169 915 282 953 put-t,
296 912 499 955 quicumque
514 912 736 944 emunctioris
758 913 848 944 naris
871 913 996 944 sin—9
1018 912 1108 944 Dan·
1124 912 1289 944 Heinsius
1308 915 1412 953 pomi
1435 911 1500 943 nisi
1526 921 1623 944 error

167 962 348 995 operarum
363 959 428 987 est.
443 955 568 987 militia
581 965 653 987 nam
668 956 731 987 tiro
747 956 842 996 Lips.
857 957 976 986 4.-10
997 955 1007 973 ⁴
1023 955 1113 987 Mire
1131 955 1265 987 variant
1280 954 1382 987 codd.
1397 955 1432 986 in
1448 954 1622 987 Genaunis

166 1000 204 1028 et
219 996 374 1029 Breunia.
421 997 584 1030 Ger-munos
596 998 748 1029 nonnulli
765 997 882 1029 Lamb.
895 997 1078 1029 Pulmanni
1093 997 1271 1029 Gemblac.
1283 1000 1317 1029 2.
1334 1001 1370 1028 et
1383 997 1529 1029 Mentel.
1563 998 1625 1029 Ce-

166 1048 286 1071 nuunor
299 1049 386 1071 nnus
401 1040 506 1082 Crnq.
527 1041 560 1071 in
584 1040 724 1072 scholio.
769 1040 937 1072 Genaunes
952 1040 1104 1071 nonnulli
1124 1040 1241 1071 Lamb.
1258 1040 1378 1071 Basili.
1392 1044 1429 1071 et
1444 1040 1547 1071 Baxt.
1565 1041 1623 1081 qui

166 1081 329 1119 celticas,
345 1086 384 1114 nt
398 1083 498 1124 solet,
514 1087 550 1115 et
566 1083 786 1115 Britannicas
807 1082 1047 1123 etymologias,
1062 1082 1249 1124 inanesque
1265 1082 1482 1123 conjecturas
1499 1092 1624 1123 propo-

167 1123 230 1155 nit.
269 1124 448 1157 Genoumos
464 1125 558 1166 Lips.
570 1128 601 1158 l.
642 1126 803 1157 Genuutos
817 1124 923 1156 Brod.
959 1125 1132 1157 Germanos
1146 1125 1330 1157 Pulmanni
1347 1124 1487 1156 Diesth.
1503 1124 1577 1156 Alt.
1589 1128 1623 1157 2.

166 1165 246 1198 ΖΜ.
297 1167 429 1199 Velonos
443 1167 535 1208 Lips,
549 1170 582 1198 4.
625 1167 784 1199 Belaunos
811 1176 884 1198 var.
905 1167 986 1198 lect.
1002 1176 1059 1208 ap.
1072 1167 1154 1200 Jon.
1198 1168 1285 1199 Sunt
1299 1167 1444 1198 Velauni
1460 1176 1518 1207 ap⁴
1532 1167 1622 1199 Plin.

167 1215 224 1239 nt·
237 1211 291 1240 20.
306 1213 343 1240 et
357 1210 504 1240 Βελαῦνοι
519 1219 576 1250 ap.
589 1209 739 1240 Ptolem.
753 1218 796 1240 11.
811 1211 864 1240 13.
882 1208 999 1249 populi
1016 1209 1201 1240 Vindelici.
1249 1209 1386 1240 Gelonos
1400 1210 1544 1240 veneti.
1561 1210 1624 1240 Lo·

167 1249 261 1281 cher.
278 1249 419 1282 Arcens.
435 1251 587 1282 Mancin.
603 1251 766 1283 Glarean.
809 1251 878 1286 Sed
895 1250 1062 1290 quomodo
1083 1251 1150 1282 linc
1167 1251 1307 1282 veniant
1322 1251 1467 1282 Geloni?
1489 1250 1534 1281 de
1549 1251 1623 1291 qni-

168 1291 230 1323 bus
247 1292 315 1324 vid.
329 1292 373 1323 ad
389 1301 430 1325 1¹.
443 1293 511 1324 Od.
526 1295 559 1324 9.
573 1295 628 1325 22.
649 1292 832 1332 [Genauvos
842 1290 995 1331 Wakefi]
1024 1293 1192 1324 Genaunes
1203 1292 1288 1324 Aer.
1322 1292 1494 1334 Porphyr.
1508 1291 1624 1332 [Harl.

168 1336 199 1364 1.
216 1336 248 1366 2.
265 1335 316 1376 3.]
340 1335 455 1375 plures
478 1335 596 1366 Lamb.
619 1335 793 1375 antiquiss.
811 1340 846 1364 et
868 1335 936 1365 duo
952 1334 1009 1365 alii
1025 1335 1173 1366 Blandd.
1195 1336 1297 1376 Cruq.
1314 1335 1386 1366 sine
1402 1335 1520 1374 litura,
1540 1335 1624 1366 Pul-

167 1377 281 1407 manni
307 1377 423 1408 Hunn.
448 1377 586 1408 Gembl.
610 1379 640 1406 1.
666 1381 703 1407 et
729 1377 858 1406 Beller.
884 1375 962 1406 libri
994 1376 1095 1406 Fabr.
1120 1377 1220 1407 Gott.
1244 1377 1337 1416 Lips.
1359 1379 1392 1407 2.
1418 1380 1450 1407 3.
1474 1377 1622 1418 Franeq.

166 1417 315 1449 Heimst.
339 1419 440 1450 Desa.
455 1421 488 1449 2.
511 1417 584 1449 Ait.
599 1420 628 1447 l.
651 1417 742 1448 Flor.
754 1416 912 1448 Medioll.
925 1416 1017 1447 Mur.
1031 1417 1132 1448 Fabr.
1145 1417 1262 1449 Lamb.
1274 1418 1378 1458 Cruq.
1391 1418 1488 1448 Torr.
1501 1417 1624 1450 Heins-

163 1459 284 1499 steph.
297 1459 551 1500 RntgermFab.
570 1458 699 1490 Dacer.
710 1458 826 1489 Bentl.
842 1458 928 1489 Cun.
944 1458 1024 1488 San.
1038 1458 1118 1490 Jon.
1143 1459 1304 1500 [Bipont.
1318 1459 1460 1490 Mitsch.
1478 1459 1623 1491 Wetzel.

165 1505 201 1532 et
215 1500 338 1541 Kidd.]
360 1502 453 1533 Vera
467 1501 541 1533 haec
556 1500 645 1531 haud
661 1500 766 1532 dubie
781 1500 900 1538 lectio,
914 1509 993 1530 cum
1010 1504 1046 1531 et
1063 1509 1119 1541 ap.
1133 1501 1248 1532 Strab.
1263 1510 1312 1532 iv.
1329 1510 1360 1541 p.
1374 1503 1450 1532 206.
1466 1501 1524 1533 ubi
1541 1502 1622 1534 olim

163 1547 263 1575 erunt
278 1544 403 1575 Γεναῦοι
418 1544 470 1576 vel
486 1543 625 1579 Τεναῦοι,
644 1547 740 1574 recte
762 1542 830 1573 sint
851 1542 994 1573 Γεναῦνοι
1015 1542 1128 1584 liodie,
1148 1547 1227 1583 post
1249 1543 1399 1585 Xyland.
1414 1549 1452 1576 et
1473 1544 1620 1577 Casaub.

163 1594 303 1627 qnorum
325 1585 394 1618 vid.
421 1590 492 1618 not.
517 1590 554 1617 et
581 1585 670 1626 apud
696 1585 786 1616 Plin.
803 1593 862 1617 ιιι.
886 1587 940 1616 20.
964 1584 999 1615 in
1023 1584 1255 1625 Inscriptione
1278 1595 1297 1617 e
1316 1590 1450 1626 tropaeo
1466 1586 1622 1628 Alpium,

162 1628 254 1659 inter
267 1634 385 1669 gentes
396 1629 538 1670 Alpinas
554 1628 707 1659 devictas
721 1628 790 1659 sint
804 1628 984 1666 Genaunes,
996 1632 1036 1658 ut
1047 1637 1164 1660 omnes
1179 1628 1225 1660 ibi
1240 1628 1526 1669 codd-exhibent,
1542 1639 1620 1662 cum

163 1670 264 1702 editt.
285 1680 464 1712 perperam
483 1674 519 1702 et
539 1675 700 1711 corrupte
721 1670 870 1702 habeant
883 1670 1046 1701 sNaunes:
1069 1669 1136 1702 vid.
1161 1670 1206 1701 ibi
1227 1670 1398 1702 Harduin.
1437 1672 1552 1703 Facile
1575 1681 1619 1702 ex

163 1712 332 1745 Genaunes
342 1715 408 1745 orti
419 1722 536 1745 omnes
553 1713 732 1744 memorati
747 1721 895 1751 errores,
912 1711 1015 1742 etiam
1032 1711 1195 1748 Velamen,
1212 1712 1486 1750 s.Ve10nos,uude
1502 1715 1620 1752 inepte

163 1760 241 1795 post
263 1756 405 1797 amplius
428 1755 558 1787 factum
577 1756 725 1787 Gelonos.
771 1754 812 1784 In
827 1754 903 1785 eod.
921 1762 971 1784 vs.
986 1753 1177 1793 impiae-itum
1194 1763 1280 1785 nnus
1296 1755 1457 1786 Tou-rent.
1473 1755 1508 1787 in
1519 1756 1618 1796 ploci-

164 1800 230 1829 tum
249 1807 355 1830 nemus
374 1797 448 1830 Alt.
467 1797 511 1829 l.'
533 1798 710 1828 ,ἰωή-11
728 1795 925 1836 Brencosque
942 1796 1060 1827 Lamb.
1077 1805 1096 1827 e
1111 1796 1229 1828 Strab.
1245 1797 1267 1827 l.
1285 1796 1306 1828 l.
1329 1796 1388 1828 ubi
1415 1797 1495 1829 olim
1520 1802 1620 1830 erant

158 1837 301 1880 Βρέγκοι,
311 1841 528 1881 improbante
541 1840 633 1872 Jani.
645 1839 693 1870 sic
706 1839 810 1870 etiam
823 1838 878 1869 ed.
890 1839 987 1869 Torr.
999 1838 1080 1868 item
1095 1838 1196 1870 Baxt.
1211 1838 1319 1870 Gesn.
1331 1844 1368 1870 et
1379 1839 1489 1871 Zeun.
1515 1840 1619 1871 Breu-

158 1883 338 1956 {rqfiplffieff
350 1882 469 1956 Lamlla.
496 1882 670 1956 gffedbnon
683 1880 1216 1954 convaelniiunltlliue¹l¹31re2=÷cibgeizs
1232 1880 1619 1955 inssrtj⁰g⁸·1l,'·⁸nn⁰ri²·iae'

195 1934 240 1956 ι.
307 1934 406 1956 o.n.
465 1949 474 1957 .
540 1933 744 1963 ra.vir.p.
826 1946 834 1954 .
912 1932 956 1953 in.
1016 1945 1024 1954 .
1085 1946 1093 1954 .
1143 1932 1254 1954 neon.
1298 1933 1343 1954 ι.
1381 1933 1414 1955 ,ι
1440 1934 1520 1965 ique
1566 1934 1620 1955 or-

141 1987 150 1996 .
161 1966 362 1998 rent.’.lnni.
395 1968 550 1999 Bremnos
563 1967 655 1998 Flor.
678 1966 824 1997 Brennos
836 1964 917 1996 Acr-
940 1964 1111 2005 Porphyr.
1124 1975 1240 1996 omnes
1255 1965 1366 1998 Pulm.
1384 1966 1483 1998 Harl.
1499 1969 1531 1998 3.
1545 1969 1620 1998 46.

161 2009 240 2040 libri
256 2009 357 2041 Fabr.
371 2014 409 2041 et
423 2009 576 2041 nonnulli
592 2008 662 2045 alii,
677 2013 715 2040 ut
730 2007 876 2039 Mentel-
890 2006 980 2038 Altt.
996 2007 1144 2048 Franeq.
1162 2008 1260 2048 Lips.
1279 2011 1309 2039 l.
1321 2010 1354 2039 4.
1376 2009 1502 2040 Venet.
1521 2012 1616 2041 1492.

164 2051 306 2083 Lacher-
329 2051 409 2084 Aac.
430 2052 549 2083 Basill.
571 2051 723 2083 Mancia.
747 2050 838 2082 Mur.
863 2050 963 2081 Fabr.
986 2049 1108 2090 Steph.
1130 2051 1232 2090 Rntg.
1248 2050 1371 2083 Heius.
1388 2051 1475 2083 Fab.
1491 2051 1617 2083 Dacer.

163 2094 251 2124 Cun.
265 2098 301 2125 et
315 2093 452 2125 Wakef.
495 2094 607 2126 Etiam
623 2103 680 2134 ap.
695 2093 784 2124 Flor.
801 2101 853 2123 ιν.
870 2094 921 2124 12.
935 2094 967 2123 4.
989 2096 1067 2123 aunt
1086 2093 1220 2124 Brenni.
1265 2093 1410 2125 Breunos
1425 2094 1618 2126 Comment.

164 2135 247 2166 item
263 2135 438 2177 antiquiss.
454 2140 489 2167 et
505 2136 573 2167 dno
596 2135 653 2166 alii
676 2133 824 2166 Blandd.
840 2133 941 2176 Cruq.
958 2135 1111 2166 nonnulli
1129 2135 1249 2168 Lamb.
1274 2135 1369 2176 Lips.
1383 2139 1415 2167 2.
1433 2147 1454 2168 a
1468 2146 1510 2167 m.
1530 2145 1558 2167 s.
1581 2141 1619 2168 et

164 2177 294 2218 Lips.3.
307 2177 405 2209 Desa.
413 2180 444 2210 2.
454 2178 602 2209 Helmst.
611 2178 718 2217 Crnq.
729 2176 843 2208 Bentl.
853 2176 980 2210 Sanad.
989 2176 1012 2209 J
1016 2177 1099 2209 on.J
1103 2178 1171 2217 ani,
1181 2179 1321 2219 Bipont.
1330 2178 1618 2211 Mitscli.Wetzel.

163 2219 315 2260 Francis,
330 2219 575 2261 Pine,Talbot.
588 2218 744 2260 sandby,
754 2222 791 2251 et
806 2218 912 2251 Kidd.
957 2221 968 2237 ‘
981 2219 1115 2252 Probat
1130 2222 1232 2253 etiam
1246 2221 1404 2254 Torrent.
1419 2227 1457 2253 et
1468 2221 1615 2254 Turneb.

815 2317 848 2349 N
853 2315 957 2349 01¹AE

204 2382 226 2412 9
248 2379 357 2412 Milite
377 2389 450 2412 nam
473 2383 538 2416 tuo,
559 2379 630 2420 Asa]
666 2379 747 2412 Tuis
761 2379 860 2411 nimi·
913 2381 1001 2413 ritas.
1043 2380 1133 2412 Vide
1150 2381 1243 2413 Flor.
1259 2390 1309 2413 iv.
1326 2386 1363 2413 et
1379 2381 1471 2412 Vell.
1492 2381 1612 2412 Pater·

163 2439 235 2461 rum
271 2429 431 2470 auspiciis
458 2434 519 2462 tua
546 2429 716 2462 felicitate
743 2430 859 2462 hostes
914 2430 982 2462 cul.
999 2435 1102 2462 antea
1116 2431 1175 2463 cit.
1209 2430 1278 2463 od.
1294 2439 1345 2462 iv.
1361 2431 1462 2471 hujus
1477 2431 1567 2461 libri.

163 2480 289 2512 devicit
305 2481 450 2514 Drusus.
956 2480 1163 2521 Implacidum
1182 2481 1297 2521 genus]
1331 2481 1384 2511 Ex
1411 2479 1526 2511 Sti-ab.
1553 2479 1614 2512 cit.

110 2523 114 2526 ’
207 2533 248 2562 10
270 2530 471 2573 [Genauoos]
489 2531 654 2563 Genaunos
667 2552 676 2563 .
689 2553 697 2562 .
709 2552 718 2562 .
731 2550 740 2560 .
753 2529 858 2561 Bren-
912 2539 989 2562 cum
1013 2531 1064 2562 illi
1079 2531 1199 2562 urbem
1215 2533 1467 2570 expugnarant,
1482 2538 1549 2559 non
1567 2530 1619 2560 vim

164 2581 450 2622 coeque[Brennos]
460 2579 529 2612 Alii
539 2578 859 2619 frustra,Geraunos,
912 2590 966 2611 ros
997 2580 1204 2612 occidebant
1233 2579 1352 2617 solnm,
1375 2578 1434 2609 sed
1462 2577 1613 2611 infantes

168 2628 348 2666 Tenaum,·
371 2630 454 2661 item
473 2631 623 2667 Breunos,
640 2630 792 2670 Breucos,
806 2631 859 2669 esc.
912 2629 1016 2660 etiam
1026 2629 1205 2667 masculos,
1218 2628 1318 2659 immo
1331 2628 1489 2660 mulieres
1501 2638 1612 2670 praeg-

168 2677 222 2708 Ex
250 2677 428 2720 Strabone,
460 2680 589 2712 diserte
625 2678 784 2712 Genauni
821 2683 859 2710 et
912 2683 1047 2718 nantes,
1079 2679 1109 2709 si
1142 2677 1299 2709 masculis
1331 2677 1488 2717 gravidas
1517 2683 1611 2711 vates

167 2726 295 2757 Brenni
317 2732 448 2766 partem
479 2729 617 2771 Alpium
647 2729 858 2761 exteriorem
913 2728 1182 2770 respondissent.

168 2785 243 2806 cnm
258 2774 392 2806 Noricis
405 2778 629 2812 etVindelicis
646 2778 858 2811 habitabant.
955 2781 996 2810 12
1019 2778 1150 2819 Alpibus
1166 2775 1347 2816 tremendis]
1378 2776 1434 2808 Ob
1456 2777 1552 2809 nives
1573 2783 1610 2811 et

169 2823 269 2856 Unde
285 2828 401 2855 noster
414 2835 506 2867 mox,
518 2839 604 2861 arces
617 2830 750 2871 Alpibus
762 2829 857 2870 impo-
911 2833 1106 2870 praeruptas
1122 2832 1256 2868 cautes,
1272 2826 1368 2859 aditu
1383 2825 1611 2869 difficillimas,

251 2876 366 2917 Delph.
382 2880 413 2908 et
429 2877 501 2909 var.
514 2880 600 2914 Clas.
832 2880 951 2913 Horat.
1452 2882 1472 2910 2
1494 2880 1525 2911 R
