1890 3256
327 272 411 314 980
799 287 841 324 Q.
873 286 1074 315 HoRATn
1111 283 1279 314 FnAcct

330 378 447 420 Illud
466 379 577 419 idem
597 380 640 419 in
661 378 854 430 rapidum
874 375 1032 415 flumen
1042 375 1261 428 jaceretve
1281 378 1506 418 cloacam‘l

329 444 479 494 Quinti
499 444 723 496 progenies
745 441 857 490 Arri,
879 452 959 492 par
977 441 1125 481 nobile
1143 442 1335 492 fratrum,

327 508 538 561 Nequitia
558 514 600 549 et
619 507 758 558 nugis,
779 517 1008 558 pravorum
1029 511 1074 546 et
1095 518 1239 547 amore
1260 508 1500 559 gemellum,

326 574 553 614 Luscinias
573 572 687 612 soliti
707 572 904 623 impenso
924 571 1135 623 prandere
1155 572 1374 614 coiimtas:

328 638 545 688 Quorsum
566 636 757 677 abeant?
789 636 882 676 sani
902 641 950 677 ut
969 642 1098 686 creta,
1120 649 1173 677 an
1193 639 1378 679 carbone
1397 640 1604 682 notandi?

325 704 558 744 AEdificare
577 715 719 751 casas,
741 702 942 755 plostello
963 702 1188 756 adjungere
1205 715 1362 753 mures,

326 769 493 810 Ludere
514 780 592 821 par
611 768 764 821 impar,
787 768 981 821 equitare
1001 769 1046 809 in
1067 769 1273 810 arundine
1291 770 1431 823 longa,

1661 573 1747 615 245

317 885 442 922 jecisset
453 886 486 916 in
497 890 664 918 currentem
669 887 804 927 fluvium
815 886 913 916 autin
926 886 1076 916 cloacam?
1118 886 1197 916 Filii
1212 887 1252 921 Q.
1268 887 1371 927 Arrii,
1390 897 1448 927 par
1455 887 1597 925 fratrum
1611 887 1743 926 illustre,

324 927 518 966 improbitate
532 932 561 958 et
577 929 763 958 scurrilitate
786 931 816 958 et
841 927 1003 958 criminum
1026 927 1128 957 stadio
1153 928 1354 966 simillimum,
1374 930 1488 960 meti
1508 930 1659 960 comedere
1683 930 1745 959 laa-

322 968 423 998 cinias
436 978 546 1008 magno
559 970 659 1008 pretio
672 973 769 1000 emtas
780 979 791 1004 ,·
813 979 871 1007 qua
882 972 970 1007 parte
983 969 1148 999 credantur
1162 973 1285 1008 sapere?
1299 980 1340 1000 ari
1351 971 1493 1010 candido,
1508 981 1548 1001 au
1561 973 1630 1001 atro
1644 970 1745 1009 lapide

321 1008 474 1040 notandi?
516 1011 555 1040 Si
568 1012 686 1041 vetulus
699 1010 847 1050 quispiam
858 1011 991 1048 gaudeat
1014 1013 1170 1040 exstruere
1192 1011 1398 1044 domunculas.
1419 1021 1513 1050 parvo
1528 1011 1634 1042 currui
1645 1020 1745 1041 mures

322 1051 465 1091 alligare,
478 1052 580 1082 ludere
593 1061 651 1092 par
665 1052 774 1092 impar,
792 1052 928 1091 equitare
950 1050 982 1080 in
1003 1051 1094 1088 longo
1107 1050 1196 1088 suste
1207 1061 1219 1087 ;
1241 1051 1320 1082 hunc
1341 1052 1426 1083 dicas
1451 1052 1506 1091 agi
1528 1053 1662 1083 vesania.
1706 1052 1743 1082 Si

918 1144 955 1156 θ’
959 1143 974 1154 1
979 1142 1032 1154 000
1036 1141 1129 1154 ‘0000
1133 1142 1150 1154 0

321 1198 428 1227 abeant
443 1197 584 1228 censen¹?
606 1197 748 1236 Cuning.
791 1197 801 1215 ‘
815 1197 894 1227 Sani
905 1200 939 1227 ut
950 1199 1034 1227 creta
1050 1196 1204 1236 legerunt
1219 1201 1362 1237 quatuor
1378 1197 1516 1237 Cruquii
1531 1196 1666 1227 codices
1682 1206 1743 1236 pro

321 1240 399 1270 sani.
460 1239 564 1270 Creta.
599 1240 608 1256 ‘
622 1238 775 1270 Carbone
796 1243 955 1269 notentur
978 1243 1014 1268 ut
1039 1237 1158 1278 insani,
1181 1247 1222 1268 an
1245 1245 1339 1268 creta
1361 1243 1399 1269 ut
1421 1239 1492 1269 sani
1508 1239 1528 1269 ?'
1555 1239 1624 1269 Vet.
1641 1237 1745 1270 Schol.

322 1280 391 1310 Pro
404 1281 472 1310 soni
486 1284 519 1311 ue
535 1284 619 1311 creta
632 1290 672 1311 an
685 1280 812 1310 carbone
825 1279 952 1310 notandi
963 1279 1138 1310 Bentleius
1153 1289 1277 1318 ponere
1295 1280 1399 1310 voluit
1410 1279 1503 1310 satin'
1517 1284 1614 1314 creta.
1626 1289 1667 1310 on
1677 1289 1744 1309 ear-

323 1321 396 1352 bome
417 1322 525 1358 notati,
549 1322 637 1362 quod
663 1322 741 1353 mihi
768 1322 921 1352 vitiosum
946 1320 1101 1351 videtur.¹
1125 1321 1225 1352 Baxt.
1262 1322 1388 1352 notandi
1412 1321 1508 1353 Gon.
1538 1321 1637 1352 notati
1661 1321 1743 1352 Exc-

968 1403 1106 1434 NOTAE

364 1470 425 1499 243
451 1467 562 1503 Quinti
573 1468 731 1507 progenies
745 1466 833 1505 Arri,
849 1465 916 1506 ξω]
940 1466 1004 1497 Pa-

321 1517 405 1547 riter
426 1517 516 1546 leves
545 1525 583 1547 ac
609 1516 767 1546 luxuriosi
790 1516 856 1546 dno
880 1514 1004 1546 fratres

320 1566 363 1596 Q.
393 1564 482 1594 Arrii
511 1564 584 1594 filii.
628 1564 662 1594 Is
692 1564 824 1595 videtur
851 1573 938 1603 esse,
962 1564 1003 1594 de

321 1623 386 1654 quo
402 1622 501 1652 supra
513 1622 560 1644 vs.
577 1615 629 1643 86.

361 1665 422 1693 245
449 1662 608 1692 Lusa-inias
635 1661 720 1692 soliti
747 1661 880 1701 impenso
910 1669 1004 1700 pran-

317 1710 404 1750 dere]
429 1711 502 1741 Val.
520 1711 612 1741 Max.
627 1710 687 1741 cit.
712 1709 721 1726 ‘
736 1709 848 1749 AEsopi
865 1708 1004 1749 Tragoe—

319 1759 354 1790 di
369 1759 478 1797 filius‚’
495 1759 617 1799 inquit,
638 1762 723 1789 ‘non
739 1758 844 1789 solnm
860 1757 1003 1797 perditae

317 1807 376 1838 sed
406 1808 507 1839 etiam
534 1806 668 1838 fnriosae
697 1806 836 1837 luxuriae
855 1806 1003 1846 juvenis,

318 1859 420 1886 cantu
435 1855 715 1885 commendabiles
732 1855 876 1885 aviculas
891 1855 1003 1884 imma-

317 1903 415 1935 nibus
429 1908 534 1934 emtas
550 1903 667 1942 pretiis
683 1903 716 1932 in
732 1910 827 1933 coena
849 1911 908 1941 pro
923 1901 1001 1932 fice-

316 1953 403 1983 dulis
418 1960 553 1991 ponere,
573 1955 734 1991 acetoque
751 1950 894 1990 liquatos
909 1958 1000 1989 mag-

316 2010 370 2032 nae
399 2009 535 2032 summae
565 1999 704 2030 uniones
731 1998 921 2038 potionibus
951 2008 1000 2029 as-

317 2058 458 2090 pergere
483 2049 612 2086 solitus,
638 2047 874 2087 amplissimum
898 2047 999 2087 patri-

317 2099 460 2129 monium
475 2098 566 2128 velut
577 2106 718 2127 amaram
730 2095 892 2126 sarcinam
904 2105 1001 2136 quam

317 2147 493 2178 celerrime
504 2146 653 2185 abjicere
670 2144 832 2184 cupiens!
861 2145 949 2176 Plin.
964 2153 999 2178 x.

315 2198 369 2226 51.
394 2197 404 2212 ‘
415 2195 560 2234 Insignis
577 2199 629 2225 est
641 2218 649 2226 .
662 2216 670 2225 .
684 2216 692 2224 .
707 2194 820 2234 AEsopi
833 2194 1001 2226 histrionis

316 2245 437 2284 tragici
453 2244 567 2284 patina
590 2245 758 2275 sexcentis
775 2244 919 2275 millibus
934 2254 998 2275 ses-

315 2293 454 2324 tertium
478 2298 611 2323 taxata:
639 2293 670 2322 in
701 2302 766 2332 qua
789 2293 900 2332 posuit
922 2302 998 2324 aves

315 2346 415 2373 cantu
445 2342 555 2381 aliquo
584 2346 642 2372 aut
677 2342 820 2372 humano
847 2351 997 2373 sermone

316 2390 462 2428 vocales,
487 2390 627 2420 nummis
649 2399 708 2420 sex
730 2390 876 2430 singulas
888 2390 997 2422 co’e‘m-

316 2446 386 2471 tas:
413 2441 505 2470 nulla
533 2440 597 2471 alia
631 2439 786 2471 inductus
818 2440 998 2479 suavitate,

313 2489 377 2519 nisi
406 2493 444 2519 ut
473 2489 506 2519 in
536 2489 585 2519 his
614 2489 832 2520 imitationem
858 2489 998 2520 hominis

314 2538 502 2578 manderet,
532 2547 573 2569 ne
600 2543 749 2579 quaestus
771 2538 903 2579 quidem
920 2548 997 2570 snos

314 2587 492 2626 reveritus,
505 2587 578 2617 illos
599 2588 726 2627 opimos
749 2592 784 2618 et
799 2596 878 2618 voce
901 2588 998 2618 meri·

315 2641 367 2664 tos
381 2645 388 2665 :
410 2635 528 2674 dignus
544 2645 675 2676 prorsus
691 2635 772 2676 filio,
789 2646 880 2678 aquo
895 2636 997 2668 devo-

315 2688 403 2712 ratas
420 2683 488 2712 dixi
505 2685 723 2724 margaritas?

357 2731 529 2770 Prandere]
567 2734 640 2765 Vox
658 2733 799 2766 fortasse
815 2736 856 2767 ad
873 2745 993 2776 augen-

1058 1465 1132 1495 dam
1156 1464 1310 1496 invidiam
1333 1465 1451 1505 posita.
1497 1465 1584 1496 Nam
1599 1465 1656 1506 qui
1673 1469 1740 1496 tam

1057 1514 1240 1554 exquisitas
1269 1514 1371 1553 dapes
1409 1513 1632 1554 prandebant,
1661 1524 1741 1554 quas

1056 1571 1121 1592 non
1139 1562 1337 1593 coenabant?
1380 1562 1414 1592 Si
1438 1561 1573 1603 quidem
1595 1571 1637 1592 ex
1659 1561 1741 1593 Plu-

1058 1610 1172 1640 tarclio
1200 1610 1353 1649 Sympos.
1387 1619 1467 1640 vm.
1495 1613 1528 1640 6.
1567 1610 1740 1649 prandium‘

1057 1663 1131 1688 erat
1155 1658 1318 1688 matutina
1332 1658 1495 1698 quaepiam
1510 1658 1657 1696 esitatio,
1670 1659 1740 1689 sine

1058 1710 1238 1746 apparatu,
1253 1716 1295 1736 ex
1320 1706 1426 1737 obviis
1443 1706 1661 1747 quibuslibet,
1675 1716 1741 1738 coe-

1056 1763 1099 1786 na
1114 1764 1193 1786 vero
1211 1756 1398 1787 convivium
1413 1760 1563 1796 paratum
1579 1760 1614 1787 et
1627 1755 1740 1787 elabo-

1056 1808 1173 1833 ratum.
1217 1804 1316 1834 Unde
1330 1809 1364 1834 et
1387 1805 1447 1834 soli
1470 1804 1690 1843 prandebant,
1705 1808 1740 1836 at

1055 1851 1232 1882 coenabant
1255 1851 1288 1881 in
1310 1857 1398 1882 coetu
1422 1852 1621 1891 amicorum3
1646 1853 1738 1884 unde

1053 1907 1183 1929 nomen.
1228 1899 1311 1930 vide
1325 1899 1423 1932 Alex.
1437 1898 1478 1931 ab
1499 1900 1598 1932 Alex.
1614 1910 1648 1932 v.
1663 1904 1716 1933 21.

1093 1951 1156 1980 246
1180 1949 1330 1984 Quorsum
1341 1950 1450 1980 abeant
1462 1947 1479 1981 :²
1491 1949 1576 1989 sani]
1598 1951 1741 1983 Quomo-

1054 1997 1097 2028 do
1126 1998 1213 2028 sanis
1240 2003 1511 2030 annumerentur.
1564 1999 1738 2031 Mart-ilius

1053 2046 1140 2077 haud
1157 2047 1299 2078 absurde
1318 2047 1468 2087 corrigit,
1492 2047 1644 2083 Quorsum
1666 2048 1736 2079 abe-

1053 2094 1132 2127 ant?
1154 2095 1275 2128 saniu'?
1302 2100 1400 2135 creta,
1419 2106 1459 2128 an
1480 2097 1608 2128 carbone
1628 2100 1736 2129 notan·

1053 2145 1111 2175 di?

1096 2201 1201 2240 Creta,
1218 2211 1257 2232 an
1277 2202 1404 2234 carbone
1424 2203 1564 2243 notandi]
1589 2203 1641 2234 An
1665 2203 1734 2233 lau·

1053 2248 1165 2285 dandi,
1192 2258 1233 2279 au
1262 2250 1495 2289 vituperandi?
1538 2251 1635 2281 Pers.
1660 2250 1733 2281 Sat.

1052 2308 1085 2331 v.
1105 2302 1175 2330 108.
1197 2304 1205 2317 ‘
1220 2299 1282 2330 ma
1312 2299 1402 2338 prius
1429 2304 1536 2338 creta,
1557 2307 1634 2330 mox
1659 2299 1731 2330 haec

1051 2348 1193 2379 carbone
1208 2345 1353 2378 notasti!
1391 2362 1394 2364 v
1706 2345 1715 2350 “

1090 2399 1151 2427 247
1175 2395 1341 2437 AEdzficare
1355 2404 1451 2434 casas,
1471 2395 1539 2435 &sc-J
1570 2395 1731 2428 Amantes

1050 2445 1150 2475 etiam
1165 2443 1319 2483 desipere
1336 2444 1406 2483 jam
1427 2444 1570 2483 probat;
1594 2449 1731 2486 tamque

1050 2492 1191 2532 puerilia
1218 2500 1331 2531 agere,
1363 2501 1460 2532 quam
1496 2493 1606 2523 solent
1635 2493 1730 2533 pueri

1049 2540 1261 2571 domunculas
1271 2544 1481 2570 exstruentes
1496 2550 1514 2570 e
1527 2550 1623 2572 coeno
1634 2547 1669 2572 et
1683 2542 1729 2572 la-

1048 2591 1147 2631 pillis,
1171 2600 1279 2620 mures
1303 2591 1392 2621 velut
1414 2591 1570 2631 jumenta
1584 2593 1625 2623 ad
1642 2593 1728 2634 plos-

1048 2640 1161 2671 tellum
1178 2639 1364 2678 alligante&
1378 2642 1442 2670 Sec.

1087 2690 1149 2719 248
1171 2687 1289 2719 Ludere
1307 2698 1363 2727 par
1376 2689 1489 2730 impar]
1521 2690 1615 2721 Sicut
1631 2691 1725 2730 pueri

1046 2736 1145 2767 manu
1168 2742 1356 2776 prementes
1378 2738 1509 2777 copiam
1532 2747 1664 2778 nucum,
1678 2737 1726 2768 fa·
