1936 3236
380 306 463 346 574

840 322 888 358 Q.
920 320 1125 350 HORATH
1160 320 1327 350 FLAch

604 410 736 450 Dirus
757 422 831 462 per
850 412 980 451 nrbes
1003 411 1105 451 Afer
1125 414 1172 451 ut
1194 411 1345 461 Italas,

657 475 745 515 Ceu
765 475 938 516 flamma
959 489 1033 528 per
1054 477 1206 525 taedas,
1227 477 1291 517 vel
1313 477 1450 518 Eurus

712 539 796 579 Per
816 540 986 581 Siculas
1006 542 1216 593 equitavit
1234 542 1384 583 undas.

600 604 708 644 Post
727 605 808 645 hoc
829 606 1032 646 secundis
1054 619 1189 658 usque
1205 607 1423 648 laboribus

605 670 804 710 Romana
822 671 959 722 pubes
978 672 1133 722 crevit3
1163 676 1204 712 et
1221 673 1356 724 impio

652 734 842 776 Vastata
864 736 1095 777 Poenorum
1115 738 1297 778 tumultu

714 799 834 840 Fana
855 801 974 840 Deos
994 801 1182 842 habuere
1201 807 1368 844 rectos:

597 865 810 918 Dixitque
832 867 1003 907 tandem
1026 867 1217 920 perfidus
1240 868 1486 910 Hannibal:

599 931 740 977 Cervi,
760 932 955 984 luporum
978 933 1128 984 praeda
1147 934 1383 985 rapacium,

1738 939 1794 980 50

374 1063 455 1094 toria
467 1064 602 1103 gloriosa
616 1064 812 1104 resplenduit,
831 1067 949 1105 quando
963 1066 1093 1096 crudelis
1103 1066 1272 1104 Africanus
1295 1077 1349 1108 per
1366 1068 1469 1099 Italiae
1489 1068 1631 1099 civitates
1644 1067 1795 1099 discurre-

374 1104 426 1134 bat
441 1107 523 1135 velut
537 1106 620 1144 ignis
632 1116 687 1146 per
702 1108 810 1146 taedas,
827 1109 872 1137 vel
889 1108 990 1137 Eurus
1009 1117 1062 1146 per
1076 1117 1158 1138 mare
1179 1108 1308 1139 Sicilire.
1354 1110 1476 1140 Exinde
1498 1110 1636 1140 Romanu
1646 1109 1793 1148 juventus

373 1155 488 1185 semper
499 1148 646 1184 felicibus
674 1148 914 1186 expeditionibus
942 1149 1107 1179 inclaruit:
1137 1152 1166 1179 et
1193 1150 1302 1189 templa
1327 1151 1472 1181 scelerato
1504 1151 1794 1190 Carthaginensium

372 1186 447 1217 bello
469 1188 573 1219 diruta
591 1192 707 1219 stanles
724 1189 892 1220 habuerunt
913 1190 1005 1220 Deos.

1052 1190 1243 1230 Tandemque
1258 1191 1394 1231 perfidus
1414 1192 1570 1223 Hannibal
1588 1193 1691 1224 dixit.-
1715 1192 1793 1231 Nos,

962 1281 1178 1294 eaeeeeemn
1184 1282 1202 1294 ο

372 1350 456 1371 nnus
471 1342 574 1382 Cruq.
590 1352 664 1374 cum
675 1343 786 1373 Schol.
805 1344 816 1361 ‘
828 1345 940 1374 statim
955 1344 1065 1383 fi1g1t‚’
1088 1354 1171 1375 unus
1189 1345 1318 1375 Bersm.
1358 1345 1415 1376 Sic
1427 1349 1462 1376 et
1477 1345 1554 1376 ΑΜ.
1569 1345 1709 1377 Ascens.
1724 1345 1792 1376 Ba-

370 1382 433 1412 sill.
450 1383 607 1414 Glarean.
621 1388 656 1414 et
673 1385 770 1415 Fabr.
793 1389 824 1415 et
841 1395 900 1423 pro
915 1388 949 1415 ut
965 1386 1053 1423 Lips.
1066 1388 1180 1416 4.-43
1205 1386 1298 1416 Unus
1315 1386 1526 1426 Bersmauni,
1540 1387 1681 1418 Mentel.
1697 1387 1791 1426 Lips-

370 1425 402 1453 4.
418 1428 451 1454 et
469 1424 539 1454 Alt.
553 1427 582 1455 1.
597 1429 627 1455 et
645 1426 758 1456 Eurus.
792 1426 936 1464 cunina.
953 1426 1084 1456 emend.
1099 1430 1134 1457 ut
1155 1427 1267 1466 Eurus,
1290 1427 1500 1466 improbante
1516 1428 1690 1460 hub—45
1713 1427 1791 1459 Post

370 1464 434 1495 hoec
448 1465 545 1496 Harl.
565 1468 683 1497 6.-48
708 1467 840 1498 Marcu.
855 1468 942 1507 conj.
958 1468 1086 1498 habuere
1100 1471 1206 1508 tectos,
1221 1470 1359 1500 resartis
1377 1470 1575 1509 templorum
1592 1470 1701 1501 tectis.
1745 1469 1790 1500 Et

1005 1561 1144 1592 NOTAE

408 1623 452 1652 42
474 1621 568 1662 Afer]
593 1621 774 1662 Hannibal,
788 1623 830 1654 de
845 1632 910 1663 quo
935 1623 994 1654 lib.
1011 1632 1051 1654 ιι.

371 1669 436 1700 Οᾱ.
454 1673 503 1700 12.

410 1721 450 1749 43
476 1718 686 1759 Ceuflamma]
709 1718 833 1750 Omnia
856 1719 924 1759 igni
945 1719 1051 1751 ferro-

369 1778 433 1808 que
450 1773 596 1799 vastans.

413 1816 534 1856 Taedus]
559 1816 706 1847 Arbores
729 1817 839 1856 ignem
862 1816 960 1848 facile
975 1827 1051 1848 cou-

369 1864 547 1903 cipientes,
575 1864 617 1894 ob
647 1865 789 1895 resinam
819 1875 915 1906 quam
945 1867 1051 1896 conti-

369 1917 448 1944 nent
461 1923 471 1941 :
493 1923 511 1943 e
536 1922 658 1952 genere
674 1918 750 1945 sunt
767 1914 913 1954 pinnum.
944 1916 995 1946 De
1013 1916 1050 1946 iis

367 1961 456 1992 Plin.
472 1970 547 1992 xvr.
564 1965 613 1993 10.
629 1966 663 1992 et
679 1972 746 2003 seq.

409 2009 529 2050 Eurus]
556 2010 685 2042 Ventus
707 2011 748 2042 ab
764 2011 851 2043 Ortu
871 2011 967 2049 flans,
989 2022 1049 2053 pro

366 2058 516 2098 quolibet
532 2063 653 2090 vento:
678 2064 712 2090 et
733 2061 822 2091 undae
842 2060 964 2100 Siculoe,
990 2071 1050 2101 pro

365 2109 516 2148 quolibet
532 2109 626 2140 mari.
648 2109 853 2150 Syuecdoch.

407 2159 446 2188 45
472 2157 549 2188 Post
561 2158 614 2188 hoc
626 2159 763 2190 secundis
778 2169 870 2199 usque
884 2160 1047 2200 laboribus,

364 2205 434 2245 Esau]
471 2206 566 2237 Caeso
602 2207 826 2248 Hasdrubale,
861 2210 1048 2241 Hannibale

366 2264 446 2297 vero
468 2261 503 2286 et
524 2255 637 2287 Poenis
661 2266 703 2287 ex
728 2257 828 2288 Italia
849 2260 1048 2290 extermina-

365 2305 422 2343 tis,
438 2304 472 2335 in
488 2305 560 2336 dies
583 2306 686 2344 magis
702 2316 740 2336 ac
765 2307 870 2346 magis
887 2317 1050 2348 prospera

365 2362 499 2391 gessere
527 2353 612 2384 bella
643 2354 802 2394 Romaui3
829 2356 969 2386 increvit
1000 2358 1048 2387 in-

365 2402 549 2442 claruitque
565 2402 668 2442 pubes
695 2408 729 2434 et
752 2404 856 2435 virtus
880 2405 976 2434 Rom.
992 2405 1047 2435 im-

366 2459 418 2480 mo
434 2450 512 2482 belli
527 2451 682 2482 incendia
698 2452 730 2482 in
752 2451 902 2484 Africam
915 2458 950 2483 et
967 2453 1047 2484 Car·

366 2498 532 2538 thaginem
549 2500 654 2540 ipsam
677 2502 864 2532 transmissa
879 2506 966 2533 sunt.
993 2503 1047 2533 Vi-

366 2547 407 2576 de
424 2548 512 2579 Flor.
531 2558 572 2580 ιι.
586 2554 616 2581 6.

407 2597 448 2626 48
472 2596 558 2628 Fama
579 2599 657 2629 Deos
679 2599 809 2631 habuere
829 2601 943 2641 rectos]
967 2600 1047 2633 Qui-

365 2644 440 2674 dam
458 2645 627 2684 explicant
649 2652 756 2687 rectos,
771 2658 881 2690 aequos
897 2654 931 2680 et
942 2649 1047 2680 vindi-

363 2702 421 2723 ces
448 2693 480 2723 in
515 2694 651 2733 impium
690 2697 930 2728 Hannibalem:
966 2699 1044 2729 alii:

365 2746 506 2781 stantes,
520 2752 559 2774 ac
574 2743 607 2773 in
619 2754 676 2775 sua
691 2745 761 2776 basi
774 2746 941 2777 restitutas
955 2747 1044 2778 Deo-

362 2799 436 2821 rum
464 2790 637 2832 imagines,
663 2803 742 2834 quas
761 2794 864 2835 impie
890 2794 1044 2827 deturba-

1105 1627 1182 1655 rant
1199 1624 1308 1663 Poeni,
1321 1624 1446 1665 absque
1462 1624 1530 1655 ulla
1546 1624 1726 1656 Numinnm
1738 1634 1789 1656 re—

1105 1673 1264 1704 verentia.
1298 1674 1367 1704 Liv.
1383 1682 1484 1704 xxvi.
1500 1675 1550 1704 ll.
1583 1674 1593 1691 ⁸
1610 1673 1664 1704 Ad
1678 1674 1788 1706 lucum

1105 1721 1254 1752 Ferouiae
1270 1744 1278 1753 .
1296 1742 1304 1752 .
1322 1743 1330 1752 .
1348 1723 1508 1762 templum
1531 1731 1570 1752 ea
1583 1725 1789 1762 tempestate

1103 1769 1266 1809 inclytum
1297 1770 1431 1801 divitiis.
1457 1792 1466 1802 .
1490 1792 1499 1802 .
1521 1791 1531 1802 .
1555 1771 1606 1802 his
1637 1771 1788 1803 omnibus

1102 1819 1280 1858 spoliatum
1298 1819 1372 1850 est-¹

1144 1869 1186 1897 49
1207 1867 1352 1908 Perfidus
1367 1868 1540 1908 Hannibal]
1565 1867 1635 1901 Liv.
1655 1876 1735 1900 xxx.
1757 1871 1789 1900 4.

1103 1915 1208 1945 vivam
1226 1915 1423 1946 Hannibalis
1437 1917 1612 1957 imaginem
1627 1917 1788 1958 graphice

1102 1964 1303 1996 delineatam
1323 1964 1470 1996 exhibet.
1506 1964 1516 1981 ‘
1531 1965 1714 1996 Plurimum
1731 1975 1788 1996 au—

1101 2012 1222 2051 daciae,
1237 2035 1245 2044 .
1258 2035 1268 2044 .
1284 2013 1460 2053 plurimum
1477 2013 1602 2044 consilii
1608 2034 1700 2045 .....
1713 2014 1787 2044 uul-

1100 2063 1132 2093 lo
1149 2062 1262 2093 labore
1278 2072 1398 2103 corpus
1423 2063 1571 2103 fatigari,
1587 2068 1645 2095 aut
1659 2064 1786 2094 animus

1104 2111 1190 2142 vinci
1215 2116 1349 2151 poterat
1364 2134 1372 2143 .
1388 2133 1395 2142 .
1411 2134 1420 2143 .
1437 2112 1620 2143 Inhumana
1644 2112 1787 2144 crudeli-

1102 2164 1165 2199 tas,
1189 2160 1330 2201 perfidia
1345 2161 1517 2202 plusquam
1534 2161 1680 2193 Punica:
1703 2161 1787 2192 nihil

1102 2210 1184 2249 veri,
1198 2210 1277 2240 nihil
1293 2211 1412 2246 sancti,
1425 2211 1532 2242 nullus
1542 2211 1649 2242 Deum
1663 2215 1785 2249 metus,

1101 2258 1223 2289 nullum
1235 2258 1482 2298 jusjurandum,
1498 2259 1588 2289 nulla
1603 2258 1742 2298 religio!

1135 2307 1246 2338 Dixz't:
1261 2307 1516 2347 Cervisluporum,
1526 2308 1596 2348 δῖα]
1607 2308 1700 2340 Bella
1711 2309 1783 2340 haec

1100 2357 1170 2387 laus
1183 2366 1224 2387 ex
1240 2357 1384 2387 hostium
1397 2365 1453 2387 ore
1468 2355 1631 2396 profecta.
1653 2356 1782 2388 Aristo-

1099 2406 1185 2436 teles
1201 2415 1275 2436 eum
1293 2405 1412 2436 asserit
1436 2414 1512 2436 vere
1536 2405 1668 2443 bonum,
1685 2414 1782 2446 quem

1100 2455 1240 2494 perinde
1265 2454 1388 2485 inimici
1415 2458 1450 2486 et
1474 2454 1615 2495 improbi
1631 2454 1782 2496 adeoque

1100 2503 1246 2534 universi
1257 2503 1407 2534 laudant.

1142 2555 1182 2584 50
1207 2553 1309 2591 Cervi,
1335 2553 1470 2592 luporum
1487 2553 1688 2593 proeda‚85·c.]
1711 2554 1782 2586 Nos

1099 2601 1377 2641 Carthaginenses
1389 2605 1547 2642 tanquam
1562 2602 1652 2633 cervi
1667 2602 1783 2637 imbel-

1099 2652 1147 2681 les
1163 2651 1251 2681 ultro
1266 2654 1434 2682 sectamur
1449 2650 1628 2690 Romanos,
1642 2661 1779 2692 quornm

1100 2698 1202 2729 veluti
1226 2699 1378 2738 luporum
1405 2699 1573 2737 rapacium
1599 2698 1704 2730 futuri
1727 2709 1781 2731 su-

1098 2756 1170 2777 mus
1184 2747 1316 2787 praeda3
1339 2757 1486 2787 quosque
1504 2748 1642 2788 proinde
1653 2747 1779 2784 fallere,

1098 2805 1157 2827 seu
1169 2795 1296 2827 evitare
1309 2799 1426 2827 contra
1437 2796 1593 2828 debemus
1605 2807 1614 2828 :
1637 2806 1709 2829 nam
1720 2797 1778 2829 hos
