1904 3256
293 287 376 327 576
761 300 802 337 Q.
833 299 1037 330 HORATH
1071 299 1240 330 FnAcci

515 389 645 432 Vinci
665 391 883 433 dolentem
903 393 1039 434 crevit
1056 393 1101 432 in
1122 379 1356 432 Herculem
1375 406 1386 443 ;

573 455 869 497 Monstrumve
891 459 1147 498 summisere
1161 457 1318 498 Colchi

605 530 608 533 ⁴
627 521 792 574 Mnjus,
815 521 1095 563 Echioniaeve
1114 522 1292 564 Thebae.

516 585 685 626 Merses
704 586 936 640 profundo,
957 587 1173 640 pulchrior
1191 588 1356 628 evenit:

516 650 712 700 Luctere,
732 652 870 692 multa
890 657 1062 705 proruet
1078 653 1284 705 integrum

572 716 682 756 Cum
703 718 832 758 laude
853 719 1078 768 victorem,
1099 710 1298 771 geretque

630 783 791 823 Praelia
809 783 1065 836 conjugibus
1084 784 1315 836 loquenda.

517 847 769 900 Carthagini
781 848 873 901 jam
893 861 981 889 non
999 862 1078 901 ego
1095 851 1269 890 nuntios

292 976 399 1011 putato
418 984 541 1014 corpore
564 976 700 1014 vegetior
726 976 920 1015 repullulavit
939 979 1046 1006 contra
1061 976 1226 1010 Herculem
1243 976 1382 1014 superari
1403 977 1483 1007 haud
1502 985 1588 1016 oequo
1612 975 1713 1007 animo

287 1013 439 1050 ferentem
450 1028 459 1046 :
481 1026 575 1056 neque
587 1017 716 1055 gravius
727 1020 902 1056 portentum
917 1017 1060 1048 invexere
1075 1018 1192 1055 Colchi,
1207 1019 1254 1048 vel
1266 1018 1374 1048 Thebae
1393 1018 1536 1048 Echionis
1550 1027 1633 1057 opus.
1677 1017 1714 1047 Si

294 1057 374 1087 mari
395 1059 564 1096 detlinges,
579 1059 691 1088 clarior
705 1059 805 1089 redit:
827 1059 855 1088 si
869 1067 1035 1098 oppugnes,
1058 1068 1125 1089 cum
1149 1069 1263 1090 summa
1281 1060 1383 1098 gloria
1397 1059 1557 1090 debellabit
1570 1059 1714 1089 victorem

290 1096 455 1137 integrum,
471 1109 505 1130 ac
526 1100 694 1130 certamina
708 1099 855 1130 matronis
878 1101 1073 1139 predicanda
1101 1101 1248 1142 conficiet.
1292 1101 1366 1131 Non
1394 1103 1477 1131 ultra
1508 1110 1563 1139 ego
1592 1101 1714 1131 nuntios

887 1190 1122 1204 eeeeeeeeeeee

294 1256 334 1284 65
358 1253 480 1284 Mersus
504 1253 652 1284 nonnulli
678 1253 794 1284 Lamb.
819 1253 884 1283 dno
908 1253 1052 1283 Blandd.
1075 1253 1177 1294 Cruq.
1205 1263 1317 1284 omnes
1341 1254 1453 1285 Pulm.
1478 1263 1562 1284 unus
1587 1254 1717 1285 Bersm.

293 1295 397 1325 Brod.
413 1303 526 1325 omnes
539 1294 609 1326 fere
623 1295 736 1326 Bentl.
753 1299 876 1333 praeter
891 1294 1004 1325 Graev.
1019 1298 1054 1324 et
1070 1295 1190 1334 Regin.
1207 1295 1348 1326 Mentel.
1365 1296 1462 1326 Harl.
1479 1299 1512 1326 4.
1530 1295 1622 1334 Lips.
1640 1297 1669 1326 1.
1685 1296 1717 1327 3.

293 1339 326 1366 4.
349 1336 492 1366 Helmst.
510 1336 606 1365 Dess.
620 1338 651 1365 2.
669 1341 703 1365 et
714 1336 812 1366 editt.
829 1336 956 1374 primae.
1000 1335 1064 1365 Sed
1083 1345 1157 1366 esse
1174 1336 1312 1366 deberet
1327 1338 1434 1366 Mersa
1446 1337 1489 1366 ob
1505 1346 1551 1366 vs.
1565 1339 1615 1367 58.
1627 1346 1716 1375 gens,

294 1386 373 1415 qum,
387 1378 440 1415 850.
457 1377 579 1406 Mersus
593 1385 676 1406 unus
691 1377 819 1407 Bersm.
851 1375 1008 1414 pulchrior
1021 1376 1131 1406 eminet
1145 1377 1232 1415 conj.
1247 1377 1332 1407 Cun.
1349 1377 1436 1408 haud
1458 1377 1560 1407 dubie
1572 1377 1615 1408 ob
1630 1378 1718 1407 inso-

294 1417 418 1447 lentius
437 1417 571 1447 verbum
598 1420 606 1434 ‘
618 1416 777 1447 evenire!
819 1417 939 1447 Merses
952 1416 1047 1447 Harl.
1064 1418 1093 1446 1.
1106 1419 1138 1447 2.
1154 1420 1185 1447 3.
1200 1422 1230 1447 5.
1246 1420 1276 1447 6.
1300 1418 1354 1449 alii
1378 1423 1412 1448 et
1429 1418 1507 1448 edd.
1523 1423 1666 1449 recentt.
1682 1422 1718 1448 et

295 1459 487 1498 πύῳ-66
509 1458 640 1488 Luctare
656 1458 799 1488 Helmst.
814 1467 889 1488 cum
904 1458 1012 1488 Schol-
1036 1459 1046 1476 ‘
1063 1463 1260 1498 pugnatore,
1280 1459 1464 1490 luctatore’
1488 1465 1524 1490 ut
1550 1468 1625 1490 cum
1650 1460 1716 1499 put-

295 1499 577 1540 chriorjungatur.
621 1500 759 1530 Ductore
775 1499 916 1530 Mentel.
927 1508 1011 1529 unus
1024 1499 1153 1530 Bersm.
1174 1501 1295 1539 proruit
1311 1501 1458 1531 Bentleii
1474 1501 1588 1532 Graev.
1604 1505 1637 1532 et
1652 1501 1719 1532 Ga-

295 1541 392 1571 nens.
407 1551 483 1571 mox
499 1542 599 1571 etiam
613 1541 757 1580 geritque
781 1540 928 1571 Bentleii
944 1541 1073 1572 Zulicb.
1090 1547 1125 1571 et
1140 1540 1290 1572 Galiens.
1333 1542 1388 1572 Sic
1415 1542 1468 1572 ed.
1495 1543 1608 1573 Bentl.
1634 1543 1718 1573 Cun-

296 1583 373 1614 Sau.
389 1583 476 1614 Sivr.
491 1582 641 1622 Towers,
656 1582 807 1622 Francis,
824 1580 960 1613 Wakef.
978 1587 1012 1613 et
1026 1582 1116 1614 Jani.
1161 1583 1170 1599 ‘
1185 1583 1250 1613 Sed
1274 1583 1401 1623 optime
1425 1583 1528 1614 habet
1549 1585 1718 1615 sententia

935 1674 1077 1708 NOTAE

296 1746 533 1779 dem,Lernam
543 1748 674 1778 nomine
686 1758 694 1786 ;
707 1747 794 1778 unde
807 1748 982 1779 Lernaeum

296 1799 480 1826 monstrum
497 1796 538 1826 ab
555 1797 612 1826 illo
630 1797 790 1827 domitum
814 1797 901 1827 inter
916 1797 983 1829 alia

297 1844 497 1875 celebratur.
543 1845 685 1884 Paleph.
699 1845 826 1885 Hygin.
841 1845 984 1877 Diodor.

296 1893 400 1924 Sicul.
418 1901 453 1924 v.
470 1896 500 1923 2.
527 1893 646 1933 Vin-gil.
663 1893 795 1924 AEneid.
815 1902 893 1924 vm.
909 1896 981 1924 300.

295 1941 305 1959 ‘
319 1943 478 1972 Lernaeus
502 1942 600 1973 turba
622 1942 772 1982 capitum
788 1943 982 1974 circumste-

298 1991 340 2022 tit
354 1991 495 2030 anguis!

341 2040 492 2080 firmior]
515 2040 655 2081 Supple,
670 2050 768 2082 quam
782 2040 848 2072 fuit
862 2042 983 2072 Roma-

297 2098 343 2120 na
371 2099 465 2130 gens,
488 2095 524 2120 et
549 2090 699 2121 excrevit
722 2090 928 2131 invaluitque
950 2091 982 2120 in

298 2147 359 2169 nos
389 2139 539 2170 Poenos:
567 2139 656 2169 sieut
692 2139 797 2180 hydra
826 2139 983 2170 adversus

299 2187 483 2218 Herculem
501 2188 622 2228 ubique
645 2188 779 2220 vincere
803 2193 984 2227 assuetum,

299 2238 509 2280 proindeque
534 2249 597 2270 nec
621 2240 723 2270 semel
745 2239 832 2270 vinci
853 2239 984 2280 patien-

302 2292 382 2319 tem.

341 2339 382 2366 63
406 2337 618 2368 Monstrumve
653 2339 825 2369 summisere
863 2338 984 2378 Colchi]

302 2385 466 2425 Loquitur
482 2385 523 2416 de
539 2386 683 2418 dracone
705 2387 842 2418 insomni
865 2397 903 2418 ae
919 2392 984 2418 ter-

301 2434 392 2465 ribili
408 2434 539 2465 velleris
555 2435 647 2466 aurei
670 2436 820 2474 custode,
843 2437 939 2476 cnjus
965 2446 983 2467 e

303 2483 460 2513 dentibus
489 2483 658 2515 seminatis
689 2484 805 2515 armati
834 2482 983 2515 homines

290 2533 412 2562 exorti
424 2531 556 2563 Medeae
569 2533 769 2563 carminibus
781 2533 823 2564 ad
839 2539 985 2564 mutuam

302 2579 566 2612 internecionem
593 2582 725 2613 incitati
751 2583 905 2622 periere:
935 2582 986 2613 vel

303 2627 348 2658 de
375 2627 455 2667 ipsis
479 2629 543 2660 illis
570 2631 769 2671 prodigiosis
789 2631 985 2662 hominibus.

303 2676 391 2707 Vide
408 2677 510 2708 Ovid.
524 2679 608 2710 Met.
627 2689 691 2711 vu.

349 2722 468 2765 Colchi]
493 2725 540 2756 Hi
570 2730 685 2767 populi
707 2728 798 2760 Asiae
820 2728 861 2759 sd
887 2728 987 2759 Euxi-

305 2782 383 2805 num
414 2774 574 2811 Pontum,
595 2776 651 2808 ubi
675 2787 762 2809 nunc
788 2777 988 2817 Mengrelis,

1035 1756 1111 1787 pars
1126 1747 1284 1787 Georgiae
1299 1748 1456 1787 regionis.

1078 1797 1272 1828 Echioniaere
1297 1796 1422 1836 Thebae]
1458 1797 1613 1832 Cadmus,
1642 1798 1718 1830 Rex

1035 1845 1238 1885 Thebarum,
1260 1846 1430 1876 seminatis
1454 1847 1592 1886 pariter,
1618 1851 1656 1878 ut
1675 1848 1718 1878 de

1035 1893 1159 1926 Jasone
1175 1903 1277 1934 supra
1291 1895 1430 1934 dictum,
1443 1895 1598 1926 draconis
1612 1896 1721 1927 denti-

1036 1942 1109 1982 bus,
1126 1947 1266 1982 repente
1279 1943 1369 1973 nasci
1380 1943 1464 1974 vidit
1475 1945 1659 1975 exercitum
1676 1946 1718 1976 ad

1035 2000 1127 2021 arma
1154 1995 1367 2032 mutuamque
1395 1993 1521 2023 caedem
1551 1998 1717 2033 paratum.

1034 2039 1120 2071 Inde
1146 2049 1226 2071 vero
1251 2040 1417 2080 superfuit
1438 2041 1578 2081 Echion,
1604 2047 1720 2082 postea

1037 2090 1154 2121 Cadmi
1182 2099 1295 2130 gener,
1321 2097 1420 2131 atque
1449 2090 1483 2120 in
1514 2090 1719 2123 aedificandis

1035 2139 1160 2170 Thebis
1175 2138 1319 2178 adjutor.

1077 2191 1117 2219 65
1141 2189 1274 2228 Merses]
1305 2188 1359 2219 Ab
1388 2188 1548 2220 inusitato
1576 2189 1718 2225 ‘merso,

1037 2238 1095 2269 as!

1077 2289 1119 2317 68
1143 2286 1330 2325 Coniugibus
1349 2285 1508 2325 loquendo]
1530 2286 1626 2317 Inter
1640 2296 1719 2317 eon-

1032 2336 1132 2376 juges
1147 2340 1183 2366 et
1203 2335 1368 2376 quaslibet
1391 2335 1545 2366 mulieres
1567 2345 1719 2366 sermone

1037 2385 1235 2417 celebranda
1258 2385 1396 2425 praelia;
1424 2394 1482 2416 seu
1505 2385 1565 2416 viri
1587 2386 1717 2416 illarum

1038 2437 1096 2464 ant
1114 2434 1175 2464 filii
1195 2435 1248 2465 vel
1271 2434 1403 2474 cognati
1429 2434 1510 2465 vieti
1532 2434 1718 2466 victoresve

1036 2482 1191 2513 fuissent.

1079 2535 1120 2563 69
1145 2532 1329 2571 Carthagini
1349 2532 1418 2570 jam
1439 2542 1499 2563 non
1523 2542 1578 2572 ego
1601 2533 1720 2562 nuntios

1037 2582 1181 2620 Mittam,
1208 2581 1277 2621 εμπ]
1300 2582 1376 2613 Non
1403 2581 1562 2622 deinceps
1588 2583 1719 2613 mittam

1036 2630 1269 2671 Carthaginem
1305 2631 1468 2671 superbos
1506 2632 1719 2663 victoriarum

1038 2689 1186 2710 mearum
1216 2680 1360 2719 nuntios,
1395 2681 1504 2721 inquit
1539 2681 1720 2722 Hannibal,

1040 2728 1153 2768 quales
1178 2732 1255 2768 post
1276 2729 1482 2760 Cannensem
1502 2729 1643 2771 cladem,
1655 2731 1718 2761 &e-

1040 2777 1127 2808 Vide
1143 2777 1214 2809 Liv.
1231 2786 1337 2809 xxm.
1356 2781 1405 2810 11.
1421 2783 1457 2810 et
1473 2782 1523 2810 12.
