1890 3256
652 293 927 327 smuuonnm
961 293 1058 325 mn.
1091 294 1143 324 11.
1174 283 1216 326 G.
1556 284 1667 327 1031

215 387 428 430 Solicitas
448 388 629 442 ignarus
650 401 775 442 opes,
793 390 860 431 sic
880 389 1065 443 incipit:
1096 388 1133 438 ἺῘ
1149 388 1268 431 Olim

214 453 429 496 Rusticus
445 455 651 497 urbanum
672 468 839 498 murem
859 470 957 498 mus
978 470 1173 511 paupere
1193 457 1325 499 fertur
1612 456 1668 498 80

211 521 462 575 Accepisse
481 532 609 571 cavo,
628 525 818 563 veterem
838 527 964 565 vetus
982 523 1151 577 hospes
1172 524 1392 576 amicum3

212 588 378 642 Asper,
399 589 443 628 et
461 590 657 628 attentus
678 589 897 641 quaesitis,
916 593 963 630 ut
987 592 1133 630 tamen
1155 593 1324 632 arctum

211 655 414 697 Solveret
431 653 642 707 hospitiis
662 655 871 696 animum.
929 654 1054 706 Quid
1074 657 1212 698 multa
1227 657 1247 697 'l
1278 669 1422 711 neque
1441 656 1515 698 ille

212 721 408 775 Sepositi
425 720 600 771 ciceris,
621 734 706 762 nec
726 722 871 774 longae
891 722 1048 764 invidit
1069 734 1249 765 avenae:

209 786 395 829 Aridum
413 789 458 827 et
477 798 551 828 ore
571 786 716 828 ferens
737 789 928 838 acinum,
952 801 1216 842 semesaque
1236 788 1351 830 lardi
1609 788 1666 832 85

210 853 372 896 Frusta
389 852 527 903 dedit,
550 854 733 908 cupiens
750 855 869 895 varia
887 855 1068 896 fastidia
1087 867 1216 896 coena

209 918 395 962 Vincere
416 919 633 973 tangentis
652 920 767 961 male
789 920 962 973 singula
983 919 1113 962 dente
1134 922 1326 975 superbo
1343 934 1355 972 ;

209 985 324 1028 Cum
343 991 473 1041 pater
491 987 590 1040 ipse
608 986 769 1028 domus
790 987 921 1041 palea
942 991 1172 1041 porrectus
1194 989 1237 1030 in
1258 988 1396 1029 horna

206 1051 342 1096 Esset
361 1053 472 1095 ador
490 1052 750 1107 loliumque,
772 1054 902 1108 dapis
920 1055 1102 1096 meliora
1124 1055 1394 1108 relinquens.

207 1173 283 1213 tias,
295 1175 343 1207 ita
356 1176 521 1208 exorditur
531 1187 542 1208 .·
567 1178 731 1213 Quondam
746 1186 815 1210 mus
828 1179 966 1217 agrestis
989 1179 1139 1210 urbanum
1160 1190 1278 1212 murem
1298 1181 1464 1212 cavernula
1478 1180 1596 1215 dicitur
1610 1190 1665 1212 ex-

205 1217 332 1256 cepisse,
342 1222 434 1250 vetus
447 1219 556 1260 hospes
569 1224 703 1251 veterem
723 1220 856 1252 amicum
863 1231 875 1257 ;
896 1222 1007 1260 durus,
1023 1225 1054 1252 et
1069 1223 1227 1254 studiosus
1240 1232 1343 1254 rerum
1357 1226 1574 1263 congestarum
1587 1233 1598 1259 ,·
1618 1223 1668 1253 ita

206 1260 308 1290 tamen
321 1263 356 1292 ut
372 1261 509 1292 numum
522 1262 702 1294 restrictum
722 1264 844 1294 laxaret
869 1262 1024 1303 hospitum
1048 1265 1168 1302 gratia.
1215 1266 1300 1301 Quid
1325 1266 1440 1306 plura?
1486 1266 1552 1297 Nec
1571 1274 1666 1305 parce

205 1301 294 1333 dedit
308 1311 325 1333 e
338 1307 481 1342 congesto
494 1303 604 1344 cicere,
630 1314 685 1336 nec
706 1314 747 1336 ex
771 1314 868 1336 avena
883 1305 1034 1345 oblonga.-
1056 1316 1108 1337 ore
1128 1310 1258 1347 portans
1278 1308 1402 1339 acinum
1414 1308 1614 1346 desiccatum,
1634 1310 1667 1338 et

206 1351 323 1375 semesa
336 1344 570 1382 lardisrustulu
584 1346 708 1386 obtulit,
721 1351 832 1387 optans
853 1347 1019 1387 multiplici
1034 1348 1112 1388 dape
1124 1349 1248 1380 vincere
1261 1350 1583 1388 nuuseamsastidiose
1602 1348 1666 1380 sin·

202 1385 280 1423 gula
293 1386 460 1418 delibantis
479 1388 606 1428 superbo
626 1390 738 1425 ἀρνεία
764 1390 837 1420 dum
850 1389 917 1429 ipse
931 1390 1046 1420 oedium
1058 1391 1203 1421 dominus
1215 1391 1252 1422 in
1266 1392 1418 1423 stramine
1430 1392 1541 1430 jacens
1561 1393 1666 1423 ederet

194 1426 392 1464 frumentum
405 1439 442 1461 ac
457 1429 621 1471 zizaniam,
634 1430 712 1461 cibis
725 1430 851 1470 optimis
865 1431 1033 1463 abstinens.
1079 1432 1225 1472 Denique
1242 1433 1379 1464 urbanus
1393 1433 1474 1464 hunc
1489 1434 1534 1465 sic
1549 1434 1665 1464 allocu-

811 1534 1049 1548 OOOOOOOOOOOO

203 1607 320 1640 Plaut.
335 1609 371 1641 in
388 1610 484 1642 Pers.
507 1620 548 1643 11.
563 1614 594 1644 3.
611 1611 673 1643 13.’
699 1612 776 1644 Fea.
811 1622 884 1643 nam
910 1613 940 1643 si
962 1613 1031 1652 quis
1059 1613 1158 1644 Harl.
1183 1614 1302 1644 6.-81
1328 1611 1426 1642 Harl.
1444 1613 1476 1641 4.
1500 1609 1666 1650 Accepisse

202 1654 373 1683 casm-82
394 1653 496 1694 Asper
510 1657 541 1685 et
554 1654 699 1685 intentus
722 1654 887 1686 tredecim
914 1654 1014 1687 codd.
1038 1664 1093 1694 ap.
1119 1655 1233 1686 Feam.
1260 1653 1318 1684 alii
1341 1654 1428 1684 Mss.
1445 1652 1534 1692 apud
1561 1652 1664 1693 Cruq.

206 1691 336 1732 Acron,
348 1693 434 1726 edit.
445 1696 556 1727 Venn.
573 1698 668 1727 1486.
685 1699 781 1728 1514.
805 1697 814 1713 ‘
829 1697 973 1727 Rectius
987 1697 1128 1727 aliorum
1145 1697 1231 1727 Mss.
1249 1702 1285 1727 et
1301 1695 1468 1726 editorum
1486 1694 1663 1734 vulgatum

202 1737 367 1772 attenta-u
391 1735 433 1767 ad
449 1743 598 1769 mentem
615 1739 776 1778 auctoris,
793 1739 849 1779 qui
867 1739 983 1770 laudat
1001 1738 1203 1780 prudentem
1219 1737 1348 1769 domini
1365 1736 1569 1775 custodiam,
1586 1740 1624 1767 ut
1638 1745 1663 1767 ι.

202 1775 314 1816 Epist.
328 1780 360 1809 7.
375 1781 430 1810 91.
443 1788 509 1810 nou
526 1780 626 1811 unice
644 1780 676 1811 iu
690 1780 724 1811 id
738 1781 980 1812 incumbentis.
1023 1781 1154 1812 Similia
1171 1780 1294 1822 passim
1312 1779 1402 1820 apud
1416 1783 1585 1810 auctores.
1598 1778 1663 1809 Τε-

202 1822 291 1850 rent.
307 1819 341 1850 in
357 1819 504 1862 Adelph.
523 1831 556 1853 v.
572 1826 602 1854 8.
617 1822 684 1854 31!
711 1823 872 1854 Fea.-—83
899 1823 982 1854 Plus
1001 1823 1143 1864 triginta
1158 1822 1260 1854 codd.
1276 1832 1333 1862 ap.
1350 1822 1473 1860 Bothe,
1491 1825 1527 1852 et
1543 1820 1658 1860 Feam,

199 1859 258 1891 alii
273 1869 329 1902 ap.
346 1861 458 1895 Pulm.
473 1868 509 1895 et
528 1865 644 1895 Bentl.
658 1864 758 1896 Gott.
776 1865 862 1896 Exc.
879 1864 961 1897 Sax.
975 1865 1094 1896 Zarot.
1111 1865 1264 1896 Florent.
1283 1866 1379 1896 1482.
1402 1864 1546 1895 Venett.
1565 1865 1660 1894 1481.

202 1902 299 1936 1483.
316 1905 412 1936 1485.
425 1906 520 1936 1490.
538 1908 633 1937 1492.
654 1909 745 1937 1509.
763 1909 858 1938 1552.
883 1906 963 1939 Ald.
978 1910 1071 1938 1501.
1086 1907 1182 1939 Jnnt.
1201 1909 1296 1938 1503.
1322 1905 1469 1946 Argent.
1484 1907 1580 1936 1514.
1594 1904 1662 1935 Ba-

201 1944 256 1976 sil.
273 1947 368 1978 1527.
383 1949 478 1979 1531.
502 1947 605 1979 Dion.
622 1947 664 1978 ab
682 1948 808 1979 Harsio
825 1951 920 1980 1538.
946 1950 987 1980 R.
1010 1950 1127 1988 Steph.
1145 1955 1180 1980 et
1201 1948 1335 1988 Gryph.
1351 1957 1449 1987 neque
1469 1947 1543 1983 ille,·
1568 1946 1658 1986 quod

201 1988 379 2019 revocavit
393 1989 508 2021 Bentl.
524 1999 668 2030 eumque
693 1990 806 2022 secuti
827 1991 930 2022 Baxt.
948 1991 1099 2031 Cuning.
1121 1991 1248 2022 Sanad.
1272 1990 1428 2028 Francis,
1451 1989 1528 2020 Val.
1552 1988 1661 2019 Gesn.

203 2027 311 2059 Zeuu.
335 2029 478 2071 Bipont.
505 2031 659 2063 Oberlin.
682 2033 824 2064 Wetzel.
854 2032 1036 2071 Heindorf,
1065 2033 1221 2074 Doering,
1245 2030 1384 2063 Wakef.
1409 2031 1529 2064 Comb.
1555 2030 1662 2062 Kidd.

202 2068 326 2111 Bothe,
340 2071 422 2113 Fen,
434 2077 470 2104 et
482 2072 604 2105 Jaeck.
638 2083 735 2114 neque
749 2075 799 2106 illi
815 2074 895 2106 Ald.
912 2078 1007 2107 1509.
1026 2078 1119 2107 1519.
1145 2080 1180 2107 et
1196 2074 1276 2106 inde
1296 2083 1403 2116 usque
1431 2073 1474 2105 ad
1501 2074 1661 2105 Beutl.—

856 2182 1002 2215 NOTAE

202 2264 328 2297 rabolis
358 2265 503 2306 inspersi
534 2270 625 2299 sunt.
671 2266 802 2310 Hisque
828 2277 903 2309 per-
956 2267 1138 2309 cipiendis.

200 2324 295 2356 saepe
308 2324 388 2346 usus
403 2319 458 2347 est
478 2316 633 2348 ctu-istus
650 2317 828 2356 Dominus,
847 2328 903 2349 ve·
998 2319 1040 2349 84
1065 2318 1134 2348 Nec
1147 2317 1249 2356 longoe
1263 2315 1379 2347 invidit
1389 2316 1511 2357 avenoe]
1539 2315 1657 2347 Helle-

199 2364 282 2397 ritas
298 2365 363 2396 Dei
375 2370 412 2397 et
426 2366 608 2406 sapientia.
631 2367 643 2386 ‘
655 2367 717 2407 Ut,
732 2368 821 2409 quod
841 2378 903 2409 per
954 2366 1093 2398 nismus.

199 2414 342 2456 simplex
357 2421 568 2456 praeceptum
586 2417 697 2448 teneri
710 2417 752 2448 ab
769 2418 900 2450 audito·
996 2419 1039 2448 86
1067 2416 1166 2448 Varia
1190 2417 1291 2457 coena]
1315 2415 1325 2433 ‘
1343 2414 1488 2447 Dubiam
1507 2423 1635 2445 coenam
1650 2414 1657 2427 ¹

201 2462 294 2495 ribus
316 2473 382 2495 non
408 2470 533 2505 potest,
559 2475 620 2506 per
643 2467 900 2500 similitudinem
954 2467 1042 2499 dixit
1057 2477 1162 2508 supra
1179 2477 1219 2499 11.
1233 2469 1306 2499 Sat.
1321 2470 1353 2498 2.
1369 2468 1422 2496 77.

201 2517 237 2544 et
251 2514 407 2554 exempla
423 2515 616 2548 teneaturz’
636 2516 670 2548 S.
698 2515 900 2559 Hieronym.
996 2519 1038 2548 88
1063 2515 1192 2555 Horna]
1217 2517 1328 2555 Nova,
1351 2514 1452 2555 hujus
1476 2513 1568 2546 anni.
1599 2522 1657 2546 111.

202 2561 391 2594 Comment-
403 2562 438 2594 in
452 2564 576 2597 Matth.
598 2565 655 2597 lib.
672 2575 727 2597 ιιι.
958 2565 1027 2597 Od.
1043 2569 1097 2597 23.
1113 2569 1144 2598 3.

243 2610 361 2650 Arelti]
404 2611 549 2644 Arellius
585 2614 714 2647 famose
744 2626 865 2648 avarus
888 2628 896 2648 ε
996 2618 1038 2646 89
1062 2614 1164 2654 Ador]
1175 2613 1352 2645 Frumenti
1363 2622 1481 2653 genus,
1497 2612 1539 2644 ab
1552 2612 1657 2644 eden-

203 2665 322 2693 coutra
337 2661 475 2692 stultam
490 2662 561 2703 ejus
575 2663 618 2695 de
632 2665 754 2705 opibus
770 2667 898 2707 opinio·
953 2665 996 2696 do
1018 2664 1226 2705 appellatum
1240 2673 1250 2702 ;
1274 2663 1338 2702 vel,
1367 2661 1457 2703 quod
1479 2661 1655 2702 aduratur,

201 2719 278 2741 nem
293 2710 433 2741 Cervius
447 2709 546 2744 affert
559 2718 640 2754 apte
653 2716 847 2756 exemplum
864 2721 900 2748 et
954 2721 992 2747 ut
1006 2725 1026 2747 e
1042 2719 1132 2746 tosto
1147 2714 1209 2746 fiat
1223 2714 1315 2745 mola
1329 2713 1417 2744 salsa
1430 2712 1472 2743 ad
1488 2711 1656 2745 sacrificia

201 2760 381 2801 apologum
398 2761 515 2792 rustici
530 2763 635 2794 muris
649 2769 685 2796 et
701 2766 834 2799 urbani.
954 2766 1059 2798 utilis.
1082 2766 1216 2798 Festus.
1264 2763 1333 2796 Alii
1353 2763 1465 2796 aliter.

246 2812 286 2841 83
310 2809 485 2851 Hospitiis]
502 2810 703 2852 Hospitibus
717 2816 825 2847 amice
838 2826 896 2848 ex-
