1956 3236
411 275 495 317 856
873 287 916 322 Q.
948 282 1151 313 nonA'rn
1189 280 1358 310 rmoor

414 377 469 418 Et
489 377 653 418 vixisse
672 376 851 429 probos,
874 373 1029 424 amplis
1050 375 1091 412 et
1106 371 1339 411 honoribus
1359 374 1511 411 auctos
1529 384 1537 408 :

413 441 590 489 Contra,
613 441 857 486 Laevinum,
874 437 1025 477 Valeri
1045 449 1197 488 genus,
1217 435 1331 476 unde
1351 436 1572 489 Superbus

413 507 670 559 Tarquinius
691 515 820 555 regno
840 503 994 555 pulsus
1014 502 1111 550 fuit,
1127 502 1258 542 unius
1278 502 1390 541 assis

415 573 515 613 Non
535 582 716 622 unquam
742 569 881 620 pretio
901 568 1039 620 pluris
1058 567 1249 616 licuisse,
1269 570 1443 607 notante

414 637 443 678 J
447 638 588 682 udice,
611 646 695 686 quo
715 635 841 682 nosti,
868 634 1054 686 populo3
1085 634 1160 686 qui
1180 633 1336 673 stultus
1355 632 1537 672 honores

417 703 544 753 Saepe
566 699 639 739 dat
659 698 862 750 indignis,
880 701 923 739 et
941 698 1070 739 samae
1089 699 1222 738 servit
1240 698 1434 749 ineptus;

418 765 506 815 Qui
528 769 674 816 stupet
693 765 737 804 in
757 764 894 804 titulis
913 769 959 804 et
978 764 1246 816 imaginibus.
1306 762 1424 812 Quid
1445 765 1615 815 oportet

1781 631 1836 671 15

417 898 620 936 dignitatibus
633 899 831 940 amplificatos
844 911 854 931 .-
873 909 888 930 e
899 900 1051 930 contrario
1066 899 1224 930 Laevinum
1246 910 1262 930 e
1278 899 1395 931 Valerii
1407 900 1514 939 stirpe,
1529 909 1584 939 per
1597 908 1688 938 quam
1710 897 1838 937 Tarqui-

418 940 487 970 nius
501 939 655 978 Superbus
669 941 801 978 deiectus
812 942 937 980 imperio
952 945 1010 978 est,
1023 951 1081 971 uno
1095 951 1161 971 osse
1174 941 1271 979 pluris
1283 950 1435 981 nunquam
1449 942 1634 972 «estimatum
1649 949 1712 971 esse
1718 938 1840 977 judicio

415 981 531 1020 populi,
544 991 630 1020 quem
642 982 702 1012 scis
715 982 856 1013 insanum
862 983 1044 1022 frequenter
1056 982 1222 1013 attribuere
1235 982 1405 1020 dignitates
1418 982 1591 1017 immeritis,
1611 984 1642 1012 et
1661 981 1770 1012 stolide
1784 979 1839 1017 fa-

418 1032 498 1053 mam
520 1024 605 1063 sequi
615 1034 628 1060 ;
651 1033 763 1054 necnon
778 1025 926 1055 admirari
942 1024 1047 1054 titulos
1067 1026 1157 1063 atque
1177 1023 1339 1062 imagines.
1383 1024 1470 1062 Ergo
1485 1023 1560 1063 quid
1579 1032 1632 1054 nos
1651 1024 1735 1054 decet
1749 1029 1840 1061 ogere

1015 1114 1186 1128 “nmo-O
1189 1116 1205 1127 e
1208 1115 1246 1127 oe

419 1183 454 1208 et
469 1178 548 1209 Vet.
565 1178 682 1209 Comb.
697 1180 803 1209 multis
817 1182 847 1209 et
862 1179 1122 1210 honoribus.-—13
1145 1179 1243 1210 Harl.
1256 1181 1286 1209 2.
1302 1181 1333 1209 3.
1348 1181 1380 1210 4.
1393 1181 1422 1210 6.
1437 1181 1468 1209 7.
1494 1178 1574 1215 suit.
1616 1177 1626 1194 ‘
1643 1177 1698 1208 Ita
1718 1175 1794 1206 libri
1807 1178 1844 1207 et

419 1219 496 1249 olim
515 1219 597 1250 editi
612 1225 647 1250 et
663 1221 792 1259 nuperi.
835 1221 1014 1252 Enimvero
1035 1220 1189 1260 indignor
1210 1225 1262 1251 tot
1277 1220 1425 1251 eruditos
1441 1220 1651 1259 Interpretes
1664 1217 1842 1258 lectionem

421 1270 532 1291 veram
545 1261 578 1292 in
594 1261 767 1292 codicibus
783 1262 851 1292 suis
863 1262 1031 1293 inventam
1047 1267 1114 1293 tam
1127 1262 1281 1301 imperite
1297 1262 1474 1301 sprevisse.
1507 1261 1557 1292 Ea
1567 1261 1616 1291 sic
1629 1259 1728 1290 habet
1739 1259 1847 1298 pulsus

414 1302 516 1340 sugit.
562 1302 660 1333 Hanc
680 1304 712 1333 in
737 1310 882 1344 quatuor
897 1304 1030 1343 optimis
1046 1303 1231 1334 Blandiniis
1247 1304 1426 1344 Cruquhrs,
1442 1303 1475 1333 in
1491 1302 1558 1332 suis
1572 1302 1697 1341 aliquot
1713 1300 1846 1330 Lambi-

422 1352 483 1373 nus
509 1344 798 1384 Bersmannusque
823 1350 1022 1385 repererunt
1036 1355 1043 1375 :
1069 1353 1196 1384 nosque
1224 1344 1339 1375 itidem
1366 1345 1400 1374 in
1426 1344 1607 1374 veterrimo
1623 1341 1790 1376 midensi,
1807 1344 1844 1372 et

422 1385 494 1414 aliis
509 1384 651 1425 dnobus,
666 1391 698 1415 et
718 1395 777 1424 pro
793 1387 886 1416 varia
901 1387 1045 1416 lectione
1061 1386 1094 1416 in
1107 1385 1375 1425 Magdalenensi.
1419 1385 1552 1417 Quanto
1573 1383 1730 1421 lioe,'nisi
1747 1382 1846 1421 plane

423 1425 618 1465 desipimus.
633 1426 821 1465 elegantius
839 1428 1034 1468 pleniusque
1058 1427 1116 1457 illo
1138 1427 1257 1465 altero,
1279 1426 1365 1466 quod
1390 1426 1551 1457 hactenus
1567 1425 1730 1456 editiones
1745 1432 1845 1454 occu-

423 1468 517 1505 pavit
532 1467 539 1496 !
579 1467 620 1497 Id
639 1468 757 1503 solum,
774 1468 889 1507 credo,
913 1468 953 1498 ad
981 1467 1258 1507 corrumpendum
1275 1467 1383 1498 locum
1398 1466 1565 1498 Librarios
1581 1466 1710 1505 impulit
1725 1474 1734 1502 ;
1757 1463 1846 1504 quod

418 1508 521 1547 sugit,
537 1509 710 1547 praeterito
727 1514 878 1549 tempore
895 1515 930 1541 et
952 1510 1060 1549 priore
1076 1510 1205 1549 syllaba
1221 1508 1398 1549 producta,
1414 1509 1446 1538 vi
1462 1508 1635 1538 sententiae
1651 1506 1704 1536 bic
1721 1505 1848 1545 requiri

424 1550 686 1580 arbitrarentur:
701 1552 791 1590 atqui
808 1551 887 1582 illud
905 1551 1034 1581 minime
1052 1550 1266 1581 metuendum
1282 1555 1367 1580 erat.
1411 1548 1543 1580 Auctor
1558 1549 1599 1579 de
1614 1547 1706 1579 obitu
1722 1547 1849 1578 Maece-

424 1591 511 1620 natis
526 1602 533 1619 ε
556 1591 566 1608 ‘
578 1591 633 1620 Sic
649 1591 695 1621 illi
711 1591 839 1631 vixere,
854 1592 976 1631 quibus
989 1592 1053 1622 suit
1070 1601 1170 1622 aurea
1184 1591 1304 1630 Virgo,
1325 1592 1409 1623 Quat
1432 1590 1518 1620 bene
1541 1589 1743 1628 pra-cinctos
1758 1590 1850 1627 post·

425 1632 523 1662 modo
551 1632 646 1670 pulsa
674 1631 784 1672 fugit!
826 1633 946 1672 Virgil.
973 1633 1046 1663 AEn.
1073 1641 1127 1663 ιιι.
1157 1632 1240 1663 121:
1275 1632 1381 1662 Bentl.
1426 1631 1515 1662 Han.
1529 1630 1715 1669 fugin-15
1738 1628 1849 1659 Judice

425 1682 511 1712 quem
526 1673 602 1703 edd.
619 1673 662 1704 ab
686 1673 786 1710 Aldo.
828 1674 940 1705 Judice
954 1684 1009 1714 quo
1032 1674 1119 1705 Han.
1135 1673 1230 1704 Gott.
1248 1674 1332 1705 Exc.
1347 1673 1425 1703 Sax.
1440 1681 1552 1702 ornnes
1567 1671 1704 1712 Cruquii
1721 1675 1756 1701 et
1768 1669 1849 1700 Tor·

1067 1759 1210 1792 NOTAE

427 1822 600 1853 trahentes
615 1831 657 1852 ex
674 1823 712 1853 iis
729 1824 784 1863 qui
805 1823 968 1854 hactenus
985 1833 1048 1854 non
1066 1825 1112 1854 in-

427 1871 631 1905 claruerunt,
641 1875 676 1901 et
687 1871 808 1901 nullius
821 1871 958 1902 fuerant
969 1872 1112 1902 nominis

427 1928 467 1950 ac
483 1919 700 1950 celebritatis.

473 1970 511 1998 12
536 1969 666 2006 Contra,
695 1967 866 2003 lavinum,
894 1967 964 2007 εμπ]
988 1968 1115 1999 Contra

428 2026 508 2047 vero
545 2017 634 2047 domi
675 2017 801 2048 nobiles
840 2018 1007 2048 interdum
1045 2022 1113 2048 tarn

429 2064 666 2105 degenerasse,
682 2069 719 2096 ut
734 2065 835 2096 etiam
848 2067 1029 2096 contemtui
1044 2065 1113 2097 fue-

430 2114 510 2153 rint,
525 2114 698 2155 nullosque
714 2115 829 2154 adepti
844 2116 1070 2156 magistratum

475 2164 643 2203 Loevinum,
662 2163 766 2196 Valeri
779 2165 892 2204 genus]
914 2165 999 2196 Pub.
1016 2166 1114 2196 Vale-

429 2213 497 2244 rius
522 2213 687 2252 Laevinus,
712 2213 800 2253 quod
826 2215 950 2245 virtute
970 2218 1117 2254 careret,

360 2271 368 2277 ·
430 2263 480 2292 vel
493 2261 614 2301 populo
627 2261 827 2302 despectus:
846 2272 1034 2303 quanquam
1045 2268 1118 2294 erat

431 2319 450 2340 e
467 2309 593 2340 familia
609 2310 804 2349 perillustri,
829 2321 890 2351 per
904 2321 1002 2351 quam
1020 2321 1118 2351 reges

433 2358 544 2389 exacti
560 2358 676 2389 Roma.
700 2358 739 2389 P.
755 2358 842 2389 enirn
857 2360 1012 2390 Valerius
1028 2359 1119 2390 Pub-

432 2407 531 2437 licola
543 2405 703 2437 suffectus
713 2407 791 2438 olim
806 2408 943 2446 Consul,
954 2408 1121 2439 Collatino

434 2455 592 2486 abdicare
611 2460 741 2494 coacto,
759 2464 824 2486 nna
837 2466 912 2487 curn
924 2455 1025 2488 Junio
1036 2457 1122 2487 Bru·

436 2509 471 2535 to
487 2504 617 2544 collega
635 2512 735 2543 regno
758 2504 889 2544 pepulit
908 2505 1122 2546 Tarquinium

435 2553 635 2593 Superbum.
660 2552 731 2583 Liv.
746 2552 805 2583 lib.
820 2561 864 2584 11.

480 2606 517 2632 15
545 2602 608 2637 Qui
635 2602 748 2632 stultus
782 2602 920 2643 honores,
954 2604 1021 2644 ὅπη]
1055 2603 1122 2635 Ubi

436 2659 558 2691 nempe
574 2651 666 2690 viget
688 2651 915 2687 Democrafia,
935 2661 994 2682 seu
1010 2653 1124 2692 populi

438 2699 634 2738 dominatio,
658 2704 694 2730 ut
721 2699 851 2730 Rornae.
895 2700 967 2732 Liv.
990 2700 1123 2740 passim.

439 2748 586 2783 Lucilius
614 2748 692 2779 olim
728 2748 881 2779 dixerat:
919 2753 928 2766 ‘
951 2749 1123 2781 Honorum

1165 1824 1186 1854 J
1193 1823 1338 1854 udicium
1350 1827 1403 1854 est
1414 1821 1559 1854 crassis.’

1209 1874 1249 1902 16
1271 1872 1377 1902 Famae
1391 1871 1485 1902 servit
1499 1868 1635 1910 ineptus]
1661 1868 1743 1899 Plus
1758 1867 1852 1900 duci-

1167 1926 1221 1951 tur
1236 1930 1320 1951 vana
1343 1920 1498 1960 opinione
1523 1924 1558 1950 et
1585 1923 1722 1950 ventosa
1737 1917 1852 1948 existi·

1168 1971 1323 2009 matione,
1338 1980 1436 2010 quam
1453 1979 1532 2000 vera
1547 1970 1670 2000 virtute
1685 1972 1720 1998 et
1735 1967 1851 2008 gloria.

1168 2019 1267 2050 Unde
1283 2019 1394 2050 onmia
1408 2018 1541 2049 deferre
1557 2018 1643 2048 solet
1657 2017 1689 2048 ei
1704 2016 1853 2058 quicum-

1169 2077 1232 2108 que
1263 2067 1421 2097 natalium
1453 2065 1645 2107 splendore,
1670 2063 1855 2095 domestica

1168 2116 1268 2152 fama,
1291 2121 1326 2147 et
1350 2116 1468 2156 opibus
1500 2114 1691 2155 praefulget,
1718 2112 1854 2144 tametsi

1171 2173 1230 2204 per
1246 2173 1280 2194 se
1297 2164 1383 2194 haurd
1404 2164 1506 2194 ullum
1527 2162 1660 2194 virtutis
1683 2162 1854 2202 specimen

1170 2213 1327 2244 ediderit.
1384 2212 1524 2243 Isocrat.
1553 2210 1595 2242 ad
1619 2211 1762 2242 Demou.
1791 2208 1854 2245 Τὴν

1169 2262 1314 2299 ἀλήθειαν
1342 2260 1498 2301 ἆγνόυυσι,
1527 2259 1600 2300 πρὸς
1627 2257 1660 2289 δὲ
1685 2258 1744 2295 τὴν
1768 2256 1854 2296 δόξαν

1170 2310 1381 2349 ἀποβλέπουσι
1414 2308 1538 2340 πολλοί.
1588 2308 1704 2347 Vulgus
1730 2307 1854 2346 ignorat

1170 2363 1341 2395 veritatem,
1355 2363 1386 2391 et
1393 2359 1512 2396 samam
1528 2357 1663 2397 respicit.

1216 2413 1252 2441 17
1277 2410 1386 2448 Stupet
1409 2407 1443 2438 in
1471 2407 1572 2437 titulis
1596 2410 1626 2437 et
1651 2405 1854 2445 imaginibus]

1174 2457 1366 2490 Nobilitatis
1395 2455 1536 2495 insignia
1561 2455 1758 2494 demiratur,
1789 2463 1857 2485 non

1172 2508 1277 2547 ipsam
1293 2506 1463 2544 virtutem,
1483 2513 1557 2544 quae
1581 2504 1653 2534 sola
1674 2509 1726 2534 est
1741 2503 1857 2535 nobili-

1174 2562 1225 2587 tas
1239 2565 1247 2586 :
1265 2558 1375 2594 stupet
1390 2553 1505 2583 videns
1517 2553 1674 2583 honorum
1692 2553 1808 2584 titulos
1821 2556 1858 2584 et

1172 2610 1298 2635 statuas
1329 2601 1512 2642 majoribus
1542 2602 1758 2640 constitutas,
1792 2610 1858 2632 nee

1174 2651 1320 2683 advertit
1345 2651 1417 2681 haec
1443 2650 1500 2680 uni
1525 2649 1644 2680 virtuti
1664 2649 1803 2681 des-reta
1825 2652 1859 2679 et

1175 2710 1334 2732 concessa
1350 2699 1462 2730 fuisse.
1495 2698 1566 2730 Cic.
1582 2698 1615 2728 in
1631 2698 1745 2730 Pison.
1762 2699 1771 2715 ‘
1788 2696 1857 2729 ob-

1178 2751 1311 2791 repsisti
1330 2749 1370 2780 ad
1385 2749 1526 2779 honores
1548 2756 1661 2779 errore
1679 2746 1859 2787 hominum,
