1890 3256
300 273 406 315 1034
761 290 806 327 Q.
835 288 1037 318 HORA'rn
1072 286 1240 317 FnAccr

815 440 1048 482 SATIRA
1078 442 1190 484 VII.

293 529 421 572 Lepide
444 542 480 565 se
504 534 576 574 ipse
602 534 710 574 carpit
732 543 774 565 ex
797 545 940 575 persona
963 537 1062 576 servi,
1084 542 1118 569 et
1133 537 1281 570 ostendit
1295 538 1436 570 liberum
1453 547 1526 570 esse
1539 537 1643 569 solum
1658 546 1709 569 sa·

334 583 493 622 pientem.
517 586 615 616 Baxt.
648 586 822 627 (Sequitur
837 587 890 618 liic
903 597 1035 629 quoque
1047 598 1169 620 morem
1180 588 1286 630 suum,
1297 595 1332 622 et
1343 590 1512 621 severiora
1527 593 1708 630 praecepta‚

331 643 405 674 quae
418 636 604 676 approbare
619 646 655 668 se
670 638 785 668 aulicis
800 639 867 669 suis
883 649 981 679 posse
1001 640 1055 671 vix
1076 645 1199 680 sperat,
1215 650 1257 672 ex
1273 650 1416 682 persona
1430 640 1576 680 Crispini
1590 649 1709 680 propo-

333 686 386 716 nit
405 687 460 727 (ut
482 687 516 717 in
531 687 737 729 Damasippo
753 698 793 720 ιι.
807 689 876 721 Sat.
888 690 950 731 3.)‚
965 700 1039 731 quae
1064 695 1205 723 venusta
1224 692 1366 733 quadam
1390 692 1587 724 OEconomia
1609 691 1664 722 bic
1689 700 1710 721 a

333 746 429 769 servo
448 738 513 770 sibi
529 749 588 771 suo
601 739 698 780 fingit
713 741 831 782 ingeri.
857 741 967 782 Gesn.)
1011 742 1188 774 Inducitur
1202 753 1328 779 servus,
1343 743 1410 785 qui,
1426 743 1507 774 data
1523 751 1583 783 per
1597 742 1711 772 Satur-

331 789 422 820 nalia
435 789 569 822 dicendi
584 791 754 833 libertate,
768 794 910 825 Horatio
927 803 968 825 ea
982 794 1111 834 objicit,
1124 805 1196 835 quae
1213 795 1243 826 ei
1259 796 1358 836 vulgo
1372 795 1414 827 ab
1428 793 1708 826 obtrectatoribus

333 844 370 872 et
383 842 554 873 malevolis
569 843 755 875 hominibus
770 845 900 876 crimini
915 845 996 877 data
1011 855 1084 877 esse
1099 846 1266 878 videntur.
1310 847 1387 878 Hac
1402 847 1531 878 ratione
1546 844 1633 876 haud
1649 843 1709 874 ‹ln-

332 891 386 923 bie
398 892 533 925 efficere
549 895 664 934 voluit,
681 900 717 927 ut
731 895 933 929 obtrectatio
947 906 1033 928 vana
1047 902 1082 928 et
1097 898 1193 929 irrita
1209 898 1418 930 redderetur.
1455 898 1542 929 Nam
1559 905 1633 937 quoe
1656 895 1709 926 hic

332 943 576 985 vituperantur,
595 955 636 977 ea
657 947 798 986 primum
814 956 835 979 a
848 957 943 980 servo
957 958 1099 989 nequam
1115 949 1344 990 proferuntur,
1358 949 1480 980 deinde
1496 948 1617 989 partim
1632 950 1710 978 sunt

333 996 592 1035 reprehensione
615 1008 681 1030 non
704 999 824 1039 digna;
846 1000 968 1040 partim
992 1010 1126 1040 prorsus
1148 1006 1226 1032 sunt
1241 1002 1320 1033 ficta
1334 1005 1368 1032 et
1383 1010 1403 1032 a
1417 1009 1559 1041 persona
1575 998 1710 1030 Horatii

318 1048 456 1088 valiena,
473 1049 576 1080 veluti
593 1059 667 1091 quae
683 1051 796 1082 Davus
811 1060 854 1082 ex
870 1051 1017 1092 Crispini
1032 1053 1138 1084 Stoici
1149 1052 1334 1093 philosophi
1341 1052 1492 1093 janitore
1505 1050 1659 1082 audierat
1673 1053 1709 1081 et

329 1098 384 1130 hic
397 1099 535 1132 confuse
551 1102 696 1142 reperim
720 1102 841 1142 partim
856 1103 982 1134 leviora
997 1103 1090 1144 vitia,
1101 1113 1120 1134 a
1129 1103 1249 1145 quibus
1265 1113 1301 1135 se
1313 1112 1380 1134 non
1395 1102 1536 1134 liberum
1548 1110 1623 1132 esse
1636 1101 1709 1141 ipse

327 1150 437 1187 Poeta
452 1152 533 1184 alias
548 1151 686 1194 fatetur,
699 1159 735 1186 et
751 1164 891 1196 quorum
906 1154 1005 1187 facile
1021 1155 1063 1187 ab
1079 1156 1182 1197 aequis
1197 1165 1306 1187 rerum
1316 1153 1485 1197 judicibus
1500 1153 1630 1186 veniam
1645 1152 1709 1184 sibi

328 1202 444 1234 datum
456 1203 498 1235 iri
512 1205 680 1245 sperabat.

286 1276 317 1316 J
320 1286 575 1319 AMfflJDUM
599 1279 824 1331 auscult03
855 1284 896 1321 et
915 1281 1095 1334 cupiens
1115 1282 1196 1323 tibi
1216 1281 1359 1323 dicere
1382 1291 1532 1322 servus

287 1342 453 1392 Pauca,
473 1343 717 1385 reformido.
774 1345 810 1393 Ίῐ
833 1346 1072 1388 Davusne?
1130 1347 1166 1395 ῚῘ
1189 1348 1275 1396 Ita,
1297 1347 1465 1395 Davus,
1486 1344 1673 1386 amicum

286 1406 557 1461 Mancipium
577 1409 768 1459 domino,
788 1414 831 1451 et
847 1411 958 1463 frugi
977 1411 1093 1464 quod
1119 1413 1176 1453 sit
1195 1413 1327 1462 satis;
1356 1411 1441 1452 hoc
1459 1413 1540 1460 est,

287 1471 352 1512 Ut
373 1472 504 1514 vitale
524 1478 663 1526 putes.
721 1474 756 1523 Ἥ
777 1473 885 1528 Age,
906 1476 1106 1518 libertate
1127 1476 1355 1517 Decembri

306 1596 463 1642 ·DAvus.
483 1599 559 1629 Jam
571 1600 625 1630 diu
635 1604 682 1631 est
695 1602 774 1640 quod
795 1605 825 1632 te
846 1603 935 1634 audio
947 1612 958 1632 .·
981 1606 1071 1643 atque
1084 1611 1176 1634 avens
1200 1602 1257 1632 tibi
1275 1611 1374 1642 pauca
1390 1601 1483 1641 loqui,
1504 1610 1560 1640 ego
1570 1599 1707 1638 famuli&

285 1639 387 1668 tumeo.
433 1638 574 1671 Horam.
599 1641 746 1681 Nunquid
766 1642 894 1674 Davus?
936 1645 1031 1675 DAv.
1057 1644 1164 1674 Etiam
1190 1643 1298 1674 Davus
1320 1644 1391 1673 hero
1413 1651 1519 1674 servus
1531 1641 1651 1682 fidelis,
1671 1649 1708 1669 uc

276 1677 418 1717 frugalis
437 1680 574 1712 abunde.-
595 1682 628 1712 ἑά
647 1686 706 1723 est,
728 1687 763 1715 ut
788 1684 855 1715 vita
877 1685 1006 1724 dignum
1030 1685 1199 1717 existimes.
1242 1684 1337 1716 HoR.
1358 1683 1441 1724 Age,
1455 1682 1564 1722 fruere
1584 1681 1708 1713 licentia

874 1779 1094 1792 ‘mamb‘
1097 1779 1115 1791 O

325 1826 433 1858 Satira
458 1833 578 1860 octava
596 1830 686 1861 Libri
704 1831 800 1870 primi
820 1831 851 1862 in
869 1832 932 1863 Ed.
951 1831 1073 1863 Sanad.
1093 1831 1307 1871 Epigraphen
1327 1829 1412 1860 hanc
1430 1827 1531 1859 habet
1551 1826 1584 1858 iu
1605 1826 1703 1858 codd.

284 1876 338 1906 al'·
368 1868 390 1900 J
395 1869 491 1908 8e0k,
514 1870 629 1910 Lepide
650 1881 683 1901 se
705 1872 769 1910 ipse
793 1873 893 1912 carpit
918 1883 957 1903 ex
974 1882 1105 1912 persona
1125 1872 1218 1911 servi,
1240 1874 1270 1902 et
1295 1870 1439 1908 ostendit,
1459 1869 1589 1899 liberum
1608 1869 1704 1915 solum

283 1917 346 1938 esse
358 1910 600 1947 sapientem-4
623 1912 757 1942 Bestius
773 1912 816 1943 de
833 1914 910 1944 Rat.
937 1913 1078 1944 Emend.
1104 1913 1186 1952 Leg.
1209 1923 1242 1951 p.
1260 1914 1332 1942 199.
1354 1911 1445 1942 hisce
1461 1909 1567 1940 verbis
1582 1909 1704 1939 subsu-

283 1949 362 1986 tuit,
381 1951 424 1981 Ut
446 1953 480 1981 tu
503 1953 536 1981 id
558 1953 618 1983 lale
635 1956 735 1992 putes.
777 1954 919 1985 Leviore
935 1955 1154 1990 correctione,
1171 1962 1238 1984 una
1258 1953 1389 1983 literula
1412 1956 1554 1990 mutata,
1574 1950 1703 1981 Canne-

283 1989 365 2030 giet.
381 1991 423 2023 ad
440 1991 579 2034 Ulpiani
596 1993 727 2034 Fragm.
745 1994 797 2026 tit.
813 2003 907 2026 xxu.
930 2005 965 2036 p.
979 1998 1033 2027 93.
1058 1995 1154 2035 legit,
1182 1994 1225 2025 Ue
1250 1994 1318 2024 vita
1330 2015 1338 2024 .
1353 2015 1361 2024 .
1374 2014 1382 2023 .
1394 1996 1524 2032 reputes.
1567 1992 1578 2009 ‘
1593 1990 1703 2022 Ambo

923 2087 1062 2120 NOTAE

324 2153 341 2180 1
365 2150 549 2180 Jamdudum
571 2150 721 2190 ausculto]
768 2150 870 2182 Suum
894 2151 967 2191 ipse
1019 2151 1052 2182 ni
1068 2150 1102 2181 in
1118 2159 1230 2181 servos
1240 2150 1295 2191 jus
1313 2151 1390 2181 vitae
1409 2159 1448 2180 ac
1462 2149 1564 2181 necis.
1585 2149 1701 2180 Davus

280 2206 411 2228 servum
435 2197 517 2227 vitia
537 2197 599 2228 sibi
622 2198 836 2237 objicientem
855 2199 903 2230 ita
919 2199 967 2230 in·

280 2246 375 2277 ducit
402 2246 574 2286 Horatius,
602 2251 638 2277 ut
658 2247 800 2288 quilibet
827 2248 965 2280 vitiosus

280 2304 301 2325 a
327 2303 424 2325 servo
453 2299 514 2326 suo
541 2295 668 2335 pariter
701 2297 899 2336 reprehendi
928 2306 965 2329 se

273 2343 366 2383 juste
388 2342 520 2382 quidem
537 2347 634 2383 putet
649 2347 686 2374 et
700 2344 836 2375 sentiat.
880 2345 964 2376 Por-

279 2401 318 2422 ro
347 2391 548 2423 sententiam
574 2391 659 2423 banc
687 2393 828 2423 asserit:
850 2393 963 2424 Solum

279 2439 466 2480 sapientem
481 2449 555 2471 esse
578 2440 739 2471 liberum:
764 2450 861 2482 quam
877 2446 962 2473 trac-

278 2493 329 2520 tat
344 2489 464 2521 Cicero
479 2489 602 2521 Pan-ad.
619 2498 654 2521 ν.
667 2493 703 2521 et
713 2490 808 2521 Pers.
821 2490 892 2521 Sat.
907 2499 940 2522 v.

319 2537 480 2578 Ausculto]
514 2539 568 2570 Ad
584 2547 680 2570 omne
695 2539 888 2580 obsequium
905 2549 963 2579 pa-

279 2591 370 2618 ratus
386 2592 469 2619 asto.

320 2637 340 2665 2
361 2636 523 2676 Davusne]
557 2636 678 2677 Ipsene
697 2638 813 2670 Davus
827 2638 898 2670 liaec
915 2639 961 2670 lo·

280 2683 392 2724 quitur
403 2685 415 2714 ?

320 2734 340 2763 4
366 2731 410 2763 Ut
424 2733 516 2764 vitale
527 2734 632 2774 putes]
660 2734 841 2767 Habebunt
857 2734 958 2766 domi-

1017 2199 1076 2238 ait,
1091 2208 1151 2239 pro
1167 2198 1282 2229 sedula
1303 2203 1340 2229 et
1363 2198 1521 2228 diuturna
1536 2196 1700 2228 servitute

1017 2247 1124 2278 videri
1151 2246 1215 2277 sibi
1240 2245 1400 2276 meruisse
1425 2243 1513 2285 apud
1532 2243 1647 2274 herum
1663 2247 1700 2274 ut

1016 2296 1118 2326 vivat.
1162 2293 1229 2324 Alii
1248 2293 1328 2323 alias
1343 2291 1634 2332 interpretationes
1649 2290 1699 2322 nf-

1016 2343 1142 2382 ferunt,
1158 2346 1192 2373 at·
1206 2350 1279 2372 meo
1298 2340 1427 2380 judicio
1449 2340 1546 2379 longe
1563 2339 1699 2379 petitas.

1017 2392 1159 2426 Quidam
1186 2391 1298 2421 volunt
1319 2389 1447 2419 Davum
1462 2386 1646 2426 significare
1662 2397 1698 2419 se

1015 2441 1228 2473 mediocriter
1252 2438 1347 2469 bonae
1369 2445 1441 2467 esse
1463 2436 1593 2474 indolis,
1609 2436 1698 2476 quod

1015 2493 1132 2521 contra
1153 2496 1228 2518 raro
1251 2486 1316 2517 sint
1342 2485 1483 2524 longaevi
1509 2484 1564 2525 qui
1586 2483 1697 2516 indole

1013 2544 1090 2571 sunt
1126 2537 1245 2568 eximia
1266 2546 1274 2566 :
1307 2535 1437 2565 Seneca
1473 2534 1634 2565 Controv.
1672 2544 1697 2565 ι.

1012 2590 1116 2620 ‘Tam
1145 2588 1318 2617 immature
1349 2593 1504 2626 magnum
1527 2584 1696 2624 ingenium

1013 2646 1078 2668 non
1107 2644 1180 2666 esse
1207 2633 1334 2665 vitale.'
1377 2633 1446 2664 Alii
1474 2633 1545 2663 sic:
1577 2634 1695 2665 Davus

1012 2675 1159 2716 ostendit
1186 2691 1222 2713 se
1248 2683 1280 2713 in
1306 2682 1397 2712 victu
1423 2681 1630 2712 moderatum
1655 2691 1694 2713 ac

1012 2735 1252 2773 temperantem
1278 2730 1402 2761 diutius
1426 2738 1498 2761 esse
1522 2729 1694 2769 victurum,
