1930 3242
348 279 431 320 874
822 294 863 328 Q.
894 272 1098 320 nonnul
1134 288 1303 318 umcct

349 379 488 421 Acres
509 384 774 433 procurrunt,
794 392 989 430 magnum
1012 380 1307 431 spectaculum
1329 384 1518 432 uterque.

350 446 531 486 Persius
550 447 727 498 exponit
745 457 939 491 causam,
962 445 1122 484 ridetur
1143 446 1198 484 ab
1229 446 1345 484 omni

352 511 603 559 Conventu;
632 509 780 548 laudat
799 509 995 556 Brutum,
1016 509 1251 561 laudatque
1273 510 1489 549 cohortem
1508 523 1518 559 3

352 576 495 616 Solem
517 573 639 613 Asiae
663 573 838 612 Brutum
859 574 1072 625 appellat3
1103 573 1338 627 stellasque
1359 575 1555 614 salubres

354 639 561 691 Appellat
577 637 769 686 comites,
785 642 968 689 excepto
987 638 1109 690 Rege
1126 652 1136 688 ;
1167 651 1315 679 canem
1337 640 1471 687 illum,

355 704 548 744 Invisum
567 701 763 753 agricolis
785 702 923 751 sidus,
945 703 1115 743 venisse
1133 717 1143 743 ε
1175 705 1324 744 ruebat

357 769 535 808 Flumen
556 770 604 806 ut
622 766 873 819 hybernum,
894 768 1024 808 fertur
1041 782 1126 820 quo
1145 782 1240 809 rara
1258 769 1434 808 securis.

355 833 463 873 Tum
487 831 779 872 Praenestinus
799 833 916 873 salso
935 834 1160 886 multoque
1180 835 1325 874 fluenti

356 968 495 998 ardentes
513 974 696 1008 properant.-
718 971 803 1001 ambo
817 972 1016 1009 spectaculum
1036 973 1158 1011 ingens.
1201 973 1330 1004 Persius
1343 982 1407 1004 rem
1420 972 1571 1011 explicat.-
1593 975 1686 1002 coelus
1703 970 1772 1001 ani-

357 1019 462 1039 eersus
475 1011 633 1040 cachinnos
647 1012 747 1042 tollit.-
768 1013 873 1042 laudat
894 1014 945 1043 ille
968 1014 1113 1052 Brutum,
1135 1015 1240 1045 laudat
1260 1014 1394 1044 comites.
1438 1014 1572 1043 Brutum
1585 1015 1671 1043 vocat
1686 1011 1773 1042 Asioe

357 1051 459 1085 solem,
483 1052 606 1081 comites
630 1062 701 1083 vero
718 1053 867 1084 salutaria
887 1054 990 1084 sidera
1009 1058 1174 1094 nuncupat,
1189 1056 1287 1085 demto
1305 1055 1406 1092 Rege:
1428 1054 1506 1084 hunc
1522 1052 1774 1085 enimacceuiese

358 1092 442 1121 velut
460 1093 648 1132 Caniculam,
673 1097 789 1124 astrum
813 1095 959 1132 agricolis
981 1095 1144 1132 infestum.-
1157 1095 1276 1135 fluebat
1291 1095 1373 1125 velut
1388 1095 1485 1124 amnis
1498 1095 1614 1134 hyeme.
1627 1095 1668 1124 ad
1688 1102 1774 1132 quem

357 1133 472 1163 securis
484 1134 691 1174 infrequenter
705 1136 833 1166 accedit.
883 1137 968 1166 Tunc
981 1136 1141 1167 Proeneste
1161 1139 1255 1167 natue
1275 1136 1323 1166 illi
1342 1135 1475 1166 mordaci
1496 1138 1526 1166 et
1552 1135 1638 1165 valde
1659 1133 1776 1173 copioso

956 1224 1147 1238 “unu'‘
1151 1225 1167 1237 O
1171 1225 1190 1237 θ

361 1287 495 1318 Wakef.
510 1292 545 1319 et
562 1288 663 1323 Kidd,
711 1289 916 1329 Compositum
938 1289 1056 1328 optimi
1080 1289 1177 1320 codd.
1191 1289 1363 1321 Tot-rentii
1386 1293 1421 1320 et
1441 1289 1566 1320 al.-2l
1592 1286 1686 1318 Harl.
1701 1289 1731 1317 3.
1745 1289 1777 1317 6.

360 1331 392 1358 7.
415 1329 560 1369 quinque
574 1330 740 1360 Torrentii
767 1337 802 1360 et
827 1331 903 1361 edd.
926 1335 1008 1361 vett.
1035 1335 1114 1361 ante
1141 1330 1335 1361 Lambinum
1361 1333 1552 1361 concurrunt.
1587 1328 1683 1360 Harl.
1700 1330 1730 1358 l.
1746 1330 1778 1358 2.

362 1370 495 1407 plurimi
514 1371 660 1400 Lambini
677 1376 712 1401 et
727 1371 879 1409 aliorum,
892 1374 966 1401 cu'm
979 1371 1055 1402 edd.
1068 1375 1213 1402 recentt.
1227 1374 1423 1411 procurrunt,
1437 1370 1524 1410 quod
1543 1369 1662 1409 probat
1673 1368 1780 1399 Heiu-

363 1411 429 1439 sius
444 1411 502 1440 Sil.
518 1411 596 1440 Ital.
608 1420 673 1441 vn.
690 1414 850 1442 566.-27
874 1411 969 1442 Harl.
985 1414 1016 1442 2.
1029 1412 1194 1451 quosertur·
1204 1422 1276 1442 rara
1287 1412 1498 1443 securis.—28
1519 1411 1606 1440 Dan.
1621 1408 1780 1440 Heinsius

364 1451 453 1490 conj.
469 1451 759 1492 mustoquestuenti.
803 1452 898 1483 Harl.
913 1455 943 1483 6.
960 1454 991 1482 7.
1012 1453 1118 1492 major
1141 1462 1216 1492 pars
1238 1452 1336 1484 codd.
1353 1461 1407 1492 ap.
1423 1452 1537 1482 Bentl.
1560 1451 1641 1482 Vet.
1663 1449 1779 1481 Comb-

363 1492 505 1531 'alia‘que
523 1497 604 1522 vett.
620 1493 935 1533 multumquefluenti.
979 1494 988 1510 ‘
1001 1493 1211 1524 Torrentiani
1226 1499 1338 1524 tamen
1354 1494 1481 1533 aliquot
1496 1491 1654 1529 melioris,
1669 1496 1707 1522 ut
1721 1491 1782 1529 ait,

363 1538 467 1569 notae,
490 1534 661 1572 multoque:
684 1534 803 1573 quibus
831 1533 996 1564 accedunt
1019 1534 1216 1565 Bersmanni
1242 1535 1320 1572 duo,
1343 1539 1376 1564 et
1399 1544 1441 1564 ex
1462 1533 1583 1564 nostris
1598 1531 1783 1569 Petrensis,

359 1573 475 1612 flaici,
490 1579 523 1603 et
538 1574 804 1611 Franekeranus‚
820 1579 855 1604 et
871 1574 1072 1605 Scholiastes
1087 1585 1217 1615 quoque
1233 1575 1455 1614 Porphyrion.
1498 1573 1655 1613 Agnosco
1669 1580 1781 1603 veram

362 1614 500 1644 Horatii
515 1623 660 1654 manum,
681 1616 828 1653 multoque
841 1615 969 1654 fluenti.
1015 1615 1122 1646 Porro
1138 1621 1172 1646 et
1188 1616 1268 1646 illud
1285 1615 1478 1652 notandum,
1496 1615 1575 1645 salso
1591 1623 1664 1644 curn
1669 1612 1785 1653 fluenti

366 1655 630 1686 connectendum
651 1664 739 1694 esse,
763 1655 880 1686 itidem
897 1661 933 1687 ut
954 1657 1067 1688 multo.-
1090 1655 1216 1696 ἁλμυρῷ·
1236 1655 1334 1695 ῥέοντι
1356 1655 1406 1687 καὶ
1427 1656 1545 1694 πολλῷ·
1567 1655 1672 1686 multo
1693 1653 1782 1684 enim

1002 1746 1140 1780 No'rAE

368 1820 542 1851 Bacchius.
587 1821 725 1852 Sueten.
765 1820 888 1852 Octav.
925 1821 1053 1851 Erasm-

370 1868 480 1909 Adag.

409 1919 450 1947 25
477 1917 591 1946 Canem
618 1916 714 1956 illum,
732 1917 802 1956 ξω]
832 1915 927 1947 Alios
955 1916 1052 1946 Bruti

370 1965 511 1996 comites
542 1965 654 1995 stellas
684 1966 776 2004 quasi
807 1965 968 1995 salutares
997 1973 1052 1994 ve-

371 2014 474 2050 nisse,
486 2018 519 2043 at
531 2013 700 2052 Rupilium
716 2013 819 2044 fatale
831 2013 919 2044 sidus
932 2023 971 2044 ac
988 2013 1052 2043 vel-

371 2062 421 2092 uti
438 2061 642 2092 Caniculam.
686 2064 737 2094 De
756 2062 819 2093 hac
839 2062 959 2102 Virgil.
980 2063 1054 2093 AEu.

374 2120 410 2142 x.
435 2111 559 2141 ‘Sirius
576 2111 694 2142 ardor:
720 2112 783 2142 Ille
805 2111 894 2142 sitim
909 2111 1057 2142 morbos-

373 2168 438 2200 que
450 2158 561 2189 ferens
571 2160 762 2190 mortalibus
775 2160 873 2200 aegris
886 2160 1058 2199 Nascitur,

374 2213 410 2238 et
439 2208 524 2239 laevo
553 2209 731 2239 contristat
764 2208 886 2239 lumine.
915 2207 1058 2239 coelum!

371 2256 472 2291 vide,
498 2256 525 2286 si
550 2263 658 2296 vacat,
676 2258 754 2288 Not.
771 2257 813 2287 ad
829 2266 855 2287 1.
871 2255 938 2287 Od.
956 2259 1006 2287 17.
1023 2260 1060 2287 et
1107 2257 1110 2260 ’

376 2312 433 2334 ιιι.
449 2303 518 2334 Od.
534 2306 583 2335 13.

418 2354 460 2382 26
473 2352 591 2383 Ruebat
601 2353 731 2383 Flumen
742 2356 774 2383 ut
783 2352 965 2392 hybernum]
975 2353 1058 2383 Per-

372 2401 416 2431 *sii
430 2401 536 2432 oratio
551 2400 674 2431 fluebat
698 2401 813 2440 rapide
838 2401 996 2432 torrentis
1011 2401 1059 2430 in-

379 2455 459 2488 star,
485 2454 543 2481 aut
572 2449 662 2481 fluvii
691 2451 822 2482 nivibus
855 2451 1061 2491 hyemalibus

378 2499 630 2530 intumescentis
657 2502 691 2530 et
723 2499 932 2530 exundantis.
974 2498 1062 2529 Vide

379 2556 431 2578 1v.
449 2547 517 2578 Od.
531 2550 564 2578 2.

422 2599 462 2626 27
476 2596 592 2627 Fertur
605 2605 661 2636 quo
671 2606 743 2628 rara
753 2595 879 2636 securis]
903 2595 956 2626 Ad
967 2596 1019 2636 cuj
1025 2605 1062 2626 us

382 2643 524 2675 fluminis
549 2646 652 2685 ripam
677 2654 752 2676 raro
778 2645 867 2676 venit
889 2644 1063 2675 frondator

383 2702 458 2723 cum
495 2695 600 2724 securi
633 2704 698 2734 qua
727 2695 813 2733 ligna
841 2693 973 2730 caedat;
1003 2701 1062 2722 seu

384 2741 472 2783 qnod
486 2742 556 2781 ipse
572 2743 690 2774 metuit
703 2751 744 2772 ne
755 2741 947 2773 exundante
960 2738 1060 2771 fluvio

1104 1822 1302 1862 abripiatur,
1327 1831 1386 1852 seu
1403 1821 1491 1861 quod
1508 1819 1624 1851 adsitae
1650 1819 1785 1850 arbores

1104 1870 1231 1908 impetu
1254 1869 1501 1899 decurrentium
1525 1877 1682 1908 aquarum
1706 1872 1785 1898 totae

1104 1917 1320 1947 eradicantur
1335 1921 1369 1947 et
1385 1915 1590 1947 auferuntur.

1145 1967 1186 1996 28
1211 1963 1435 2003 Proenestinus]
1462 1964 1614 2003 Rupilius
1631 1963 1707 1994 Rex
1722 1963 1788 1993 ori-

1105 2012 1213 2043 undus
1230 2012 1413 2043 Praeneste.
1459 2012 1542 2042 Haec
1558 2011 1646 2042 Latii
1669 2011 1788 2042 civitas

1106 2061 1213 2091 Roma
1238 2060 1340 2090 distat
1361 2062 1413 2091 21.
1440 2060 1521 2090 mill.
1557 2069 1648 2100 pass.
1677 2055 1788 2090 ortum'

1107 2118 1239 2139 versus:
1264 2108 1342 2139 bod.
1356 2107 1542 2139 Palestrina.
1565 2107 1710 2147 Condita
1722 2106 1788 2138 fet·-

1107 2161 1163 2188 tur
1199 2162 1233 2187 et
1269 2166 1389 2187 nomen
1425 2157 1544 2186 sortita
1572 2165 1591 2186 a
1614 2156 1789 2187 Praeneste

1107 2205 1236 2245 Ulyssis
1249 2210 1282 2235 et
1297 2205 1412 2236 Circes
1425 2204 1504 2234 filio.

1151 2253 1237 2284 Salso
1264 2253 1414 2291 multoque
1430 2251 1560 2292 fluenti]
1599 2251 1688 2281 Male
1718 2251 1789 2292 qui-

1111 2302 1185 2333 dam
1200 2301 1273 2332 haec
1292 2300 1439 2339 jungunt
1453 2309 1526 2330 cum
1543 2299 1694 2339 sequenti
1708 2308 1790 2330 voce

1111 2351 1232 2382 arbusto
1242 2360 1252 2380 .·
1274 2357 1347 2389 quae
1364 2351 1454 2378 certe
1469 2346 1646 2377 referenda
1659 2351 1734 2378 sunt
1749 2347 1790 2377 ad

1113 2399 1278 2435 Persium,
1293 2396 1334 2426 de
1351 2404 1414 2436 quo
1430 2398 1517 2425 ante.
1568 2394 1727 2425 Heinsius
1743 2405 1793 2426 as-

1113 2450 1306 2478 severanter
1320 2443 1495 2483 legendum
1513 2442 1700 2481 contendit,
1712 2453 1793 2474 mus-

1114 2499 1202 2536 toque
1209 2492 1336 2535 fluenti,
1361 2495 1397 2521 ut
1417 2490 1616 2530 respondeat
1640 2492 1794 2530 sequenti

1115 2542 1277 2574 vocabulo
1293 2539 1509 2572 Vindemiator.
1542 2538 1607 2568 Sed
1623 2539 1797 2579 conjectu.

1115 2602 1148 2624 ra
1164 2593 1236 2623 liaec
1257 2589 1414 2620 audacior
1436 2596 1516 2616 saue
1542 2592 1613 2618 est:
1638 2593 1683 2626 et,
1704 2588 1794 2628 quic-

1114 2641 1192 2681 quid
1209 2640 1312 2679 dicat,
1335 2637 1377 2668 (le
1401 2644 1440 2667 en
1465 2635 1607 2667 lectione
1630 2635 1795 2669 dubitabi-

1114 2697 1194 2720 mus.
