1904 3256
366 289 450 330 '736
835 305 878 340 Q.
911 302 1116 332 HoRArn
1152 300 1323 331 macer

533 394 619 434 Sed
640 393 828 433 tardiora
847 392 937 432 sata
958 397 1001 431 te
1022 392 1136 432 votis
1156 398 1342 437 manent.

536 459 707 510 Ingrata
722 457 877 496 misero
899 457 991 497 vita
1011 456 1206 498 ducenda
1226 462 1307 508 est,
1326 459 1371 499 in
1390 459 1487 510 hoc,

534 522 677 563 Novis
695 525 741 562 ut
760 534 899 574 usque
921 527 1132 576 suppetas
1153 522 1387 565 doloribus.

534 586 672 638 Optat
692 587 883 639 quietem
901 588 1081 642 Pelopis
1099 589 1255 630 infidus
1275 593 1412 643 pater,

533 651 676 702 Egens
694 652 888 704 benignae
907 653 1117 694 Tantalus
1136 666 1308 708 semper
1327 655 1453 709 dapis
1469 669 1480 706 ;

534 715 669 768 Optat
691 716 976 760 Prometheus
994 720 1211 774 obligatus
1231 721 1350 773 aliti;

1730 594 1786 634 65

369 840 467 881 Atqui
487 841 552 872 vita
567 841 677 874 misera
690 844 879 882 infortunato
891 845 1098 884 protrahenda
1113 849 1160 877 est
1175 845 1233 877 tibi
1247 847 1287 877 ad
1301 846 1354 877 hoc
1369 849 1503 886 tantum,
1517 849 1552 877 ut
1564 845 1680 877 diutius
1693 853 1785 876 mas

367 892 517 913 oerumnas
529 884 710 923 perpetiare.
755 886 902 916 Tantalus
917 886 1041 926 Pelopis
1052 887 1186 927 infidelis
1205 891 1294 926 pater
1307 897 1424 927 semper
1438 897 1546 918 carens
1557 887 1692 927 expetito
1705 886 1785 923 cibo,

367 924 500 963 requiem
517 925 671 956 desiderat
680 936 690 956 .·
708 927 806 966 poscit
830 927 924 958 etiam
948 927 1148 959 Prometheus
1171 929 1286 960 vulturi
1306 930 1456 960 addictas.
1500 928 1647 970 Sisyphus
1667 928 1786 968 pariter

953 1019 970 1030 6
975 1020 1188 1033 ὈΜΝΗ

368 1081 417 1111 sic
433 1081 516 1112 Exc.
545 1082 617 1113 Sax.
640 1083 776 1114 Mitsch.
790 1083 927 1115 Wetzel.
941 1083 1076 1115 Wakef.
1092 1083 1207 1116 Comb.
1223 1088 1257 1114 et
1272 1083 1461 1116 mum—62
1483 1084 1522 1116 Si
1537 1084 1675 1115 tardiora
1689 1082 1787 1114 Harl.

368 1125 382 1152 l
390 1145 398 1154 .
410 1125 440 1153 2.
450 1126 480 1154 6.
494 1124 829 1164 nonnulliTorrentii,
840 1130 876 1156 et
886 1125 1076 1163 Pulmanni,
1086 1135 1169 1157 unus
1181 1125 1391 1164 Bersmanni,
1403 1126 1532 1165 plurimi
1541 1125 1653 1157 Bentl.
1664 1125 1786 1156 Venet.

368 1165 463 1195 1659.
487 1164 646 1197 Glarean.
662 1169 755 1198 1536.
776 1167 919 1198 Clrabot.
935 1167 1048 1198 Lamb.
1070 1167 1172 1207 Cruq.
1184 1167 1340 1198 Torrent.
1357 1166 1466 1197 Bond.
1478 1167 1605 1207 Delph.
1617 1166 1787 1197 Schrevel.

368 1205 443 1235 aliae
459 1210 542 1236 vett.
559 1212 636 1237 ante
649 1208 760 1238 Bentl.
775 1217 848 1238 cum
862 1208 957 1248 signo
973 1207 1202 1248 interrogandi
1219 1212 1297 1248 post
1311 1211 1446 1239 manent.
1460 1207 1522 1238 Sed
1537 1207 1676 1238 tardiora
1690 1206 1787 1237 Harl.

367 1248 397 1275 3.
412 1248 443 1276 4.
465 1247 630 1288 Porphyr.
649 1249 750 1279 Brod.
770 1249 868 1280 Gott.
890 1249 1036 1280 Bentleii
1059 1249 1181 1290 Regin.
1197 1258 1216 1279 a
1231 1259 1274 1280 m.
1291 1258 1343 1289 pr.
1365 1248 1582 1280 vetustissimi
1603 1248 1787 1288 optimique

366 1287 547 1327 Torrentii,
575 1299 658 1320 unus
683 1291 874 1329 Pulmanni‚
897 1291 1096 1322 Bersmanni
1121 1291 1218 1330 alter,
1239 1290 1383 1322 Mediol.
1401 1292 1494 1322 1477.
1542 1290 1664 1321 Venet.
1689 1291 1786 1320 1477.

368 1331 463 1360 1478.
481 1332 574 1361 1479.
619 1331 765 1363 Florent.
781 1334 873 1363 1482.
915 1331 1038 1363 Sanad.
1055 1331 1197 1372 Cuning.
1211 1332 1361 1370 Towers,
1375 1331 1527 1370 Francis,
1541 1331 1680 1362 Mitseh.
1693 1330 1788 1361 Wet-

367 1370 430 1400 zel.
447 1371 582 1402 Wakef.
608 1373 746 1412 Bipont.
769 1373 887 1403 Comb.
903 1378 938 1404 et
954 1373 1144 1404 Kidd.—64
1165 1375 1174 1391 ‘
1187 1373 1287 1403 Novis
1301 1376 1336 1404 ut
1351 1382 1442 1412 usque
1456 1381 1483 1404 s.
1499 1371 1650 1403 dolor-ibus
1663 1371 1788 1402 habent

363 1411 503 1450 *quidem
518 1413 681 1444 editiones
696 1414 857 1450 Venetae3
878 1413 937 1444 sed
955 1414 1177 1445 Loscheriana
1191 1413 1362 1444 laboribus:
1385 1413 1438 1443 cui
1455 1412 1622 1444 accedunt
1636 1411 1788 1448 Lambini

365 1451 500 1483 codices
517 1453 655 1493 aliquot,
671 1458 707 1484 et
722 1458 818 1484 vetus
833 1459 947 1485 noster
963 1454 1145 1486 Leidensis.
1182 1455 1371 1494 Utrumque
1387 1453 1527 1494 probum
1541 1458 1612 1492 est;
1631 1452 1689 1484 sed
1704 1453 1786 1484 illud

366 1493 480 1532 potius
504 1495 599 1534 liujus
623 1495 962 1532 interpretamentum
985 1496 1129 1532 videtur,
1153 1500 1189 1526 et
1203 1505 1246 1526 ex
1262 1496 1370 1536 spatio
1386 1495 1592 1526 interlineari
1607 1495 1641 1525 in
1657 1503 1790 1525 versum

364 1533 561 1572 irrepsisse.’
577 1537 680 1567 Bentl.
713 1537 902 1567 Bentleium
919 1537 1026 1568 secuti
1037 1537 1179 1576 Cuning.
1192 1537 1316 1568 Sannd.
1327 1537 1475 1576 Towers,
1488 1536 1642 1574 Francis,
1651 1535 1788 1566 Wakef.

365 1579 402 1605 et
418 1575 606 1607 Kidd.-65
629 1579 638 1594 ⁸
657 1578 785 1608 Iterum
801 1578 878 1609 edd.
894 1578 1034 1609 Venetoe
1056 1578 1189 1619 infidus;
1211 1583 1330 1609 contra
1351 1577 1558 1608 bucheriana
1570 1577 1604 1607 in
1650 1575 1675 1615 ι’,
1690 1585 1789 1616 quam

367 1621 479 1647 tamen
503 1618 571 1655 hic,
592 1621 630 1648 ut
651 1622 686 1648 et
709 1619 783 1649 loeo
807 1619 992 1657 superiore,
1011 1619 1214 1650 recentiores
1229 1617 1300 1650 fere
1316 1619 1548 1649 deseruerunt.
1624 1625 1788 1657 erperam.

367 1657 469 1693 Nam,
483 1658 572 1698 infidi
586 1658 687 1689 etiam
702 1659 863 1690 exhibent
886 1668 1000 1690 omnes
1016 1658 1088 1690 fere
1106 1660 1246 1691 aliorum
1261 1659 1408 1698 codices,
1421 1662 1458 1690 et
1471 1659 1588 1690 nostri.
1631 1658 1672 1690 In
1687 1658 1788 1698 Regi-

365 1699 460 1729 nensi
486 1699 621 1739 quidem
647 1705 683 1731 et
705 1700 824 1741 Regiae
855 1701 1034 1732 societatis
1054 1701 1167 1743 infidus
1193 1709 1280 1732 nunc
1305 1705 1414 1739 extat,
1433 1700 1494 1731 sed
1515 1701 1622 1732 altera
1642 1699 1788 1731 lectione

366 1739 460 1780 prius
483 1749 589 1772 erasa.
632 1742 702 1772 Soli
727 1742 759 1772 id
786 1741 911 1773 habent
935 1752 955 1773 a
975 1743 1084 1782 prima
1105 1752 1200 1773 manu
1224 1742 1495 1782 Magdalenensis
1517 1746 1555 1773 et
1576 1740 1788 1772 Bodleianus.

367 1781 570 1813 Revocanda
591 1782 693 1820 igitur
717 1788 770 1814 est
794 1785 905 1822 prisca
926 1784 1043 1823 lectio,
1065 1788 1099 1814 et
1126 1783 1277 1824 pluribus
1301 1783 1498 1815 testimoniis
1524 1782 1668 1818 firmam,
1692 1782 1700 1789 '
1743 1782 1789 1812 di.

364 1822 515 1863 Uterque
533 1824 668 1863 quidem
691 1825 700 1842 ‘
717 1824 859 1863 infidus‚’
879 1829 914 1855 et
937 1831 1032 1864 pater
1054 1830 1090 1856 et
1104 1824 1214 1864 filius;
1236 1825 1362 1856 sedhic
1382 1825 1492 1866 potius
1507 1824 1576 1856 filio
1598 1825 1707 1855 donau
1733 1832 1786 1853 um

366 1867 419 1893 est
435 1864 628 1903 epitheton:
653 1866 730 1905 quia
746 1870 843 1904 pater
859 1875 954 1896 suum
970 1866 1071 1896 habet
1087 1875 1185 1897 versu
1200 1871 1372 1906 sequente.
1417 1867 1484 1898 Qui
1498 1865 1607 1906 poetoe
1621 1869 1710 1902 sunt,
1725 1864 1789 1894 hoe

367 1912 409 1933 ex
425 1913 516 1935 more
532 1910 568 1936 et
587 1906 708 1936 decoro
730 1905 803 1936 fieri
828 1905 926 1936 facile
950 1906 1157 1946 agnoscent.’
1180 1907 1287 1937 Bentl.
1332 1909 1342 1924 ‘
1362 1907 1431 1946 Ego
1447 1911 1558 1937 tamen
1573 1904 1687 1946 infidus
1702 1914 1788 1944 prae—

365 1945 428 1975 tuli
442 1955 452 1983 ;
474 1946 563 1986 quod
577 1947 749 1985 Tantalus,
765 1951 802 1977 ut
818 1947 990 1985 Horatius,
1006 1948 1151 1977 Deorum
1169 1956 1291 1977 arcana
1306 1947 1501 1986 prodiderit.
1544 1948 1633 1979 Quin
1650 1950 1684 1976 et
1697 1946 1788 1985 Sisy-

366 1986 452 2026 phus
475 1992 510 2018 et
535 1988 755 2018 Prometheus
778 1991 815 2018 et
840 1987 930 2019 fures
952 1987 1049 2019 fuere
1071 1993 1106 2019 et
1127 1987 1292 2019 fallebant
1314 1988 1429 2020 Deos!
1451 1989 1551 2020 Baxt.
1596 1988 1788 2018 Bentleinm

365 2028 472 2059 secuti
487 2029 609 2060 sanad.
623 2030 769 2064 Towers,
787 2029 939 2064 Francis,
950 2028 1081 2061 Wakef.
1099 2034 1134 2060 et
1150 2029 1252 2060 Kidd.
1275 2030 1386 2070 infidus
1401 2034 1538 2060 servant
1555 2029 1654 2060 Harl.
1667 2031 1700 2059 1.
1715 2031 1746 2059 2.
1757 2031 1788 2059 3.

365 2070 396 2099 4.
422 2072 454 2100 6.
480 2070 626 2101 nonnulli
649 2071 829 2107 Torrenfii,
854 2071 932 2101 item
960 2070 1037 2102 edd.
1060 2071 1216 2101 Torrent.
1246 2070 1366 2102 Heius.
1389 2071 1507 2111 Steph.
1533 2069 1655 2109 Delph.
1680 2070 1788 2100 Bond.

366 2109 534 2143 Schrevel.
549 2111 652 2144 Gesn.
668 2112 773 2143 Zeun.
788 2112 927 2152 Bipont.
944 2111 1082 2143 Mitsch.
1100 2111 1240 2144 Wetzel.
1255 2115 1290 2143 et
1305 2111 1508 2144 Comb.—6⁷
1521 2112 1675 2145 Quatuor
1689 2110 1787 2142 codd.

1014 2203 1153 2236 NOTAE

407 2287 446 2316 61
491 2285 663 2316 Velociusve
706 2286 862 2316 miscuisse
902 2284 1051 2325 toxicum]

367 2333 444 2365 Hoc
458 2334 582 2374 pariter
597 2334 662 2365 alia
674 2339 708 2364 et
719 2335 783 2364 alia
796 2335 926 2365 ratione
937 2337 1050 2374 potest

365 2382 486 2422 accipi.
529 2383 591 2413 Vel
613 2382 753 2414 Canidia
777 2383 860 2413 dicit
882 2383 1046 2413 Horatio:

367 2430 507 2461 Frustra
530 2435 582 2461 est
603 2431 691 2472 quod
718 2441 877 2462 venenum
894 2431 955 2462 tibi
970 2431 1047 2461 mis-

367 2479 467 2510 cuisti
484 2480 640 2519 velocius,
655 2480 697 2510 ad
709 2479 879 2520 fugienda,
890 2489 949 2520 per
960 2488 1046 2510 mor-

366 2532 435 2558 tem
450 2528 563 2567 citam,
579 2538 652 2569 quae
665 2529 724 2559 tibi
737 2529 822 2560 mala
834 2534 871 2560 et
881 2532 1049 2559 tormenta

365 2576 495 2616 infero;
511 2587 586 2608 nam
601 2578 706 2615 vives,
719 2576 756 2608 vet
772 2578 861 2608 vives
874 2577 915 2607 ad
932 2586 1049 2607 aerum-

367 2634 428 2656 nas
465 2626 632 2666 quaslibet
665 2625 896 2664 exantlandas‚
923 2626 971 2656 ita
998 2634 1050 2656 me

366 2674 513 2705 volente.
557 2675 707 2715 Velipsa
718 2675 786 2706 ait:
810 2674 899 2706 Quid
914 2674 1052 2714 prodest

367 2721 447 2751 mihi
477 2723 768 2761 praesentissimum
802 2731 964 2753 venenum
995 2731 1052 2761 pa-

369 2779 444 2802 rare
474 2780 572 2811 posse
604 2781 679 2803 cum
706 2772 802 2808 libet,
827 2772 855 2803 si
879 2776 916 2803 tu
945 2771 1052 2802 vivis?

1103 2283 1206 2325 Atqui
1230 2284 1343 2324 placet
1360 2289 1397 2316 ut
1413 2285 1519 2324 vivas,
1540 2287 1578 2316 ut
1600 2283 1732 2324 longius
1749 2293 1788 2314 ae

1102 2333 1224 2364 diutius
1241 2335 1275 2362 te
1291 2332 1504 2363 discruciem.

1142 2384 1183 2412 65
1209 2380 1329 2419 Pelopis
1346 2380 1458 2421 infidus
1469 2379 1573 2420 pater]
1581 2379 1740 2411 Tantalus
1753 2380 1786 2411 in

1101 2429 1192 2459 Deos
1218 2427 1378 2468 perfidus,
1411 2438 1550 2469 quorum
1583 2437 1704 2469 nempe
1734 2439 1786 2460 ar-

1100 2486 1182 2508 cana
1209 2477 1312 2516 impie
1340 2477 1516 2508 revelavit.
1568 2476 1636 2508 Alii
1658 2477 1788 2517 legunt,

1100 2526 1199 2567 infidi.
1243 2526 1371 2566 Pelops
1393 2527 1480 2557 enim
1504 2525 1664 2557 adversus
1684 2527 1787 2558 OEno-

1102 2585 1223 2615 maum,
1240 2579 1307 2606 tum
1325 2579 1442 2606 contra
1453 2575 1630 2616 Myrtilum
1640 2575 1785 2607 infidelis

1103 2624 1230 2655 extitit.
1272 2623 1359 2655 Vide
1385 2633 1411 2655 1.
1435 2624 1502 2655 od.
1515 2627 1568 2655 28.
1593 2633 1635 2656 n.
1652 2624 1720 2657 Od.
1735 2627 1788 2656 13.

1104 2678 1138 2704 et
1155 2675 1205 2704 18.
1221 2677 1257 2704 et
1273 2677 1392 2713 postea
1407 2682 1432 2704 1.
1447 2674 1519 2705 Sat.
1534 2677 1566 2705 1.

1142 2720 1184 2752 B?
1207 2722 1424 2762 Prometheus]
1459 2723 1511 2754 De
1526 2732 1566 2755 eo
1579 2731 1605 2755 ι.
1621 2722 1688 2755 Od.
1702 2725 1732 2754 ³.
1747 2725 1782 2753 et

1104 2773 1155 2803 16.
1171 2779 1210 2803 ιι.
1226 2771 1293 2803 Od.
1312 2774 1360 2802 13.
1376 2773 1439 2803 &c.
