1904 3256
668 252 854 284 eropon
890 252 1052 282 nisan.
1495 239 1580 282 679

357 347 480 390 Diris
500 359 627 401 agam
648 359 755 388 vos:
785 347 880 389 dira
899 346 1136 389 detestatio

418 416 562 459 Nulla
580 417 789 470 expiatur
809 417 1009 459 victima.

360 483 494 535 Quin,
514 484 588 525 ubi
610 483 752 537 perire
765 484 921 539 jussus
942 483 1215 538 expiravero,

416 551 679 592 Nocturnus
699 564 926 593 occurram
949 551 1108 600 Furor,

132 676 218 709 Dira
231 678 396 710 detestatio
409 676 492 710 nullo
505 677 658 719 sacr-{ficio
670 680 839 718 purgatur.
870 678 970 709 Immo
981 679 1146 718 postquam
1159 686 1179 708 α
1192 675 1279 708 vobis
1289 678 1414 707 coactus
1426 674 1587 714 interiere,

739 761 977 774 ‘famu‘

130 835 157 858 1.
171 829 247 858 505.
272 826 390 867 Negat
400 826 518 868 itaque
529 836 661 858 venena
674 827 820 867 magica,
835 826 989 868 quamvis
1006 830 1147 867 possunt
1162 826 1172 844 ‘
1183 826 1315 858 Sistere
1327 834 1447 866 aquam
1461 822 1587 860 fluviis,

132 872 169 900 et
185 872 320 900 vertere
334 869 447 900 sidera
462 869 577 911 retro,’
593 870 690 909 Virg.
702 870 776 901 AEn.
793 877 842 901 tv.
854 871 929 900 489.
949 868 1049 911 (add.
1063 869 1166 901 Ovid.
1180 869 1267 901 Met.
1283 878 1335 900 tv.
1346 871 1400 899 50.
1411 872 1447 899 et
1462 866 1588 898 Tibull.

133 919 156 942 ι.
172 913 205 942 2.
220 910 292 952 44.)
316 916 352 943 et
366 912 434 943 alia
449 912 483 943 id
501 921 607 952 genus
623 917 785 953 portenta
800 911 940 950 facere;
964 917 1079 952 negat,
1094 912 1243 953 inquam,
1267 916 1421 942 naturam
1439 909 1527 951 justi
1550 914 1588 940 et

131 953 252 994 injusti
266 963 366 995 posse
385 954 504 986 itidem
522 960 668 986 vertere.
711 954 780 985 Sed
805 953 949 994 objicies
973 953 1120 986 fortasse
1136 964 1212 986 cum
1230 953 1393 985 Lambino
1408 956 1444 984 et
1459 952 1588 984 Dacie·

131 996 195 1036 rio,
210 1005 280 1027 rem
296 996 396 1028 aliter
411 1006 447 1028 se
462 997 600 1033 habere,
616 1002 653 1029 et
669 996 835 1029 veneficia
851 1006 887 1028 re
904 997 979 1037 ipsa
995 996 1046 1028 fas
1063 996 1226 1038 nefasque
1242 1001 1390 1036 vertere,
1402 999 1440 1027 ut
1454 995 1463 1011 ‘
1475 993 1588 1026 bella'

133 1043 169 1070 et
190 1038 366 1070 ‘scelera’
388 1044 527 1071 vertunt
542 1040 632 1080 apud
648 1039 840 1081 Virgilium.
883 1040 1012 1070 Verum
1038 1039 1122 1070 illud
1141 1039 1204 1070 viri
1227 1039 1319 1071 docti
1343 1047 1408 1069 non
1434 1036 1587 1069 animad-

133 1085 327 1123 verterunt,
342 1081 486 1114 diversis
502 1082 692 1114 nominibus
719 1088 899 1123 utrumque
916 1091 1032 1113 verum
1050 1092 1137 1121 esse,
1153 1087 1189 1113 et
1205 1081 1293 1123 quod
1319 1085 1457 1113 vertant
1476 1079 1527 1111 fas
1553 1084 1591 1111 et

132 1122 243 1163 nefas,
259 1127 296 1155 et
310 1124 401 1164 quod
416 1134 483 1156 non
499 1128 648 1156 vertant.
693 1125 844 1156 Vertunt
858 1124 1008 1165 quidem,
1023 1124 1114 1166 quod
1138 1124 1181 1155 ad
1205 1125 1296 1165 ipsas
1313 1122 1481 1155 veneficas
1508 1122 1591 1154 atti-

133 1170 212 1197 net:
238 1166 366 1222 quippe
381 1167 513 1208 quibus,
529 1172 568 1198 ut
583 1167 725 1198 Senecae
742 1166 854 1198 verbis
879 1172 953 1198 utar
977 1167 1138 1199 Controv.
1154 1176 1195 1199 ιι.
1216 1169 1226 1184 ‘
1241 1176 1340 1198 omne
1355 1165 1407 1198 fas
1423 1164 1590 1206 nefasque

133 1208 227 1239 lusus
252 1212 322 1249 εις-η
356 1218 444 1249 quae,
461 1213 498 1239 nt
514 1209 657 1240 Tacitus
672 1209 822 1250 loquitur
837 1209 932 1241 Hist.
948 1218 990 1241 11.
1007 1212 1060 1240 56.
1084 1211 1093 1227 ‘
1106 1211 1138 1240 iu
1156 1218 1254 1240 omne
1268 1208 1322 1240 fas
1338 1208 1504 1249 nefasque
1520 1207 1590 1238 avi-

133 1249 184 1289 di,
197 1253 232 1280 et
248 1250 408 1289 venales!
456 1251 533 1282 Non
551 1256 666 1282 tamen
681 1257 822 1283 vertunt
835 1251 945 1292 quoad
962 1257 1116 1283 naturam
1133 1262 1259 1293 rerum,
1283 1257 1318 1283 et
1343 1251 1490 1282 divinam
1514 1259 1592 1290 pro-

134 1292 319 1324 videntiam
333 1303 341 1324 ι
359 1297 397 1324 ut
411 1293 576 1334 Virgilius
592 1293 667 1326 AEn.
682 1303 708 1326 1.
724 1296 800 1325 547.
823 1297 832 1311 ‘
845 1294 879 1325 Si
896 1304 1003 1335 genus
1018 1295 1198 1326 humanum
1213 1300 1250 1326 et
1264 1293 1420 1325 mortalia
1436 1292 1590 1324 temnitis

135 1343 248 1373 arma;
270 1332 318 1366 At
335 1340 472 1375 sperate
496 1336 591 1366 Deos
611 1344 777 1367 memores
803 1334 898 1366 fandi
925 1341 1030 1377 atque
1054 1335 1194 1367 nefandi
1208 1336 1229 1367 :'
1254 1334 1538 1376 quemadmodum
1554 1339 1592 1366 et

133 1385 218 1417 puer
225 1375 281 1407 hic
292 1377 436 1407 humana
446 1386 512 1417 ope
525 1377 714 1408 destitutus
729 1377 772 1407 ad
787 1377 888 1408 Deos*
899 1378 1028 1408 ultores
1043 1387 1080 1408 se
1094 1378 1270 1409 convertit
1284 1388 1292 1408 :
1310 1378 1405 1408 Diris
1415 1387 1508 1416 agam
1518 1386 1571 1407 vos
1580 1387 1593 1414 ‚-

132 1418 206 1450 dira
229 1418 395 1450 detestatio
421 1419 518 1450 Nulla
544 1418 692 1457 expiatur
715 1418 854 1450 victima.
897 1418 1079 1450 Postremo
1106 1424 1213 1459 negat
1236 1418 1402 1450 veneficia
1430 1421 1440 1436 ‘
1454 1422 1591 1450 vertere

132 1460 224 1492 vices
239 1459 425 1501 humanas‚'
445 1461 516 1492 sive
532 1459 682 1499 effugere
699 1470 796 1501 posse
814 1469 961 1500 poenam,
982 1470 1058 1502 quae
1075 1461 1196 1492 claudo
1214 1461 1296 1492 licet
1312 1461 1401 1502 pede
1425 1460 1591 1492 scelestos

132 1503 270 1534 tandem
287 1502 517 1544 consequitur.
562 1504 572 1520 ⁴
589 1502 719 1543 Vices,'
742 1506 780 1534 ut
794 1503 924 1543 optime
938 1503 993 1534 hic
1011 1504 1242 1544 Porphyrion,
1257 1505 1267 1521 ‘
1280 1504 1503 1545 appellantur
1518 1512 1591 1544 poe·

131 1553 284 1585 nae,quae
302 1545 335 1576 in
353 1545 540 1576 sceleratos
557 1550 760 1585 regeruntur
774 1546 794 1576 ε’
816 1550 855 1576 ut
873 1545 1002 1577 Noster
1017 1555 1044 1577 ι.
1059 1546 1129 1578 Od.
1143 1549 1197 1578 28.
1212 1548 1267 1578 31.
1291 1545 1396 1578 Ovid.
1409 1546 1516 1577 Trist.
1533 1554 1592 1577 ιιι.

131 1588 185 1618 11.
199 1589 254 1619 67.
299 1586 415 1628 Atque
429 1588 502 1619 liaec
518 1587 655 1629 quidem
671 1588 748 1619 ideo
772 1586 930 1625 diximus,
956 1597 999 1620 ne
1022 1588 1105 1620 nibil
1122 1588 1325 1620 diceremus.
1370 1589 1515 1620 Frustra
1541 1592 1592 1620 ta-

129 1638 220 1669 men,
235 1629 369 1671 opinor,
385 1630 480 1662 labot·
492 1630 600 1661 omnis
615 1629 827 1670 impenditur
840 1640 849 1661 :
874 1635 911 1662 et
926 1629 1073 1662 fortasse
1088 1631 1199 1662 locum
1216 1631 1369 1672 spurium
1386 1636 1424 1662 et
1439 1631 1593 1669 interpo-

131 1672 239 1704 latum
253 1681 422 1712 curamus,
437 1672 496 1714 qui
512 1673 583 1704 sola
599 1673 746 1713 spongia
760 1672 871 1703 sanari
895 1673 1038 1713 poterit,
1058 1674 1153 1704 nulla
1175 1674 1240 1704 alia
1262 1672 1458 1704 medicina!
1481 1672 1594 1703 Bentl.

129 1714 225 1755 ‘Ego
241 1716 308 1746 etsi
325 1717 492 1747 assentior
507 1715 682 1754 Bentleio,
696 1715 751 1756 qui
769 1714 895 1746 frustra
909 1724 1044 1747 omnem
1068 1716 1221 1747 laborem
1247 1716 1283 1746 in
1300 1715 1332 1747 h.
1349 1715 1372 1746 l.
1388 1713 1593 1755 explicando

131 1756 253 1789 insumi
277 1762 391 1799 putat,
405 1758 535 1796 malim,
551 1757 582 1788 si
603 1757 740 1789 omnino
754 1765 822 1788 non
837 1757 1017 1788 reticenda
1043 1762 1096 1789 est
1121 1767 1198 1789 mea
1219 1757 1403 1793 sententia,
1419 1756 1504 1787 nihil
1520 1766 1592 1787 mu-

132 1805 221 1839 tare,
237 1805 273 1832 et
295 1801 407 1832 locum
423 1808 596 1840 exponere
616 1800 686 1832 sic:
709 1800 855 1832 Venena
881 1809 947 1831 non
976 1804 1118 1840 possunt
1138 1804 1341 1832 convertere
1365 1808 1529 1831 summam
1555 1803 1595 1830 et

130 1846 342 1874 constantem
351 1843 522 1892 justitiam
536 1853 544 1874 :
562 1842 808 1885 (immutabilia
816 1842 903 1883 justi
919 1842 1106 1884 injustique
1122 1843 1292 1884 principia
1303 1842 1331 1880 z)
1346 1841 1382 1873 id
1393 1846 1458 1882 est,
1474 1841 1592 1873 statim

131 1885 284 1958 explicat
299 1884 442 1926 Poe'ta,)
466 1886 646 1916 humanam
657 1886 787 1916 vicem:
811 1893 941 1925 poenas,
959 1885 1082 1925 quibus
1108 1884 1255 1916 malefici
1272 1883 1480 1916 afficiuntur.
1525 1883 1593 1915 Sed

131 1927 178 1959 mi
203 1927 302 1968 iipse
317 1937 384 1959 non
399 1926 600 1960 satisfacio.’
622 1927 732 1958 Klotz.
774 1926 784 1943 ‘
796 1926 884 1958 Mihi
901 1927 1091 1968 simplicior
1107 1927 1289 1959 videbatur
1304 1926 1461 1958 Lambini
1487 1927 1591 1958 inter-

132 1970 296 2010 pretatio:
321 1970 495 2002 Veneficia
512 1975 653 2011 possunt
670 1969 728 2008 sas
748 1972 779 2000 et
797 1969 884 2007 nefus
898 1973 1090 2007 convertere,
1107 1970 1311 2010 perturbare
1327 1970 1439 2001 omnia
1454 1968 1587 2001 officia:

133 2019 202 2042 non
217 2018 358 2052 possunt
371 2016 549 2044 convertere
564 2017 601 2044 et
616 2016 749 2043 mutare
764 2012 996 2044 conditionem
1019 2013 1252 2053 mortalitatis,
1279 2017 1315 2044 et
1340 2012 1509 2054 impedire
1525 2021 1592 2053 quo

134 2053 244 2085 minus
260 2056 444 2095 puniantur
461 2055 634 2087 veneficae.
671 2055 717 2086 Et
732 2054 780 2086 sic
795 2054 958 2087 distinxi:
979 2056 1163 2087 Gesta—88
1175 2056 1274 2088 Harl.
1290 2058 1322 2087 4.
1337 2055 1487 2087 hamanus
1501 2055 1595 2095 vices,

790 2137 930 2170 NOTAE

133 2200 213 2232 ficia
235 2199 287 2233 fas
312 2200 480 2243 nefasque
507 2200 730 2238 confundant,
756 2211 834 2243 per-

134 2256 284 2293 vertant,
307 2253 437 2285 violent
461 2253 565 2294 licet;
594 2259 631 2287 at
647 2264 758 2287 rerum
776 2256 834 2287 liu-

888 2203 1002 2245 laesus,
1026 2204 1057 2236 ei
1082 2205 1140 2246 qni
1162 2205 1300 2237 laeserat
1319 2206 1525 2246 imprecatus
1541 2214 1593 2236 es-

888 2258 953 2285 set.
999 2255 1079 2286 Huc
1096 2255 1246 2295 pertinet
1262 2255 1352 2296 qnod
1367 2255 1487 2287 scribit
1501 2254 1592 2285 Plin.

132 2306 308 2335 manarum
337 2302 591 2336 vicissitudines
618 2314 683 2336 non
710 2306 836 2338 sistent

132 2358 192 2384 ant
207 2353 399 2385 mutabunt.
441 2353 564 2396 Itaque
593 2365 665 2395 vos,
691 2356 838 2387 scelera-

134 2406 181 2435 tae
195 2411 236 2435 ac
253 2403 473 2435 detestabiles
495 2404 673 2444 veneficae,
689 2415 765 2447 quae
780 2414 836 2438 me

133 2452 183 2484 sie
198 2452 353 2494 improbe
377 2452 544 2495 occiditis,
563 2455 672 2486 vicem
689 2460 835 2487 vestram

135 2507 330 2543 expectate.
375 2504 464 2536 Nam
479 2509 574 2536 certe
591 2505 747 2546 peribitis
762 2510 836 2537 tan-

138 2551 214 2582 dem
237 2552 422 2586 miserabili
445 2554 558 2594 modo,
585 2565 625 2587 ac
648 2555 837 2597 insepultas

138 2600 315 2635 laniabunt
329 2603 425 2644 ferae,
436 2606 501 2638 ὅτε.

181 2651 224 2680 89
245 2650 420 2684 Detestatio
431 2655 530 2686 Nulla
536 2654 683 2696 expiatur
693 2654 836 2696 viatim]

141 2697 199 2729 Sic
209 2698 380 2732 habebant
391 2707 539 2744 veteres,
551 2713 616 2735 nou
628 2713 730 2745 posse
739 2713 835 2735 aver-

139 2747 166 2778 ti
183 2752 243 2779 aut
257 2749 387 2789 expiari
409 2753 509 2793 mala,
529 2763 604 2795 quae
621 2754 696 2796 quis
713 2754 836 2786 ardens

132 2797 229 2839 justa
258 2797 318 2835 ira,
341 2808 416 2830 curn
441 2803 535 2841 gravi
564 2802 678 2836 fuerat
711 2804 836 2846 injuria

889 2303 950 2336 lib.
976 2313 1111 2336 xxvut.
1138 2305 1148 2323 ‘
1162 2303 1277 2345 Defigi
1299 2305 1381 2337 diris
1412 2305 1594 2336 detestati-

889 2355 1010 2387 onibus
1026 2365 1126 2388 nemo
1141 2366 1207 2388 non
1223 2356 1372 2389 metuit.’

932 2407 974 2436 92
998 2405 1182 2438 Nocturnus
1202 2416 1362 2438 occurram
1384 2406 1500 2443 Furor,
1521 2404 1592 2445 &ej

888 2454 946 2486 Sic
962 2455 1085 2496 Virgil.
1104 2456 1238 2488 AEneid.
1253 2465 1304 2487 ιν.
1319 2458 1395 2486 386.
1440 2454 1532 2485 Dido
1549 2455 1592 2486 ad

890 2505 1052 2537 AEneam:
1069 2507 1079 2522 ⁴
1096 2505 1266 2536 Omnibus
1283 2503 1404 2535 umbra
1416 2503 1500 2534 locis
1513 2503 1594 2536 ade-

890 2563 948 2585 ro:
965 2553 1077 2594 dabis,
1094 2554 1261 2594 improbe,
1273 2553 1410 2594 poenas!
1440 2553 1545 2585 ovid.
1558 2554 1593 2585 in

895 2603 949 2635 Ib.
971 2612 1021 2634 νε.
1049 2605 1124 2634 157.
1157 2606 1167 2621 ‘
1180 2603 1346 2644 Insequar
1360 2607 1396 2634 et
1414 2603 1526 2634 vultus
1541 2613 1595 2635 os-

891 2662 948 2685 sea
961 2652 1070 2684 forma
1084 2657 1172 2684 mos-
1216 2653 1276 2684 Me
1290 2653 1431 2693 vigilans
1446 2662 1565 2685 cernes
1582 2665 1592 2693 ;

890 2703 1003 2735 tacitis
1019 2712 1084 2744 ego
1098 2702 1208 2734 noctis
1223 2702 1257 2733 in
1267 2702 1397 2734 umbris
1409 2703 1591 2736 Excutiam

890 2761 1037 2794 somnos,
1062 2752 1153 2784 visus
1176 2752 1307 2793 adesse,
1328 2752 1429 2784 tuos.'
