1904 3256
606 298 879 330 cARMiNuM
916 298 1012 328 Lm.
1048 298 1111 328 ιν.
1144 285 1212 327 13.
1544 283 1643 324 -623

416 394 655 436 Graiarum
676 393 845 435 facies:
878 392 958 435 sed
978 391 1154 434 Cinarae
1168 392 1325 432 breves

475 459 630 501 Annos
650 459 743 501 sata
765 460 996 509 dederunt,

529 526 764 568 Servatura
785 525 860 568 diu
882 538 1031 580 parem

415 594 620 635 Cornicis
641 593 804 635 vetulae
825 593 1105 648 temporibus
1127 591 1303 646 Lycen;
1587 589 1645 629 2.)

419 661 614 702 Possent
631 663 682 701 ut
693 659 886 714 juvenes
907 661 1048 702 visere
1065 658 1237 708 fervidi,

474 726 623 768 Multo
646 740 732 768 non
753 729 849 769 sine
865 728 970 776 risu,
1071 772 1075 775 ,

531 794 766 848 Dilapsam
790 797 835 836 in
856 795 1029 836 cineres
1050 792 1208 834 facem.

187 923 262 956 belle
279 926 466 967 composito?
511 926 557 956 At
581 925 708 956 Cinara·
730 935 791 957 non
812 926 937 965 longam
958 923 1058 954 vitam
1079 932 1148 954 sors
1172 922 1326 959 indulsit;
1349 922 1405 953 diu
1429 924 1647 953 conservatum

185 966 290 1008 Lycen
304 969 454 1008 longoevae
468 967 586 999 cornici
601 971 697 999 oetote
707 968 866 1008 equalem,
881 970 917 999 ut
930 967 1138 999 adolescentes
1150 965 1244 998 calidi
1256 968 1368 1006 queant
1383 965 1596 1004 viderefioeem
1612 964 1646 993 in

177 1009 312 1047 favillas
325 1012 496 1067 reductam,
511 1010 594 1043 haud
608 1010 721 1051 absque
735 1010 881 1042 ludibrio.

805 1112 1049 1127 OOONNM‘

187 1191 380 1233 tei-pungit,
401 1190 575 1224 Cinaram?
593 1194 668 1223 nota
681 1202 739 1232 quo
755 1195 784 1224 et
799 1194 917 1224 artium
935 1193 1110 1223 Graiarum
1126 1191 1254 1229 facies?
1297 1190 1373 1229 Sed,
1394 1192 1536 1230 &ce-22
1563 1190 1649 1220 Gru-

188 1237 352 1275 :aramque
369 1234 514 1265 Locher.
547 1234 725 1265 Multarum
741 1234 848 1265 Laud.
882 1235 1056 1266 Graiarum
1071 1234 1162 1274 conj.
1178 1233 1285 1264 With.
1311 1233 1402 1271 facie
1415 1231 1507 1272 conj.
1524 1232 1650 1262 Dacer.

189 1277 270 1308 dum
285 1285 396 1317 neque
422 1275 545 1307 faciem
569 1280 741 1314 gratarum
765 1277 902 1315 artium,
927 1285 1038 1316 neque
1066 1274 1185 1306 faciem
1212 1274 1349 1306 felicem
1373 1279 1451 1315 post
1479 1274 1651 1312 Cinaram,

188 1319 271 1350 satis
286 1317 408 1349 Latine
425 1317 506 1357 dici,
519 1322 556 1349 et
572 1317 794 1358 tautologiam
810 1318 890 1349 oriri
907 1327 926 1349 e
942 1318 1074 1358 vulgari
1092 1317 1240 1348 lectione
1257 1321 1370 1358 putat,
1392 1322 1428 1348 et
1444 1319 1519 1347 nota
1532 1316 1650 1348 artium

191 1361 366 1392 Graiarum
378 1361 468 1398 facie
481 1360 644 1399 explicat,
664 1360 796 1391 artibus
811 1359 921 1399 gratis
939 1365 1031 1390 nota.
1076 1359 1085 1375 ‘
1098 1359 1215 1390 Facile
1231 1359 1377 1398 intelligi
1395 1362 1523 1398 potest,
1548 1367 1647 1398 quam

187 1402 339 1434 insolens
351 1406 387 1432 et
404 1401 525 1441 putida
538 1401 676 1431 dicendi
691 1400 800 1432 forma
816 1401 905 1432 foret
919 1401 1023 1438 socies
1038 1401 1170 1437 artium,
1195 1410 1256 1439 pro
1273 1404 1364 1430 artes
1379 1410 1388 1437 ;
1413 1409 1581 1440 quamque
1599 1400 1647 1429 in-

188 1453 269 1475 anes
283 1444 421 1475 omnino
437 1443 519 1483 sint,
534 1451 616 1482 quas
629 1443 756 1474 Dae-er.
771 1441 872 1473 affert
887 1442 1092 1473 emendandi
1107 1441 1282 1472 rationes.'
1294 1441 1387 1472 Jani.
1420 1442 1562 1482 Cynares
1577 1441 1648 1472 ΑΗ.

188 1488 308 1518 2.-’23
317 1484 508 1523 Amtossato
523 1485 636 1516 dedere
651 1485 786 1516 emend.
802 1484 948 1525 Cuning.
965 1493 1111 1524 eumque
1127 1484 1236 1515 secuti
1253 1484 1377 1514 Sanad.
1394 1489 1430 1514 et
1445 1484 1532 1515 Sivr.
1550 1489 1582 1515 et
1599 1483 1649 1514 sic

186 1529 279 1569 Llps.
294 1530 328 1559 2.
351 1537 371 1559 a
385 1527 430 1560 ni.
446 1529 603 1558 sem—26
626 1525 718 1566 Lips.
733 1529 766 1558 2.
789 1527 920 1558 Possint
935 1529 1072 1558 ut.—28
1095 1526 1244 1558 Delatum
1260 1525 1411 1557 Bentleii
1429 1525 1547 1557 Graev.
1581 1525 1649 1556 De-

316 1569 468 1602 nonnulli
484 1569 602 1600 Lamb.
620 1569 735 1609 plures
749 1570 846 1601 Torr.
870 1578 986 1600 omnes
1012 1569 1126 1600 Pulm.
1141 1568 1210 1600 duo
1234 1569 1367 1600 Bersm.
1394 1569 1509 1608 plnres
1532 1568 1647 1600 Bentl.

227 1613 286 1644 arl.
301 1616 335 1645 2.
351 1615 382 1645 3.
396 1615 429 1644 4.
444 1615 475 1643 5.
491 1614 524 1643 6.
549 1611 692 1643 Mentel.
710 1611 804 1651 Lips.
823 1615 852 1644 l.
869 1615 901 1643 4.
925 1611 998 1643 Alt.
1015 1614 1046 1643 2.
1070 1611 1169 1643 Dess.
1192 1614 1224 1643 2.
1248 1611 1372 1643 Venet.
1392 1613 1483 1642 1492.
1509 1611 1650 1642 Locher.

187 1655 332 1688 Ascens.
346 1654 447 1686 Fabr.
463 1655 567 1686 Baxt.
582 1654 664 1686 Jon.
711 1654 878 1695 Dilupsam
905 1654 1019 1694 plnres
1045 1654 1164 1685 Lamb.
1187 1653 1366 1694 antiquiss.
1392 1653 1516 1684 Bland.
1543 1653 1648 1694 Cruq.

187 1697 335 1730 docente
354 1697 398 1729 P.
414 1697 546 1729 Nunnio
563 1697 711 1728 Miscen.
730 1705 786 1727 ιιι.
807 1699 857 1728 17.
882 1696 982 1727 Harl.
999 1699 1030 1727 1.
1052 1697 1162 1727 Bentl.
1178 1695 1274 1726 Leid.
1299 1700 1334 1726 et
1360 1695 1478 1735 Regin.
1503 1701 1538 1726 et
1566 1695 1648 1726 Aer.

188 1740 255 1772 Mu.
271 1750 327 1781 ap.
343 1740 502 1774 eundem,
518 1739 599 1770 item
618 1739 765 1779 Franeq.
783 1738 873 1776 Lips.
888 1741 921 1770 2.
937 1741 969 1769 3.
991 1737 1065 1769 Alt.
1084 1741 1112 1769 1.
1137 1738 1284 1768 Helmst.
1298 1738 1424 1768 Venet.
1441 1739 1535 1768 1477.
1553 1739 1648 1769 1478.

187 1782 269 1814 Vet.
285 1782 406 1815 Comb.
422 1782 540 1813 Basill.
557 1782 662 1821 Crnq.
677 1781 799 1821 Stepli.
815 1780 936 1812 Heins.
952 1780 1044 1812 Mur.
1063 1779 1146 1811 Fab.
1164 1780 1265 1818 Rutg.
1281 1780 1408 1810 Dacer.
1428 1779 1544 1810 Bentl.
1562 1779 1649 1810 Cun.

185 1824 265 1856 San.
283 1825 390 1857 Gesn.
407 1824 516 1855 zenn.
533 1823 676 1863 Bipont.
694 1823 833 1854 Mitsch.
851 1822 989 1854 Wetzel.
1004 1821 1143 1854 Wakef.
1160 1822 1279 1853 Comb.
1297 1822 1452 1860 Francis,
1478 1827 1513 1853 et
1541 1821 1650 1852 Kidd.

183 1867 320 1899 cinerem
336 1876 422 1899 unus
438 1867 572 1898 Bersm.
594 1866 707 1898 Bentl.
723 1868 753 1897 l.
779 1865 869 1906 Lips.
887 1868 920 1897 4.
944 1865 1041 1897 Dess.
1057 1867 1090 1896 2.
1113 1864 1327 1905 improbante
1342 1863 1434 1896 Jani.

842 1971 984 2004 NOTAE

189 2063 265 2101 φφ,
291 2067 438 2090 amorem
466 2056 620 2088 excitant
642 2061 679 2088 et
701 2056 890 2098 pelliciunt,
944 2066 964 2088 o
994 2057 1099 2098 Lyce,
1123 2055 1320 2097 protraxisti
1348 2056 1451 2088 vitam
1476 2067 1582 2098 usque
1605 2058 1647 2088 ad

189 2109 306 2151 quales
329 2107 423 2139 frons
445 2107 562 2138 hilaris
579 2112 616 2138 et
631 2112 763 2148 aperta,
778 2108 891 2139 oculo·
944 2111 1171 2146 senectutem,
1186 2111 1224 2138 ut
1240 2117 1331 2138 esses
1349 2107 1498 2139 ludibrio
1513 2108 1648 2148 juveni-

191 2169 262 2190 rum
277 2157 404 2198 fulgor,
419 2156 678 2198 superciliorum
699 2163 814 2196 nutus,
834 2166 891 2197 ge·
946 2156 1021 2198 bus,
1039 2162 1074 2189 te
1093 2156 1287 2188 videntibus
1302 2162 1468 2189 mutatam
1483 2163 1518 2190 et
1528 2158 1651 2199 depra-

190 2218 308 2241 narum
325 2207 454 2239 candor
476 2206 587 2247 aliquo
611 2206 735 2238 rubore
751 2206 893 2238 distinc-
947 2212 1059 2239 vatam
1077 2207 1171 2239 senio
1187 2217 1227 2238 ac
1243 2208 1336 2239 velut
1357 2208 1546 2240 extinctam
1563 2214 1599 2240 et
1617 2210 1648 2239 in

191 2259 268 2292 tus.‘
301 2257 449 2292 Quidam
462 2256 674 2297 leguntsacie
685 2267 698 2293 ;
714 2266 776 2288 nec
791 2257 890 2288 male.
948 2258 1031 2288 viles
1047 2258 1057 2275 ⁶
1071 2257 1205 2288 eineres
1216 2257 1381 2297 dilapsam
1393 2268 1402 2296 ;
1413 2256 1422 2270 '
1437 2258 1544 2289 iusta·-
1555 2259 1651 2297 facis,

233 2312 275 2341 24
298 2309 415 2340 Parem
433 2306 576 2338 Cornicis
587 2305 711 2347 vetuloe,
724 2306 794 2347 Esca]
809 2306 892 2337 Cor·
947 2312 1128 2348 postquam
1152 2306 1271 2348 ingens
1288 2308 1400 2339 lumen
1415 2309 1647 2349 splendorem-

190 2360 274 2392 nicis
289 2363 373 2390 ωιτη
388 2357 563 2396 diuturna,
577 2355 657 2387 hinc
678 2355 771 2387 dicta
786 2365 891 2387 anno·
947 2368 1013 2399 que
1035 2358 1162 2398 emisit,
1185 2364 1337 2399 tempore
1361 2364 1548 2391 consumtae
1567 2368 1599 2392 et
1615 2361 1648 2390 in

192 2421 230 2443 n
246 2419 302 2442 ιιι.
320 2408 389 2442 od.
405 2410 458 2439 17.
475 2407 550 2439 vide
573 2406 619 2438 ibi
638 2407 721 2438 Not.
946 2407 1079 2440 favillas
1097 2413 1216 2440 tenues
1227 2415 1263 2440 et
1276 2409 1385 2441 siccas
1403 2409 1563 2441 redactae.

232 2464 276 2499 26
299 2461 430 2492 Possem
440 2462 475 2491 ut
485 2458 627 2500 juvenes,
642 2458 715 2500 δῖα]
745 2457 797 2488 Ad
815 2457 893 2497 hoc,
