1890 3256
588 316 936 348 EPtsTOLARUM
976 318 1070 348 mn.
1101 317 1133 349 1.
1164 309 1232 349 13.
1524 309 1637 350 1147

187 408 380 451 Sedulus
399 409 624 467 importes,
645 423 777 464 opera
795 410 1046 452 vehemente
1067 412 1278 454 minister.
1607 415 1635 454 5

186 475 237 517 Si
259 481 302 516 te
321 474 429 517 forte
448 467 557 517 meae
577 477 725 528 gravis
746 482 838 518 uret
859 477 1036 519 sarcina
1055 477 1236 528 chartae,

189 541 386 596 Abjicito
406 543 573 596 potius,
594 555 725 596 quam
748 557 835 598 quo
854 544 1045 598 perferre
1058 544 1234 598 juberis

189 609 392 651 Clitellas
410 610 530 651 ferus
550 610 783 664 impingas,
794 608 1038 664 Asinaeque
1058 616 1294 666 paternum

187 675 438 729 Cognomen
459 679 607 718 vertas
627 677 673 718 in
692 678 842 727 risum,
864 682 911 719 et
930 677 1080 720 fabula
1099 677 1198 720 fias.
1238 690 1242 698 ¹

186 741 370 784 Viribus
390 743 524 784 uteris
544 756 623 797 per
643 744 801 794 clivos,
820 743 1019 795 flumina,
1039 745 1205 787 lamas:

186 808 348 851 Victor
365 811 584 863 propositi
605 812 734 852 simul
752 824 806 853 ac
824 812 1074 866 perveneris
1094 813 1214 861 illuc,

184 875 263 918 Sic
281 877 475 930 positum
497 879 698 919 servabis
720 891 849 928 onus,
869 891 925 919 ne
946 879 1057 920 forte
1080 879 1163 920 sub
1183 879 1258 921 ala

183 941 470 985 Fasciculum
490 949 641 998 portes
662 945 884 995 librorum,
904 949 951 986 ut
970 945 1157 987 rusticus
1177 958 1335 999 agnum
1353 959 1364 998 ;

1581 746 1634 786 10

184 1093 304 1125 nostris
326 1094 442 1135 confles
465 1094 564 1126 nimio
587 1096 754 1127 sedulitate
767 1100 797 1127 et
813 1096 992 1139 officiosiore
1005 1097 1119 1128 studio.
1166 1099 1256 1134 Quod
1279 1098 1307 1129 si
1332 1097 1479 1128 librorum
1502 1106 1637 1128 meorum

185 1145 263 1166 onus
277 1136 335 1167 tibi
356 1138 529 1168 molestiam
536 1137 677 1175 facessat
686 1150 699 1176 ;
719 1139 835 1180 projice
850 1140 963 1179 magis,
979 1150 1070 1179 quam
1087 1141 1204 1172 rustice
1216 1142 1382 1181 praev-udas
1394 1140 1549 1171 sarcinam
1562 1140 1637 1171 illuc

185 1187 244 1217 qno
262 1179 424 1218 deportare
436 1180 608 1220 imperavi.-
630 1181 734 1223 sicque
748 1182 849 1221 patris
864 1183 912 1213 tui
926 1182 1036 1214 Asinae
1049 1192 1216 1222 cognomen
1239 1185 1384 1214 traducas
1405 1183 1437 1213 in
1458 1182 1636 1222 ludibrium,

185 1220 417 1263 etsabubzfias.
449 1223 606 1255 Contende
618 1233 675 1264 per
688 1224 791 1263 colles,
797 1223 928 1265 fluvios,
939 1226 1077 1256 lacunas.
1107 1226 1186 1256 Cum
1199 1229 1301 1257 mitem
1313 1236 1347 1256 eo
1361 1225 1522 1256 deveneris
1529 1223 1639 1262 felici-

183 1264 234 1293 ter
247 1273 306 1304 quo
322 1265 433 1302 tendis,
448 1265 529 1297 hunc
543 1265 578 1297 in
593 1267 716 1298 modum
728 1266 919 1309 fasciculum
930 1277 1026 1308 pones
1035 1278 1045 1298 .·
1067 1278 1106 1299 ne
1120 1267 1177 1299 sub
1191 1268 1315 1299 bruchio
1328 1268 1447 1299 codices
1459 1277 1541 1298 meos
1554 1266 1637 1305 defe-

783 1373 1025 1385 ΟΟΝΜΜ

184 1445 282 1478 Rom.
307 1450 342 1478 6.
369 1450 406 1479 et
431 1447 610 1481 Barberin.
635 1451 731 1481 1.—5
755 1449 935 1482 Barberin.
958 1452 991 1481 2.
1012 1449 1228 1480 ministri.—-6
1258 1448 1420 1481 Nonnulli
1451 1447 1550 1479 codd.
1582 1457 1637 1487 ap.

184 1485 302 1522 Benn.
324 1493 410 1521 urae.
443 1490 543 1522 Harl.
560 1493 592 1523 7.
616 1491 766 1523 Cliisian.
782 1495 812 1525 1.
827 1502 848 1523 a
862 1503 906 1524 m.
921 1501 992 1524 sec.
1007 1501 1094 1523 unus
1109 1501 1165 1532 ap.
1180 1492 1293 1522 Pulm.
1310 1500 1462 1532 unusque
1478 1491 1559 1521 item
1583 1499 1637 1530 ap.

183 1531 316 1563 volart.
330 1536 423 1571 urget
435 1533 583 1571 sarcinam
606 1534 706 1565 etita
721 1534 811 1575 conj.
836 1535 880 1566 Η.
893 1535 1014 1575 Steph.
1033 1543 1132 1575 quem
1149 1532 1281 1565 refutat
1297 1534 1473 1565 Remu—7
1498 1533 1594 1564 Vatt.
1609 1535 1640 1563 4.

185 1575 238 1610 12.
259 1575 342 1607 Vnt.
357 1575 471 1606 Palut.
494 1579 525 1607 1.
538 1579 574 1607 et
588 1576 820 1609 Schoeuboru.
835 1580 868 1608 2.
889 1577 1054 1617 proferre;
1076 1576 1310 1608 Schoenborn.
1325 1579 1356 1607 3.
1377 1579 1513 1615 portare.
1559 1575 1639 1605 Vat.

186 1615 282 1648 Rom.
298 1619 329 1649 8.
341 1617 547 1656 juberem—8
563 1619 743 1653 Barberin.
766 1619 1018 1660 impinguas.——9
1029 1619 1109 1650 Vat-
1120 1619 1234 1650 Palat.
1251 1621 1282 1649 1.
1296 1619 1330 1649 in
1345 1619 1453 1657 risum,
1464 1621 1498 1648 ut
1513 1617 1638 1655 fabula.

184 1657 416 1691 Schoenborn.
429 1663 462 1692 2.
485 1661 520 1691 in
545 1661 656 1701 risuvn,
667 1662 792 1700 fabula,
816 1662 887 1693 nine
910 1664 1042 1693 et.-10
1060 1661 1188 1693 Viribus
1204 1661 1307 1692 utaris
1322 1661 1403 1692 Vnt.
1422 1662 1534 1691 l.—ll
1557 1660 1638 1690 Bar-

184 1694 293 1732 berin.
307 1704 337 1734 1.
355 1712 393 1733 ae
411 1703 590 1742 perveneris
603 1703 775 1736 illam—12
786 1703 963 1744 Sepositum
978 1703 1069 1744 conj.
1086 1704 1173 1736 Dan.
1190 1703 1372 1735 Heinsius:
1389 1702 1517 1734 refutat
1533 1701 1641 1732 Bent-

835 1811 983 1844 NOTAE

181 1903 344 1934 summam,
358 1899 463 1936 eaput,
474 1897 698 1937 perfectionem
709 1898 860 1930 continet.

226 1947 248 1976 6
270 1943 309 1976 Si
323 1948 354 1977 te
368 1945 458 1983 sorte
474 1947 596 1986 gravis,
609 1947 682 1987 δῖα]
709 1947 805 1978 Nihil
820 1957 882 1987 age

183 1994 319 2026 omniuo
330 1995 444 2035 potius
459 2005 557 2036 quam
573 2000 704 2027 temere
719 2001 755 2028 et
767 1997 882 2028 incon-

182 2043 331 2075 siderate
343 2044 521 2085 quicquam
538 2054 618 2085 agas
633 2054 745 2075 coram
759 2054 883 2085 augus-

185 2093 315 2125 tissimo
335 2093 561 2134 Imperatore.
606 2094 698 2125 Cave
724 2103 768 2125 ne
791 2094 884 2125 dela-

185 2148 256 2174 tum
274 2153 391 2175 munus
404 2153 521 2185 parum
534 2145 656 2176 decore
672 2144 788 2176 tradas
801 2156 810 2183 3
825 2148 885 2176 aut

183 2194 307 2226 stolide
335 2193 544 2234 festinando,
572 2199 631 2227 aut
663 2203 884 2236 praepropere

185 2244 355 2276 mandatis
371 2243 591 2284 perfunctum
608 2253 683 2275 esse
701 2243 884 2285 cupiendo.

228 2297 249 2326 8
273 2294 431 2335 Clitellas]
467 2295 596 2327 'ruccas
611 2295 789 2327 librorum.
825 2294 884 2326 Al-

183 2344 274 2376 ludit
294 2345 337 2376 ad
360 2344 477 2377 Asinae
502 2354 703 2386 cognomen,
728 2350 765 2376 ut
788 2349 825 2377 et
848 2345 884 2376 in

185 2395 416 2436 sequentibus.

229 2444 345 2485 Ferus]
366 2445 543 2486 Praeceps,
565 2444 763 2486 inurbanus,
777 2445 885 2487 stupi-

187 2494 264 2526 dus.

231 2543 411 2585 Impingas]
441 2544 559 2578 Solent
579 2546 664 2577 asini
691 2555 793 2586 grave
817 2555 886 2578 mo-

187 2593 378 2635 testumque
403 2593 467 2626 sibi
492 2604 577 2628 onus
601 2601 779 2636 excutere,
800 2595 887 2628 etin

189 2651 318 2679 terram
332 2647 534 2689 impingere.

232 2699 402 2741 Asinaeque
415 2703 591 2742 paternum,
613 2701 684 2743 qma]
708 2701 815 2733 Pater
829 2700 889 2732 Vi-

191 2750 239 2782 nii
254 2750 372 2791 Asina,
396 2751 474 2783 hinc
493 2751 616 2783 Vinius
630 2751 747 2784 Asello
763 2761 890 2794 cogno-

191 2808 270 2831 men
282 2799 443 2832 habuere.

238 2853 279 2882 10
307 2850 434 2883 Viribus
457 2852 556 2884 uteris
578 2861 635 2893 per
660 2853 771 2901 clivos]
804 2853 892 2886 Viri-

935 1898 1017 1930 liter
1041 1907 1080 1929 ac
1102 1901 1240 1928 strenue
1264 1895 1428 1927 ascendes
1451 1891 1642 1934 superabis·

935 1957 1002 1989 que
1027 1946 1135 1978 ardua
1162 1947 1239 1977 loca
1264 1946 1356 1977 urbis
1386 1949 1519 1985 septem
1547 1943 1643 1974 eolli-

935 1997 998 2028 bus
1021 1995 1250 2033 inaedificatae‚
1268 2000 1306 2024 ut
1323 1993 1366 2023 ad
1383 1994 1475 2024 aedes
1496 1991 1642 2032 Augusti

935 2045 1118 2085 pervenias
1134 2046 1168 2075 in
1192 2050 1306 2075 monte
1332 2043 1491 2074 Palatino
1516 2043 1640 2073 consti-

936 2099 1039 2127 tutas.

978 2143 1109 2185 Lamus]
1153 2141 1265 2174 Fluvii
1285 2141 1407 2181 fossas,
1422 2141 1475 2172 vel
1492 2142 1639 2182 majores

935 2196 1076 2228 lacumns
1101 2202 1221 2235 aquam
1237 2192 1386 2234 pluviam
1410 2192 1642 2234 continentes,

935 2245 998 2278 ἀπὸ
1025 2245 1083 2276 τοῦ
1111 2244 1237 2283 λαιμοῦ,
1266 2253 1339 2284 quae
1363 2253 1479 2281 vorago
1507 2243 1639 2274 viarum

936 2301 1002 2336 est,
1025 2306 1084 2327 seu
1099 2294 1198 2332 sossoe
1213 2292 1405 2325 fluviorum.
1450 2293 1541 2324 Hinc
1557 2303 1640 2334 qno·

937 2357 1003 2389 que
1019 2346 1124 2378 dictae
1148 2349 1227 2376 eunt
1248 2342 1359 2375 lamiae
1378 2351 1561 2382 puerorum
1587 2352 1644 2372 vo-

938 2397 1093 2430 ratriees.
1138 2395 1227 2427 Haee
1250 2397 1320 2424 vet.
1344 2392 1478 2432 Interp.
1506 2391 1576 2422 Alii
1593 2396 1642 2423 ta-

938 2457 1016 2480 men
1027 2447 1127 2479 aliter
1137 2446 1179 2477 de
1193 2443 1279 2476 istis.
1323 2442 1473 2474 Ennius:
1497 2441 1642 2482 ‘Sylva-

938 2508 1013 2532 rnm
1029 2498 1148 2536 saltus,
1175 2494 1338 2534 latebras,
1362 2493 1534 2534 lamasqne
1549 2492 1642 2524 luto·

937 2548 1013 2582 aas!

983 2601 1021 2631 ll
1052 2597 1162 2629 Victor
1193 2593 1343 2636 propositi
1374 2592 1468 2624 simul
1495 2603 1544 2633 ae,
1572 2592 1643 2632 δῖα]

941 2650 1026 2682 Cum
1041 2646 1254 2689 propositum
1276 2643 1379 2675 finem
1398 2643 1545 2683 adeptus
1562 2643 1642 2682 eris,

941 2709 982 2731 ac
995 2696 1194 2740 perveneris
1210 2694 1251 2726 ad
1269 2693 1416 2734 Augusti
1434 2692 1609 2733 palatium.

985 2752 1026 2781 12
1049 2747 1104 2779 Sic
1130 2745 1266 2788 positum
1293 2743 1430 2775 servabis
1456 2752 1544 2782 onus,
1570 2742 1642 2783 lfa]

940 2798 1093 2835 Decenti
1119 2800 1270 2838 aptoqne
1297 2797 1394 2834 gestu
1414 2793 1520 2825 libros
1541 2791 1641 2824 defer

941 2852 976 2883 in
992 2848 1158 2887 manibus,
1173 2855 1238 2877 uon
1255 2849 1368 2876 autem
1384 2842 1446 2874 sub
1463 2842 1611 2874 brachio.
