1904 3256
328 289 411 331 612

549 393 639 444 Qui
662 396 755 436 dies
773 408 965 437 mensem
986 396 1174 436 Veneris
1195 396 1371 438 marinae

795 305 836 342 Q.
868 304 1074 335 HORA'I'II
1110 303 1281 334 FLAccl

1697 400 1751 440 15

881 461 1026 501 Findit
1045 459 1271 514 Aprilem3

545 525 574 566 J
580 538 651 566 ure
673 526 868 566 solennis
888 526 1009 576 mihi,
1037 528 1310 580 sanctiorque

547 590 681 631 Paene
702 593 829 632 natali
851 592 1052 645 proprio;
1084 592 1199 645 quod
1218 605 1274 633 ex
1293 593 1373 634 hac

545 656 664 696 Luce
686 657 907 698 Maecenas
926 670 1048 698 meus
1069 657 1291 700 affluentes

883 723 1069 764 Ordinat
1089 737 1244 765 annos.

1694 725 1749 766 20

544 785 799 840 Telephum,
821 802 950 842 quem
973 795 1019 831 tu
1040 792 1166 843 petis,
1184 791 1424 844 occupavit

547 852 670 902 (Non
689 858 777 895 tuae
798 856 930 896 sortis
943 855 1169 909 juvenem)
1188 857 1334 909 puella

324 978 463 1018 Aprilem
486 980 598 1012 dividit
618 981 728 1013 Veneri
749 982 913 1014 maritime
935 993 1069 1015 sacrum.-
1092 985 1200 1015 merito
1224 985 1300 1016 mihi
1313 986 1460 1024 festivus,
1485 989 1576 1026 alque
1599 984 1750 1015 sacratior

316 1019 390 1055 fere
405 1031 469 1052 meo
481 1023 579 1054 natali
591 1033 604 1059 ‚·
626 1024 766 1063 quoniam
779 1024 817 1054 ab
831 1033 866 1055 ea
879 1024 929 1055 die
944 1025 1100 1056 Moecenas
1114 1027 1227 1058 amicus
1247 1031 1450 1058 accrescentes
1471 1037 1566 1058 annos
1583 1028 1747 1066 computat.

327 1061 488 1102 Telephum
505 1074 599 1105 porro
619 1075 806 1105 nequaquam
821 1069 883 1096 tuoe
896 1067 1077 1098 conditionis
1096 1069 1327 1108 adolescentem,
1350 1078 1436 1109 quem
1455 1069 1650 1110 concupiscis,
1670 1067 1754 1107 cepit>

1075 1170 1151 1182 0000

321 1237 406 1267 Exc.
422 1237 501 1268 Sax.
545 1238 613 1269 sed
630 1239 697 1269 vid.
712 1240 794 1270 Var.
808 1241 920 1272 Lectt.
935 1242 978 1272 ad
995 1252 1020 1273 ι.
1037 1243 1105 1274 Od.
1121 1246 1152 1274 2.
1169 1246 1285 1274 1.—16
1309 1244 1398 1284 Lips.
1413 1246 1445 1274 2.
1470 1243 1587 1274 Findat
1599 1242 1750 1282 Aprilem.

322 1281 403 1309 -21
424 1279 522 1311 Nova
537 1280 612 1312 hinc
628 1281 705 1312 Ode
721 1291 775 1322 ap.
789 1282 878 1315 Sivr.
918 1283 1070 1324 Telephon
1086 1284 1236 1317 Mancin.
1250 1291 1285 1316 et
1296 1285 1440 1326 Cuning.
1461 1284 1471 1302 ‘
1483 1284 1568 1316 Post
1582 1284 1752 1324 occupavit,

968 1389 1107 1420 NOTAE

321 1458 467 1489 medium
485 1467 600 1489 secare
615 1458 656 1490 ab
675 1458 819 1490 Horatio
841 1459 1010 1493 dicantur.

322 1507 404 1538 Idus
436 1507 523 1538 enim
552 1510 630 1539 sunt
662 1507 793 1539 decima
827 1510 929 1540 tertia
956 1509 1010 1541 die

319 1557 482 1587 mensium
503 1556 634 1596 Martii,
659 1556 757 1596 Maii,
779 1557 876 1596 Julii,
904 1558 1008 1590 Octo-

318 1604 408 1635 bris:
427 1605 461 1635 in
472 1605 608 1645 reliquis
624 1610 735 1637 nutem
748 1607 918 1638 mensibus
930 1615 1008 1640 suut

321 1653 376 1684 die
392 1653 509 1693 quinta
525 1653 666 1684 decima.

363 1706 400 1733 15
433 1703 574 1733 Mensem
613 1704 738 1734 Veneris
772 1706 914 1744 marinae,
942 1706 1011 1746 δῖα]

319 1752 446 1792 Aprilis
477 1751 644 1783 secundus
682 1754 758 1784 anni
787 1755 1009 1787 Romanorum

317 1801 441 1832 mensis
471 1801 513 1831 ab
544 1803 728 1842 aperiendo
765 1804 877 1835 dictus
913 1807 1009 1846 quasi

318 1850 468 1890 aperilis,
483 1849 572 1890 quod
589 1860 630 1881 eo
653 1854 805 1892 tempore
821 1853 956 1884 arbores
973 1859 1010 1886 et

318 1900 444 1940 plantae
475 1899 607 1938 aperire
638 1908 674 1930 se
701 1899 733 1930 in
763 1910 898 1940 germen
927 1902 1007 1933 lnci-

319 1948 426 1988 piant.
482 1947 552 1978 Alii
593 1946 720 1979 dictum
757 1954 879 1988 putant
913 1950 1007 1991 qnasi

318 1995 506 2035 Aphrilem,
518 2005 593 2027 cum
610 1995 830 2038 aspiratione,
844 1997 886 2028 ab
899 1998 1008 2038 ἀφροῦ,

319 2045 418 2075 maris
439 2053 558 2084 spuma,
573 2053 591 2074 e
604 2053 669 2083 qua
684 2044 797 2074 Venus
810 2049 884 2076 orta
899 2047 1005 2077 credi-

319 2098 384 2127 tur,
411 2102 485 2133 quae
514 2097 550 2123 et
578 2092 741 2132 Ἀφροδίτη
770 2093 848 2124 inde
873 2094 1004 2126 Graecis

319 2142 501 2183 appellata.
526 2142 633 2173 Porro
650 2146 687 2172 ut
703 2142 844 2181 primum
856 2152 1004 2173 mensem

319 2202 338 2223 a
354 2197 448 2232 patre
462 2200 521 2222 suo
541 2191 666 2228 Marte,
690 2191 738 2221 ita
760 2191 942 2222 secundum
963 2192 1005 2223 ab

318 2242 432 2272 AEneae
451 2245 557 2271 matre
581 2240 712 2271 Venere
736 2241 919 2272 nominavit
941 2242 1006 2272 Ro-

319 2291 446 2322 mulus:
471 2295 506 2321 et
523 2291 557 2320 in
583 2299 624 2320 eo
646 2290 771 2320 Veneri
787 2299 918 2321 sacrum
933 2290 1007 2322 fieri

319 2350 338 2371 a
352 2340 524 2378 matronis,
536 2344 654 2379 postea
667 2340 899 2371 constitutum.
920 2340 1008 2371 Haec

319 2389 474 2421 Macrob.
497 2389 666 2420 Satur-nal.
681 2397 706 2419 1.
725 2391 774 2419 12.
798 2392 834 2419 et
856 2388 1008 2428 ejusdem

318 2439 376 2470 lib.
390 2448 465 2479 cap.
477 2441 530 2469 21.
543 2439 553 2455 ⁴
567 2438 650 2469 Cum
664 2437 722 2468 Sol
737 2436 882 2468 vernalis
895 2436 1009 2477 AEqui-

320 2489 426 2520 noctii
455 2488 704 2528 transgreditur
729 2486 827 2527 fines,
857 2486 1009 2526 augendo

321 2537 432 2575 diem3
455 2541 536 2568 tuuc
561 2540 596 2567 et
617 2536 731 2566 Venus
759 2535 851 2574 laeta,
875 2539 911 2566 et
937 2535 1010 2574 pul-

319 2586 398 2616 ebra
413 2586 522 2617 virent
535 2594 615 2616 arva
628 2583 812 2625 segetibus,
829 2588 927 2624 prata
937 2584 1010 2614 her-

322 2633 383 2672 bis,
401 2634 534 2665 arbores
550 2634 652 2665 foliis.
679 2633 763 2665 Ideo
779 2633 920 2674 maj0res
936 2641 1010 2663 uos-

323 2683 368 2714 tri
384 2682 534 2722 Aprilem
559 2691 703 2713 mensem
728 2682 852 2713 Veneri
878 2681 1010 2712 dicave-

321 2732 423 2763 runt!
466 2732 554 2771 Lege
567 2732 646 2763 ibid.
663 2733 727 2763 alia
745 2731 893 2774 quiedam
916 2731 1003 2761 scitu

322 2791 388 2814 non
404 2782 552 2821 indigna.
597 2782 682 2813 Vide
698 2787 734 2814 et
749 2792 849 2823 supra
863 2790 918 2812 ιιι.
935 2781 1000 2812 Od.

1061 1464 1114 1492 26.
1131 1466 1162 1495 5.
1179 1463 1259 1494 Not.
1730 1489 1733 1491 ,

1105 1513 1144 1541 18
1168 1512 1257 1546 Quod
1271 1521 1311 1542 ex
1323 1511 1379 1542 hac
1395 1511 1479 1542 Luce
1498 1511 1663 1549 Μαι-επακ,
1676 1512 1747 1552 de]

1062 1559 1179 1590 idibus
1193 1559 1319 1600 Aprilis
1335 1565 1433 1591 natus
1442 1560 1612 1591 Maecenas
1623 1560 1750 1600 prodiit

1061 1610 1096 1639 in
1118 1609 1240 1646 lucem,
1263 1609 1450 1647 Maecenas,
1471 1609 1619 1649 inquam,
1638 1608 1649 1625 ‘
1663 1618 1749 1649 prae-

1061 1658 1182 1688 sidium
1198 1667 1237 1689 ae
1253 1657 1351 1689 dulce
1368 1658 1471 1688 decus
1493 1657 1626 1696 meum,’
1641 1667 1661 1688 o
1676 1658 1748 1689 dies

1060 1707 1163 1736 natali
1177 1707 1315 1747 proprio
1330 1706 1409 1737 mibi
1419 1706 1586 1737 sanctior!
1614 1706 1700 1738 Nam
1713 1711 1749 1738 et

1061 1755 1134 1795 ejus
1151 1755 1252 1786 vitam
1266 1765 1353 1787 meae
1369 1756 1468 1795 longe
1482 1760 1664 1796 antepono.

1106 1807 1144 1835 19
1159 1804 1329 1846 Affluentes
1341 1804 1477 1835 ordinat
1490 1802 1599 1843 annos]
1616 1803 1746 1834 Exinde

1060 1853 1233 1885 venientes
1255 1863 1357 1885 annos
1381 1854 1461 1885 vitae
1486 1856 1651 1891 numerat,
1665 1856 1747 1883 reta-

1060 1906 1194 1942 temque
1224 1901 1368 1934 ordinat.
1427 1901 1475 1932 Ut
1501 1911 1521 1932 a
1550 1899 1747 1932 Consulibus

1061 1949 1208 1989 publice,
1237 1949 1286 1980 sic
1315 1950 1471 1990 privatim
1505 1959 1526 1980 a
1555 1949 1658 1980 natali
1685 1957 1745 1979 suo

1059 1997 1199 2037 quisque
1234 2007 1336 2028 annos
1371 1997 1599 2038 computabat,
1634 1996 1746 2037 inquit

1058 2046 1263 2077 Torrentius.

1099 2097 1138 2126 21
1165 2095 1341 2134 Telephum]
1365 2095 1419 2124 De
1436 2104 1477 2126 eo
1487 2095 1558 2135 jam
1573 2104 1597 2126 1.
1611 2094 1680 2127 od.
1693 2097 1744 2126 13.

1059 2148 1093 2175 et
1108 2153 1164 2175 ιιι.
1179 2143 1247 2175 od.
1261 2147 1312 2175 19.
1328 2143 1382 2175 hie
1400 2145 1409 2161 ‘
1426 2145 1535 2184 spissa
1551 2144 1676 2175 nitidus
1688 2153 1746 2175 co·

1059 2203 1112 2224 ma
1123 2202 1273 2233 puroque
1283 2193 1397 2223 similis
1409 2191 1567 2232 vespero'
1579 2201 1745 2223 commen,-

1061 2242 1161 2272 datur
1175 2251 1183 2271 ε
1208 2241 1276 2271 illic
1293 2246 1301 2259 ‘
1318 2250 1416 2272 rosea
1427 2241 1541 2272 cervix
1553 2240 1562 2254 ’
1575 2245 1611 2272 et
1621 2242 1632 2259 ⁶
1644 2249 1743 2272 cerea

1062 2290 1213 2322 brachie’
1229 2290 1419 2321 laudantur.

1101 2343 1143 2371 22
1167 2340 1239 2370 Non
1263 2343 1325 2370 tua·
1352 2339 1458 2379 sortis]
1496 2338 1528 2370 Ο
1554 2337 1678 2378 Phylli,
1699 2346 1743 2368 ne

1061 2388 1159 2419 differ
1183 2389 1225 2420 ad
1249 2397 1302 2419 me
1325 2387 1489 2428 proficisci
1514 2387 1563 2418 tui
1588 2387 1743 2426 percupi-

1058 2436 1137 2467 dum
1150 2447 1159 2467 :
1174 2446 1237 2468 nec
1250 2441 1284 2468 te
1296 2441 1483 2468 remoretur
1491 2433 1629 2475 Telephi
1637 2443 1743 2465 amor.

1060 2485 1160 2516 Hunc
1180 2485 1268 2516 enim
1294 2485 1427 2516 omniuo
1449 2488 1610 2515 excutere
1632 2483 1742 2514 animo

1060 2538 1119 2565 tuo
1135 2534 1247 2570 debes,
1260 2539 1329 2565 tum
1342 2533 1431 2574 quod
1447 2532 1505 2564 tibi
1521 2536 1573 2564 est
1587 2531 1614 2562 is
1629 2531 1743 2571 dispar

1059 2585 1168 2621 valde,
1183 2591 1253 2617 tum
1269 2585 1347 2626 quia
1361 2587 1543 2624 occupatus
1559 2587 1611 2614 est
1630 2582 1743 2623 puella

1059 2644 1128 2665 suae
1149 2634 1260 2674 sortis,
1275 2633 1382 2665 divite
1399 2633 1541 2670 scilicet,
1554 2636 1592 2662 ut
1607 2631 1692 2671 ipse,
1706 2635 1742 2663 et

1058 2684 1215 2725 ingenua,
1233 2693 1296 2715 uon
1314 2683 1512 2715 meretriciae
1532 2680 1741 2720 conditionis,

1060 2736 1094 2763 ut
1111 2737 1155 2764 tu.
