1930 3242
644 315 921 347 sannionum
956 314 1054 345 ms.
1086 314 1139 345 11.
1170 303 1209 344 1.
1570 303 1656 346 919

213 414 256 456 N
261 426 314 456 ec
334 412 568 467 quisquam
587 414 743 452 noceat
763 410 926 464 cupido
946 410 1052 451 mihi
1071 408 1224 463 pacis!
1256 410 1301 449 at
1320 407 1396 448 ille

212 481 303 532 Qui
323 493 392 521 me
411 478 641 521 commorit
657 476 846 532 (Melius
867 490 953 518 non
974 481 1150 529 tangere
1168 475 1178 517 !
1210 472 1378 528 clamo)

212 546 368 596 Flebit,
390 549 435 587 et
453 544 633 596 insignis
654 548 749 585 tota
769 545 1015 585 cantabitur
1036 544 1157 585 urbe.

210 613 396 655 Cervius
416 611 552 653 iratus
570 611 688 664 leges
710 610 933 651 minitatur
953 615 997 651 et
1015 622 1188 651 urnam:

209 677 411 728 Canidia,
430 675 611 726 Albuci,
631 677 793 730 quibus
816 681 884 717 est
901 676 1093 725 inimica,
1113 687 1351 717 venenum:

209 743 386 787 Grande
405 743 570 784 malum
588 743 765 793 Turius,
786 743 826 783 si
848 742 952 796 quid
970 755 1019 783 se
1033 742 1183 796 judice
1203 745 1342 783 certes
1359 755 1370 791 ;

208 810 287 862 Ut,
308 823 394 865 quo
415 810 606 864 quisquc
625 810 754 859 valet,
774 813 1008 863 suspectos
1030 813 1203 858 terreat,
1223 813 1358 862 utque

1595 474 1652 515 45

1594 808 1653 850 50

202 937 251 960 me
260 931 405 969 provocet
419 929 666 961 amantissimum
686 930 783 970 pacis.
828 928 892 961 Sed
906 928 1043 970 quisquis
1059 939 1106 960 me
1120 930 1247 960 lacesset
1263 927 1379 970 (satius
1394 937 1458 959 esse
1473 936 1578 959 moneo
1591 936 1651 958 vum

189 979 364 1010 provocare
389 971 454 1012 me)
473 981 577 1012 poenas
600 971 699 1012 dabit,
724 976 754 1003 et
769 971 910 1010 fumosus
929 981 986 1012 per
1008 981 1125 1003 omnem
1143 970 1301 1002 cititatem
1324 970 1550 1002 decantabitur.
1598 970 1652 1000 Ita

201 1012 332 1044 Servius
345 1013 482 1055 offensus
495 1014 717 1046 interminatur
732 1013 813 1053 leges
827 1017 857 1045 et
871 1013 1028 1052 judicium
1039 1026 1049 1044 .-
1076 1013 1211 1044 Cunidia
1226 1012 1346 1044 Albutii
1361 1012 1436 1053 filia
1452 1012 1588 1043 toxicum
1602 1011 1652 1042 hic

202 1054 312 1095 quibus
323 1055 428 1093 suerit
442 1056 544 1087 irata:
570 1056 682 1088 Tur-ius
694 1057 838 1088 damnum
853 1056 975 1097 ingens,
988 1056 1016 1086 si
1030 1056 1183 1096 quispiam
1203 1055 1384 1096 disceptarit
1401 1055 1482 1095 apud
1502 1063 1533 1085 se
1553 1053 1650 1084 ,ludi-

201 1105 277 1130 cem.
324 1098 414 1133 Quod
427 1101 528 1130 autem
543 1098 666 1140 quisque
686 1102 803 1130 terreae
825 1099 943 1130 invisos
964 1108 999 1130 ea
1020 1102 1110 1139 parte
1132 1107 1191 1138 qua
1214 1098 1295 1129 valet
1316 1096 1497 1138 plurimum,
1518 1099 1550 1127 et
1571 1096 1651 1136 quod

803 1183 903 1196 “O-‘U
907 1184 924 1195 Ι
928 1183 1026 1196 ‘m‘
1030 1183 1047 1195 O

201 1234 272 1266 vius
288 1233 389 1266 iratus
414 1235 539 1268 Venet.
563 1239 658 1268 1559.
682 1241 717 1268 et
741 1237 858 1268 Lamb.
912 1237 1024 1269 Cet-ius
1048 1237 1070 1268 i.
1092 1237 1190 1276 legem
1217 1237 1300 1268 Exc.
1324 1236 1490 1267 Sam—48
1514 1232 1652 1265 ‘Albuci

202 1275 326 1309 Lamb.
341 1281 376 1308 et
391 1277 505 1310 Bentl.
519 1278 608 1319 qnod
623 1279 702 1320 quia
715 1279 795 1310 alibi
812 1279 861 1310 sic
877 1279 1046 1318 scribitur,
1062 1279 1263 1320 recepimus.
1292 1279 1406 1319 Vulgo
1420 1278 1503 1309 dant
1515 1274 1650 1307 Albuti:

203 1317 399 1351 zeum—49
420 1319 519 1352 Gott.
545 1320 687 1352 Mediol.
710 1324 805 1353 1477.
830 1326 865 1353 et
889 1324 982 1353 1486.
1004 1322 1143 1353 Venett.
1161 1323 1254 1352 1477.
1271 1323 1366 1352 1478.
1384 1322 1477 1351 1479.
1506 1324 1542 1350 et
1567 1318 1649 1350 Vet.

202 1360 322 1392 Comb.
354 1361 428 1401 quid
449 1371 482 1394 se
497 1362 604 1401 judice
619 1366 727 1395 certet.
761 1364 855 1395 Harl.
868 1366 900 1395 2.
916 1367 948 1395 4.
963 1367 995 1395 6.
1017 1364 1087 1403 quis
1111 1372 1144 1394 se
1157 1363 1266 1402 „iudice
1280 1365 1388 1394 certet.
1414 1361 1512 1392 Harl.
1529 1363 1562 1392 ³.
1573 1359 1648 1400 quid

200 1411 234 1434 se
246 1402 355 1441 judice
367 1406 478 1435 certes.
524 1404 534 1422 ‘
548 1404 589 1435 In
604 1404 812 1436 editionibus
829 1406 962 1445 priscis,
978 1409 1122 1445 utraque
1138 1405 1275 1436 Veneta
1289 1409 1326 1436 et
1348 1403 1570 1441 Locberiana,
1591 1402 1645 1432 ba-

201 1443 314 1484 betur,
325 1443 356 1475 si
370 1445 444 1484 quid
457 1455 490 1476 se
495 1444 603 1483 judice
617 1449 716 1477 certet
729 1457 739 1477 .·
762 1447 866 1477 etiam
883 1447 917 1478 in
934 1447 1119 1487 Regineusi
1136 1446 1253 1477 codice
1266 1446 1295 1477 si
1306 1445 1381 1486 quid
1397 1454 1457 1485 pro
1473 1444 1566 1475 varia
1581 1443 1649 1475 lec-

198 1485 292 1517 tione
316 1486 467 1526 ponitur.
513 1487 703 1527 Vestigium
729 1497 808 1518 sane
831 1489 893 1519 lioc
920 1494 973 1520 est
996 1498 1084 1519 verae
1118 1488 1286 1519 lectionis.
1329 1486 1450 1518 Scribe
1479 1486 1582 1524 enirn,
1610 1490 1649 1517 ut

198 1527 291 1559 clare
306 1527 471 1560 exhibent
486 1528 659 1561 Galeanus
676 1536 790 1561 noster
805 1534 841 1561 et
857 1530 1086 1569 Battelianus‚
1101 1535 1137 1561 et
1152 1530 1230 1561 olim
1261 1540 1281 1561 a
1304 1530 1413 1568 prima
1429 1538 1532 1560 manu
1550 1528 1648 1568 Mag-

197 1567 388 1601 dalenensis
403 1581 411 1601 :
437 1571 566 1603 Grande
581 1572 694 1603 malum
711 1572 836 1611 Turius,
850 1573 963 1614 siquid
979 1572 1126 1611 sejudice
1141 1576 1250 1604 certes.
1295 1571 1373 1603 Hoc
1388 1575 1455 1611 est,
1475 1572 1485 1589 ‘
1504 1571 1532 1602 si
1546 1579 1646 1611 quarn

196 1620 268 1643 rem
283 1617 407 1653 cenea,
424 1614 451 1644 si
476 1623 574 1655 quam
601 1615 694 1646 litem
716 1615 867 1646 habeas)
911 1616 1040 1647 Noster
1054 1624 1095 1646 ιι.
1110 1615 1183 1646 Sat.
1199 1619 1232 1646 5.
1247 1616 1301 1646 27.
1325 1613 1335 1630 ‘
1353 1614 1477 1653 Magna
1495 1613 1648 1644 minorve

194 1652 271 1686 foro
287 1654 315 1685 si
331 1664 385 1686 res
401 1656 589 1687 certabitur
603 1657 703 1687 olim.’
722 1657 901 1688 Vulcatius
916 1657 1092 1697 Sedigitus
1107 1656 1195 1696 apud
1212 1656 1361 1688 Gellium
1379 1664 1439 1686 xv.
1455 1657 1510 1686 24.
1530 1657 1538 1673 ‘
1552 1655 1643 1686 Mul-

195 1699 251 1727 tos
266 1695 414 1728 incertos
430 1702 563 1729 certare
579 1699 664 1730 hanc
680 1708 750 1729 rem
766 1699 921 1737 vidimus,
946 1699 1099 1730 Palmam
1118 1698 1228 1739 po'e‘tae
1244 1698 1373 1728 comico
1387 1697 1443 1728 cui
1458 1695 1643 1728 deferant!

195 1738 278 1770 Noli
303 1738 346 1770 de
372 1739 434 1771 hac
449 1740 598 1771 lectione
616 1741 798 1780 dubitare;
819 1751 918 1783 quam
942 1741 1105 1781 paulatim
1130 1744 1356 1779 corruperunt
1378 1738 1519 1773 librarii,
1537 1738 1645 1778 primo

194 1784 304 1818 certet,
319 1780 444 1813 deinde
457 1783 568 1823 siquis
581 1782 847 1814 substituentes:
873 1783 962 1824 quod
979 1783 1163 1815 crederent
1184 1785 1303 1823 certare
1326 1790 1394 1811 non
1411 1789 1509 1821 posse
1525 1789 1647 1819 regere

194 1830 308 1854 casum
325 1825 566 1857 accusativum.
612 1826 761 1856 Extabat
776 1826 911 1867 quidem
928 1825 1018 1866 apud
1034 1825 1231 1857 Martialem
1251 1832 1334 1855 xm.
1352 1826 1406 1855 92.
1421 1823 1453 1853 ἰιι
1470 1822 1645 1853 vilioribus

193 1865 326 1896 scilicet
347 1866 568 1899 editionibus:
587 1868 597 1885 ‘
611 1867 706 1898 Inter
722 1878 801 1899 aves
818 1868 946 1903 turdus,
964 1868 991 1899 si
1008 1868 1081 1908 quis
1096 1866 1278 1907 mejudice
1295 1870 1416 1902 certet,
1432 1863 1645 1905 Interquad-

193 1907 341 1947 rupedes
356 1909 463 1949 gloria
489 1910 598 1949 prima
614 1909 735 1950 lepus!
773 1909 821 1941 At
846 1919 889 1941 ex
907 1910 1050 1941 vetustis
1065 1909 1241 1940 codicibus
1258 1908 1306 1938 sic
1323 1912 1445 1948 postea
1460 1906 1556 1938 dedit
1570 1906 1646 1937 dili-

194 1949 412 1989 gentissimns
429 1951 617 1983 Gruterus:
642 1956 650 1970 ⁸
665 1952 761 1983 Inter
781 1961 859 1982 aves
876 1951 1010 1990 turdus,
1024 1952 1049 1982 si
1065 1951 1144 1992 quid
1163 1949 1343 1990 mejudice
1358 1953 1490 1980 certum
1507 1954 1572 1988 est,
1588 1948 1646 1980 In-

195 1994 251 2022 ter
265 1992 503 2034 quadrupedes
519 1999 651 2027 mactea
666 1994 776 2036 prima
792 1994 909 2036 lepus.’
954 1994 1052 2026 Adeo
1069 1998 1107 2025 nt
1122 1993 1204 2024 nibil
1219 2002 1263 2024 ex
1279 1993 1343 2024 hoc
1367 1991 1540 2023 Martialis
1564 1991 1641 2023 loco

848 2079 988 2111 NOTAE

237 2142 281 2171 46
295 2139 438 2179 Insignis
447 2143 514 2172 toea
529 2141 707 2173 cantabitur·
715 2142 807 2182 urbe]
823 2141 891 2173 Po-

194 2189 265 2230 puli
278 2188 392 2220 fabnla
407 2190 484 2226 erit,
499 2199 554 2222 me
569 2190 662 2222 illum
680 2189 890 2223 diffamante.

194 2239 298 2271 Plato
320 2239 493 2279 mouebat,
509 2242 536 2272 si
553 2242 626 2283 quis
644 2242 797 2274 infamari
822 2253 889 2275 me-

193 2293 317 2326 tueret,
343 2300 387 2322 ne
412 2291 514 2322 ullum
539 2290 732 2324 offenderet
763 2293 888 2324 Poeta-

191 2349 282 2371 rum:
307 2340 366 2372 bos
390 2340 479 2372 enim
503 2341 614 2374 valere
642 2343 820 2383 plurimum
845 2345 887 2375 ad

190 2389 337 2431 famam3
360 2402 418 2424 sen
433 2393 584 2432 laudent,
601 2404 660 2426 seu
674 2395 879 2435 vituperent.

232 2443 273 2472 47
301 2442 432 2473 Cervius
464 2441 623 2484 [Servius]
655 2444 711 2475 Al.
740 2445 887 2477 Cervius:

191 2489 220 2520 is
247 2495 342 2522 certe
358 2491 490 2524 delator
511 2502 551 2524 ac
574 2493 792 2534 Sycophanta
815 2504 888 2526 cre-

192 2537 262 2570 bris
281 2541 553 2573 accusationibus
569 2543 707 2583 insignis
721 2548 755 2575 et
772 2543 886 2575 formi-

192 2586 342 2620 dolosus.
397 2590 497 2630 Leges
519 2593 699 2634 minitatur]
734 2595 886 2627 Minatur

192 2644 236 2716 sei
241 2639 396 2668 acturum
410 2647 496 2679 reos,
505 2646 540 2673 et
552 2648 788 2675 accusaturum
802 2654 885 2686 quos

193 2693 213 2716 ο
238 2685 276 2716 it.

239 2735 372 2777 Unam]
381 2737 403 2770 J
406 2737 600 2773 udiciariam
611 2742 781 2774 nimirum.
797 2743 884 2775 Nam

191 2785 270 2826 quia
286 2792 420 2819 cautum
436 2793 488 2820 est
499 2790 602 2822 tacite
618 2791 700 2824 ferri
711 2792 885 2835 suffragia,

192 2834 226 2865 in
244 2844 361 2867 urnam
382 2836 524 2869 tabellas
541 2840 771 2880 conjiciebant
785 2844 884 2876 Judi-

945 2152 1168 2184 ces‚quarum
1181 2142 1256 2174 aliae
1270 2141 1493 2175 continebant
1509 2141 1644 2173 literam

946 2192 988 2223 A.
1013 2193 1046 2224 id
1073 2198 1128 2225 est
1145 2192 1307 2231 absolvo3
1344 2192 1417 2223 aliae
1441 2192 1575 2223 literam
1605 2191 1644 2223 C.

943 2242 978 2274 id
1002 2247 1058 2274 est
1081 2242 1281 2274 condemno.
1314 2241 1388 2273 Cic.
1413 2251 1469 2273 ιιι.
1491 2241 1535 2273 de
1558 2242 1643 2281 Leg.

943 2293 1069 2324 Ascon.
1096 2294 1130 2324 in
1163 2292 1278 2324 Divin.
1309 2292 1423 2333 Sigon.
1453 2291 1496 2323 de
1525 2290 1642 2324 Judic.

946 2341 1044 2373 Alex.
1066 2342 1108 2373 ab
1130 2341 1230 2373 Alex.
1253 2350 1310 2372 ιιι.
1330 2345 1361 2373 5.
1394 2341 1553 2374 Juvenal.
1569 2341 1644 2372 Sat.

942 2400 1025 2423 xm.
1046 2395 1055 2410 ⁴
1072 2391 1194 2424 Gratia
1208 2390 1322 2423 fallaci
1337 2391 1504 2422 Praetoris
1522 2389 1643 2422 vicerit

944 2441 1055 2473 urna.’

983 2495 1025 2523 48
1044 2492 1192 2532 Canidia]
1211 2492 1267 2523 De
1283 2500 1324 2522 ea
1339 2487 1491 2521 venefica
1505 2488 1642 2528 insigni,

941 2543 1049 2583 Epod.
1061 2551 1118 2573 ιιι.
1138 2551 1171 2572 v.
1188 2550 1281 2572 xvn.
1305 2538 1467 2571 ‘Canidia
1483 2536 1607 2568 Albuci
1620 2538 1642 2576 g

938 2592 996 2623 Sic
1029 2592 1127 2630 Virg.
1160 2590 1234 2621 AEn.
1269 2598 1318 2620 vt.
1348 2590 1403 2620 36.
1432 2588 1441 2603 ‘
1461 2587 1640 2628 Deiphobe

938 2640 1083 2674 Glauci:

980 2693 1023 2722 49
1050 2688 1177 2730 Turius]
1198 2687 1313 2721 Judex
1333 2686 1478 2719 maxime
1499 2695 1638 2718 severus

938 2747 974 2774 et
997 2744 1191 2783 corruptus,
1206 2745 1308 2783 atque
1324 2740 1357 2771 in
1373 2739 1490 2781 primis
1506 2739 1638 2772 iracun-

939 2793 1014 2825 dus.
