1930 3242
592 299 870 332 sannionum
904 300 998 331 mn.
1029 299 1080 332 ιι.
1115 289 1158 330 2.
1521 286 1606 328 927

158 396 348 446 Discite,
366 407 449 436 non
470 394 582 435 inter
602 394 753 435 lances
771 405 1031 447 mensasque
1050 393 1250 441 nitenteS,

157 464 270 506 Cum
292 464 439 515 stupet
457 461 622 502 insanis
642 461 764 502 acies
786 461 1049 514 fulgoribus,
1069 464 1114 500 et
1133 471 1234 500 cum
1577 457 1605 496 5

158 529 358 571 Acclinis
379 528 504 569 falsis
526 527 696 568 animus
718 528 895 569 meliora
910 530 1111 577 recusat3

158 594 324 638 Verum
343 595 414 636 hic
435 594 647 647 impransi
666 607 837 634 mecum
860 593 1102 646 disquirite.
1162 590 1197 640 ἹῙ
1216 590 1306 633 Cur
1322 589 1437 632 hoc'l

158 661 195 712 ἹῘ
217 663 390 712 Dicam,
410 662 448 702 si
468 666 633 714 potero.
694 660 817 701 Male
836 674 987 702 verum
1007 660 1231 701 examinat
1248 658 1391 700 omnis

157 727 400 783 Corruptus
414 726 574 780 judex.
636 728 858 781 Leporem
882 731 1092 776 sectatus,
1115 738 1285 779 equove

157 795 324 837 Lassus
343 795 400 836 ab
420 794 647 845 indomito,
669 795 740 836 vel
769 795 830 850 (si
852 795 1059 836 Romana
1079 793 1240 846 fatigat

158 860 323 903 Militia
341 863 568 902 assuetum
588 860 795 915 graecari)
825 874 903 902 seu
925 860 1020 914 pila
1038 859 1190 910 velox,

1549 791 1605 833 10

153 965 239 998 inter
251 966 370 998 catinos
383 967 545 1008 epulasque
569 967 683 1006 lautus,
705 966 826 1006 quando
841 966 922 998 oculi
946 966 1156 1007 percelluntur
1177 975 1256 997 rano
1273 965 1444 1005 splendore,
1464 970 1607 1002 mensque

154 1007 281 1046 decepta
294 1008 391 1045 salsis
404 1010 522 1049 respuit
534 1009 756 1049 proestantiora
767 1019 779 1045 ;
802 1010 857 1040 sed
871 1009 921 1040 hic
936 1018 1052 1039 mecum
1067 1008 1243 1039 examinate
1255 1008 1367 1047 jejuni.
1414 1008 1518 1042 Quare
1532 1005 1609 1035 hoc?

155 1050 312 1090 explicabo
333 1051 364 1082 si
387 1061 521 1092 possum.
563 1052 672 1082 Judex
685 1050 815 1091 quilibet
829 1054 993 1091 corruptus
1010 1060 1163 1090 nunquam
1180 1050 1254 1082 bene
1268 1049 1414 1090 disquirit
1430 1049 1607 1080 veritatem.

158 1091 237 1122 Cum
253 1091 358 1130 fueris
381 1097 510 1124 renatus
532 1093 674 1133 leporem,
700 1093 749 1123 vel
769 1092 963 1132 defatigatus
985 1093 1024 1124 ab
1048 1102 1123 1133 equo
1145 1092 1316 1129 indomito,-
1338 1095 1392 1123 out
1413 1091 1442 1122 si
1458 1091 1608 1121 Romonae

156 1133 392 1167 exercitationes
405 1136 561 1167 decer-rem
579 1138 610 1166 te
627 1135 756 1166 Groecos
770 1135 892 1166 imitari
907 1136 1032 1166 solitum
1041 1145 1054 1172 ς
1079 1135 1146 1166 sire
1171 1135 1247 1166 levis
1261 1135 1342 1175 pila,
1366 1134 1431 1165 sive
1453 1132 1556 1164 discus
1577 1133 1608 1162 te

763 1205 780 1217 θ
786 1205 821 1217 θ’
825 1205 999 1217 WOOOO

158 1248 239 1280 cet.'
265 1249 372 1281 Bemz.
419 1249 605 1282 Harl.2.3.
620 1253 651 1282 4.
668 1253 701 1281 6.
733 1253 770 1280 et
796 1259 911 1281 omnes
928 1259 983 1290 ap.
999 1250 1105 1282 Gesn.
1121 1260 1197 1282 curn
1223 1250 1302 1282 edd.
1329 1253 1416 1282 vett.
1441 1246 1607 1281 abnormis.

157 1293 222 1322 -4
249 1291 395 1332 Cuning.
421 1302 483 1323 non
512 1293 612 1323 lances
635 1293 796 1323 intem—6
819 1292 962 1323 adclivis
992 1293 1089 1325 Gott.
1121 1293 1219 1324 Harl.
1248 1295 1280 1324 6.
1312 1298 1348 1324 et
1371 1292 1450 1324 edd.
1479 1291 1609 1332 prirnae.

158 1332 304 1365 Adclinis
327 1333 428 1366 codd.
451 1334 638 1370 OE'orrentii,
665 1334 764 1367 Harl.
793 1337 824 1366 2.
855 1337 887 1366 3.
911 1337 944 1377 4.
967 1335 1075 1367 al.—7
1103 1335 1219 1367 Verum
1243 1335 1299 1366 hoc
1322 1334 1474 1376 impransi
1497 1333 1608 1366 codex

807 1418 840 1449 N
845 1417 952 1450 OTAE

197 1470 218 1500 4
239 1468 374 1506 Diu-ite,
383 1480 444 1502 non
452 1471 536 1502 inter
546 1470 663 1510 lances]
677 1470 770 1501 Pers.
781 1469 854 1501 Sat.

156 1527 184 1549 ι.
209 1520 264 1550 ⁸0.
287 1519 399 1551 ‘Eece
423 1519 515 1551 inter
546 1520 668 1560 pocula
694 1522 854 1560 quaerunt

155 1567 343 1600 Romulidae
369 1569 489 1609 saturi,
513 1567 596 1610 quid
618 1568 675 1599 dia
698 1566 854 1608 poelmata

155 1616 319 1649 narrent!

198 1667 384 1708 Mensasque
409 1668 556 1708 nitentes]
585 1669 670 1700 Tum
692 1667 792 1708 copia
807 1667 854 1700 ci,-

153 1715 287 1757 bomm,
312 1721 383 1748 tum
413 1718 500 1749 vasis
523 1718 647 1757 aureis,
671 1717 856 1758 argenteis,

156 1767 221 1799 &m

197 1820 216 1848 5
244 1817 323 1849 Cum
351 1822 455 1860 stupet
483 1818 617 1858 insanis]
638 1819 735 1850 Tune
764 1817 854 1849 enim

155 1870 191 1897 et
218 1876 313 1898 mens
341 1869 429 1900 male
457 1867 580 1900 feriata
610 1868 730 1909 nequit
759 1871 854 1898 recte

149 1915 308 1956 judicare
335 1917 379 1950 de
406 1918 642 1958 temperantiae
667 1917 795 1947 virtute
817 1920 854 1946 et

155 1966 375 2005 praestantia:
409 1967 491 2008 quin
521 1967 622 1998 immo
655 1966 688 1997 in
719 1974 854 1997 omnem

157 2023 306 2047 errorem
318 2015 421 2049 facile
438 2016 643 2059 propendet.

198 2066 220 2094 9
241 2064 388 2106 Leporem
402 2070 550 2106 sectatus,
564 2067 635 2107 εγω]
655 2064 799 2096 Romani
815 2073 851 2096 se

157 2113 350 2154 venatione,
364 2115 587 2156 equitatione,
599 2124 638 2146 ac
651 2114 853 2145 militaribus

156 2163 288 2195 artibus
304 2164 521 2196 exercebant.

201 2215 239 2244 11
262 2213 429 2246 Auuetum
442 2213 596 2254 graecari]
619 2213 767 2245 Delicati
783 2213 855 2255 qui-

157 2261 233 2293 dnm
249 2272 269 2294 a
284 2262 376 2294 duris
393 2263 564 2295 laboribus
582 2268 617 2295 et
636 2264 856 2296 exercitatio·

156 2311 256 2342 nibus
280 2318 359 2344 ante
383 2313 486 2345 dietis
510 2314 743 2352 abhorrentes,
768 2313 856 2344 ludis

160 2362 280 2395 saltem
292 2362 491 2394 Graecornm
511 2372 651 2403 operam
675 2363 859 2395 navabant.

158 2410 232 2443 Hos
247 2417 325 2444 octo
341 2412 444 2444 fnisse
461 2411 568 2444 refert
585 2412 683 2444 Alex.
699 2412 740 2444 ab
757 2412 856 2443 Alex.

157 2469 234 2493 mox
266 2462 393 2495 citand.
437 2461 506 2494 Alii
533 2462 576 2493 de
602 2461 855 2503 compotatione

159 2510 281 2544 Graeca
296 2513 588 2553 interpretantur:
612 2512 706 2553 cujus
722 2512 770 2542 ita
787 2520 854 2541 me-

159 2560 256 2596 minit
277 2560 349 2593 cic.
365 2561 399 2592 in
414 2562 556 2593 Verrem
582 2567 649 2594 act.
669 2571 725 2592 111.
750 2563 759 2578 ‘
774 2562 857 2594 Dis-

159 2608 349 2643 cnmbitur:
371 2609 411 2641 fit
435 2620 544 2642 sermo
568 2611 658 2643 inter
682 2621 739 2642 eos
755 2617 790 2643 et
806 2612 855 2643 in-

160 2657 292 2698 vitatio,
319 2664 358 2690 nt
385 2659 510 2692 Graeco
537 2671 629 2693 more
658 2661 854 2693 biberetur:

158 2706 282 2747 hospes
304 2706 480 2747 hortatui-3
505 2715 647 2749 poscunt
671 2710 854 2752 majoribus

160 2755 310 2796 poculis;
326 2756 519 2788 celebratur
537 2760 683 2791 omnium
701 2770 855 2792 sermone

160 2806 345 2847 laetitiaque
361 2806 573 2840 convivium-¹
617 2810 658 2842 Iu
674 2811 745 2842 istis
760 2811 855 2844 Grae-

868 1645 872 1650 .
907 1623 960 1651 aue
976 1620 1055 1659 bibe,
1080 1624 1134 1652 aut
1149 1620 1213 1651 obi.

909 1479 1025 1502 corum
1042 1471 1204 1502 conviviis
1220 1471 1322 1503 toties
1340 1469 1459 1502 bibere
1472 1470 1608 1509 oporte-

908 1519 983 1559 bat,
999 1520 1131 1562 quoties
1148 1520 1241 1551 Deos
1258 1523 1316 1551 aut
1330 1528 1428 1550 caros
1439 1517 1609 1550 nominas-

907 1574 994 1601 sent.
1020 1571 1090 1602 Lex
1112 1574 1227 1602 autem
1251 1573 1339 1610 erat,
1353 1568 1374 1607 ἢ
1388 1570 1454 1600 πῖθι
1478 1567 1499 1605 ἢ
1514 1565 1608 1604 ἄπιθι,

1256 1620 1358 1651 Hanc
1376 1619 1483 1651 refert
1499 1623 1535 1649 et
1551 1627 1609 1648 ex-

908 1670 1015 1710 plicat
1029 1670 1161 1700 Tullius
1176 1669 1240 1700 snb
1256 1668 1356 1700 finem
1369 1669 1470 1699 Tusc.
1487 1676 1523 1698 v.
1540 1667 1550 1684 ⁴
1561 1667 1609 1698 Et

907 1717 1027 1758 recte‚’
1043 1719 1167 1759 iuquit,
1182 1718 1192 1734 ‘
1207 1723 1265 1750 aut
1280 1718 1370 1749 enim
1386 1716 1520 1748 fruatur
1531 1726 1608 1748 cum

908 1768 980 1798 aliis
1000 1767 1129 1808 pariter
1150 1767 1328 1808 voluptate
1353 1766 1517 1807 potandi:
1549 1769 1610 1797 aut

909 1826 952 1848 ne
976 1816 1110 1848 sobrius
1132 1816 1167 1848 in
1199 1816 1393 1848 violentiam
1416 1816 1609 1848 vinolento-

909 1875 981 1898 rum
995 1866 1138 1908 incidat,
1153 1871 1232 1898 ante
1248 1865 1425 1898 discedat?

951 1917 1028 1948 Pila
1038 1916 1146 1957 velox]
1159 1916 1261 1957 Apud
1275 1921 1409 1947 veteres
1420 1914 1518 1946 ludus
1530 1914 1607 1955 pilae

908 1971 945 1998 et
967 1966 1111 1998 folliculi
1135 1965 1321 2007 praecipuae
1342 1963 1610 1997 commendatio-

908 2014 959 2046 nis
975 2021 1011 2048 et
1023 2015 1135 2056 magni
1148 2014 1251 2046 studii
1266 2013 1342 2045 fuit.
1379 2014 1430 2045 Eo
1444 2012 1514 2045 Jul.
1533 2013 1607 2044 Cae-

908 2074 974 2101 sar,
1005 2064 1184 2104 Octavius,
1221 2063 1346 2105 aliique
1384 2063 1448 2094 viri
1475 2072 1607 2104 graves,

906 2118 992 2154 puta
1005 2114 1160 2146 Scaevola
1180 2113 1464 2153 Jurisconsultus‚
1482 2114 1611 2154 Diony-

908 2163 978 2194 sius
995 2167 1169 2205 tyrannus,
1194 2163 1377 2195 exercendi
1400 2163 1552 2204 corporis
1572 2166 1609 2194 et

910 2213 1010 2244 animi
1037 2213 1220 2254 vegetandi
1243 2222 1345 2245 causa
1359 2212 1608 2244 studiosissime

909 2262 1032 2294 lusere.
1056 2263 1154 2294 Rom.
1169 2263 1454 2304 autemjuventus
1466 2263 1500 2294 in
1517 2271 1608 2294 cam-

911 2322 954 2354 po
985 2313 1113 2344 Martio
1145 2312 1342 2355 frequenter
1365 2312 1507 2344 ludebat
1538 2312 1608 2352 pila

909 2371 969 2393 seu
993 2361 1159 2402 paganica
1185 2372 1246 2394 seu
1273 2362 1452 2404 trigonali3
1474 2364 1508 2393 in
1541 2370 1608 2402 qua

910 2411 1052 2443 sinistrae
1070 2422 1148 2444 usus
1165 2413 1361 2454 praecipuus
1378 2411 1526 2443 traditur
1541 2420 1606 2441 ma-

909 2462 961 2502 gis
999 2471 1099 2502 quam
1125 2461 1284 2501 dextra-,3
1313 2461 1463 2501 corporis
1493 2464 1606 2489 autem

909 2511 1044 2552 agilitas
1074 2512 1220 2542 maxime
1251 2510 1410 2547 valebat;
1441 2513 1476 2539 ut
1505 2508 1608 2539 sciret

909 2565 990 2601 apte
1019 2561 1122 2601 pilam
1147 2562 1269 2602 jacere
1299 2564 1404 2600 atque
1433 2558 1607 2599 excipere,

911 2609 1011 2641 modo
1058 2610 1246 2649 incurrere,
1277 2607 1378 2640 modo
1416 2617 1606 2641 recurrere.

910 2659 999 2691 Haec
1026 2658 1128 2690 Alex.
1157 2659 1199 2690 ab
1228 2657 1330 2691 Alex.
1352 2667 1409 2690 111.
1431 2660 1486 2690 21.
1529 2658 1607 2690 Pila

910 2710 1012 2741 etiam
1043 2708 1200 2740 mulieres
1230 2708 1403 2747 lusitasse,
1435 2707 1605 2741 Homerus

909 2760 1021 2791 docet.
1063 2759 1120 2790 De
1138 2758 1332 2789 Maeeenate
1357 2762 1491 2790 constat
1515 2767 1556 2789 ex
1581 2766 1606 2790 1.

908 2810 981 2841 Sat.
996 2812 1027 2841 5.
1044 2810 1097 2840 48.
1142 2807 1230 2840 Vide
1246 2807 1294 2839 ibi
1311 2807 1392 2840 Not.
