<?xml version="1.0" encoding="UTF-8"?>
<!DOCTYPE html PUBLIC "-//W3C//DTD XHTML 1.0 Transitional//EN"
    "http://www.w3.org/TR/xhtml1/DTD/xhtml1-transitional.dtd">
<html xmlns="http://www.w3.org/1999/xhtml" xml:lang="en" lang="en">
 <head>
  <title>
</title>
<meta http-equiv="Content-Type" content="text/html;charset=utf-8" />
  <meta name='ocr-system' content='tesseract 3.04.00' />
  <meta name='ocr-capabilities' content='ocr_page ocr_carea ocr_par ocr_line ocrx_word'/>
</head>
<body>
  <div class='ocr_page' id='page_1' title='image "./operazeune02horauoft_0548.png"; bbox 0 0 1890 3256; ppageno 0'>
   <div class='ocr_carea' id='block_1_1' title="bbox 377 279 486 320">
    <p class='ocr_par' dir='ltr' id='par_1_1' title="bbox 377 279 486 320">
     <span class='ocr_line' id='line_1_1' title="bbox 377 279 486 320; baseline 0 0"><span class='ocrx_word' id='word_1_1' title='bbox 377 279 486 320; x_wconf 77' lang='lat'>1088</span> 
     </span>
    </p>
   </div>
   <div class='ocr_carea' id='block_1_2' title="bbox 824 291 1311 329">
    <p class='ocr_par' dir='ltr' id='par_1_2' title="bbox 824 291 1311 329">
     <span class='ocr_line' id='line_1_2' title="bbox 824 291 1311 329; baseline -0.002 -7"><span class='ocrx_word' id='word_1_2' title='bbox 824 293 870 329; x_wconf 79' lang='lat' dir='ltr'>Q·</span> <span class='ocrx_word' id='word_1_3' title='bbox 900 291 1106 321; x_wconf 74' lang='lat' dir='ltr'><em>HORA&#39;PH</em></span> <span class='ocrx_word' id='word_1_4' title='bbox 1144 291 1311 321; x_wconf 75' lang='lat' dir='ltr'>FLAocl</span> 
     </span>
    </p>
   </div>
   <div class='ocr_carea' id='block_1_3' title="bbox 364 374 1397 436">
    <p class='ocr_par' dir='ltr' id='par_1_3' title="bbox 364 374 1397 436">
     <span class='ocr_line' id='line_1_3' title="bbox 364 374 1397 436; baseline 0.001 -15"><span class='ocrx_word' id='word_1_5' title='bbox 364 374 591 432; x_wconf 62' lang='lat' dir='ltr'>¹Tempore</span> <span class='ocrx_word' id='word_1_6' title='bbox 610 381 824 436; x_wconf 81' lang='lat' dir='ltr'>cervinam</span> <span class='ocrx_word' id='word_1_7' title='bbox 845 380 1002 431; x_wconf 86' lang='lat' dir='ltr'>pellem</span> <span class='ocrx_word' id='word_1_8' title='bbox 1023 380 1198 420; x_wconf 84' lang='lat' dir='ltr'>latravit</span> <span class='ocrx_word' id='word_1_9' title='bbox 1217 380 1260 420; x_wconf 92' lang='lat' dir='ltr'>in</span> <span class='ocrx_word' id='word_1_10' title='bbox 1281 382 1397 430; x_wconf 85' lang='lat' dir='ltr'>aula,</span> 
     </span>
    </p>
   </div>
   <div class='ocr_carea' id='block_1_4' title="bbox 376 444 960 500">
    <p class='ocr_par' dir='ltr' id='par_1_4' title="bbox 376 444 960 500">
     <span class='ocr_line' id='line_1_4' title="bbox 376 444 960 500; baseline 0 -16"><span class='ocrx_word' id='word_1_11' title='bbox 376 444 542 484; x_wconf 81' lang='lat' dir='ltr'><strong>Militat</strong></span> <span class='ocrx_word' id='word_1_12' title='bbox 559 445 604 485; x_wconf 87' lang='lat' dir='ltr'>in</span> <span class='ocrx_word' id='word_1_13' title='bbox 624 446 756 498; x_wconf 87' lang='lat' dir='ltr'>sylvis</span> <span class='ocrx_word' id='word_1_14' title='bbox 777 444 960 500; x_wconf 75' lang='lat' dir='ltr'>catulus.</span> 
     </span>
    </p>
   </div>
   <div class='ocr_carea' id='block_1_5' title="bbox 1018 444 1456 500">
    <p class='ocr_par' dir='ltr' id='par_1_5' title="bbox 1018 444 1456 500">
     <span class='ocr_line' id='line_1_5' title="bbox 1018 444 1456 500; baseline 0.005 -15"><span class='ocrx_word' id='word_1_15' title='bbox 1018 444 1148 485; x_wconf 89' lang='lat' dir='ltr'>Nunc</span> <span class='ocrx_word' id='word_1_16' title='bbox 1169 446 1327 486; x_wconf 84' lang='lat' dir='ltr'>adhibe</span> <span class='ocrx_word' id='word_1_17' title='bbox 1349 460 1456 500; x_wconf 90' lang='lat' dir='ltr'>puro</span> 
     </span>
    </p>
   </div>
   <div class='ocr_carea' id='block_1_6' title="bbox 377 509 1488 623">
    <p class='ocr_par' dir='ltr' id='par_1_6' title="bbox 377 509 1488 623">
     <span class='ocr_line' id='line_1_6' title="bbox 377 509 1488 562; baseline 0.001 -13"><span class='ocrx_word' id='word_1_18' title='bbox 377 509 561 550; x_wconf 83' lang='lat' dir='ltr'>Pectore</span> <span class='ocrx_word' id='word_1_19' title='bbox 579 511 714 550; x_wconf 85' lang='lat' dir='ltr'>verba</span> <span class='ocrx_word' id='word_1_20' title='bbox 733 522 839 562; x_wconf 90' lang='lat' dir='ltr'>puer</span> <span class='ocrx_word' id='word_1_21' title='bbox 857 523 868 559; x_wconf 91' lang='lat'>;</span> <span class='ocrx_word' id='word_1_22' title='bbox 898 522 1010 550; x_wconf 88' lang='lat' dir='ltr'>nunc</span> <span class='ocrx_word' id='word_1_23' title='bbox 1033 514 1075 550; x_wconf 85' lang='lat' dir='ltr'>te</span> <span class='ocrx_word' id='word_1_24' title='bbox 1097 511 1349 552; x_wconf 82' lang='lat' dir='ltr'>melioribus</span> <span class='ocrx_word' id='word_1_25' title='bbox 1369 511 1488 551; x_wconf 79' lang='lat' dir='ltr'>offer.</span> 
     </span>
     <span class='ocr_line' id='line_1_7' title="bbox 377 573 1488 623; baseline 0.001 -9"><span class='ocrx_word' id='word_1_26' title='bbox 377 573 479 623; x_wconf 83' lang='lat' dir='ltr'>Quo</span> <span class='ocrx_word' id='word_1_27' title='bbox 501 574 631 615; x_wconf 86' lang='lat' dir='ltr'>semel</span> <span class='ocrx_word' id='word_1_28' title='bbox 648 578 717 614; x_wconf 84' lang='lat' dir='ltr'>est</span> <span class='ocrx_word' id='word_1_29' title='bbox 734 574 902 615; x_wconf 83' lang='lat' dir='ltr'>imbuta</span> <span class='ocrx_word' id='word_1_30' title='bbox 920 587 1087 623; x_wconf 68' lang='lat' dir='ltr'>recem,</span> <span class='ocrx_word' id='word_1_31' title='bbox 1109 575 1300 616; x_wconf 76' lang='lat' dir='ltr'>servabit</span> <span class='ocrx_word' id='word_1_32' title='bbox 1318 576 1488 616; x_wconf 87' lang='lat' dir='ltr'>odorem</span> 
     </span>
    </p>
   </div>
   <div class='ocr_carea' id='block_1_7' title="bbox 375 638 612 679">
    <p class='ocr_par' dir='ltr' id='par_1_7' title="bbox 375 638 612 679">
     <span class='ocr_line' id='line_1_8' title="bbox 375 638 612 679; baseline -0.004 -1"><span class='ocrx_word' id='word_1_33' title='bbox 375 638 507 679; x_wconf 84' lang='lat' dir='ltr'>Testa</span> <span class='ocrx_word' id='word_1_34' title='bbox 525 639 612 679; x_wconf 90' lang='lat' dir='ltr'>diu.</span> 
     </span>
    </p>
   </div>
   <div class='ocr_carea' id='block_1_8' title="bbox 670 637 1544 690">
    <p class='ocr_par' dir='ltr' id='par_1_8' title="bbox 670 637 1544 690">
     <span class='ocr_line' id='line_1_9' title="bbox 670 637 1544 690; baseline 0.001 -12"><span class='ocrx_word' id='word_1_35' title='bbox 670 637 802 688; x_wconf 84' lang='lat' dir='ltr'>Quod</span> <span class='ocrx_word' id='word_1_36' title='bbox 822 640 860 680; x_wconf 91' lang='lat' dir='ltr'>si</span> <span class='ocrx_word' id='word_1_37' title='bbox 880 652 1045 689; x_wconf 84' lang='lat' dir='ltr'>cessas,</span> <span class='ocrx_word' id='word_1_38' title='bbox 1066 645 1141 680; x_wconf 85' lang='lat' dir='ltr'>aut</span> <span class='ocrx_word' id='word_1_39' title='bbox 1161 645 1358 680; x_wconf 86' lang='lat' dir='ltr'>strenuus</span> <span class='ocrx_word' id='word_1_40' title='bbox 1379 640 1544 690; x_wconf 87' lang='lat' dir='ltr'>anteis;</span> 
     </span>
    </p>
   </div>
   <div class='ocr_carea' id='block_1_9' title="bbox 1741 642 1798 682">
    <p class='ocr_par' dir='ltr' id='par_1_9' title="bbox 1741 642 1798 682">
     <span class='ocr_line' id='line_1_10' title="bbox 1741 642 1798 682; baseline 0 0"><span class='ocrx_word' id='word_1_41' title='bbox 1741 642 1798 682; x_wconf 80' lang='lat'>70</span> 
     </span>
    </p>
   </div>
   <div class='ocr_carea' id='block_1_10' title="bbox 375 703 1506 758">
    <p class='ocr_par' dir='ltr' id='par_1_10' title="bbox 375 703 1506 758">
     <span class='ocr_line' id='line_1_11' title="bbox 375 703 1506 758; baseline 0.002 -15"><span class='ocrx_word' id='word_1_42' title='bbox 375 703 472 744; x_wconf 87' lang='lat' dir='ltr'>Nec</span> <span class='ocrx_word' id='word_1_43' title='bbox 493 703 660 744; x_wconf 83' lang='lat' dir='ltr'>tardum</span> <span class='ocrx_word' id='word_1_44' title='bbox 682 705 897 757; x_wconf 86' lang='lat' dir='ltr'>opperior,</span> <span class='ocrx_word' id='word_1_45' title='bbox 919 718 997 746; x_wconf 87' lang='lat' dir='ltr'>nec</span> <span class='ocrx_word' id='word_1_46' title='bbox 1018 706 1359 758; x_wconf 75' lang='lat' dir='ltr'>praecedentibus</span> <span class='ocrx_word' id='word_1_47' title='bbox 1377 706 1506 746; x_wconf 87' lang='lat' dir='ltr'>insto.</span> 
     </span>
    </p>
   </div>
   <div class='ocr_carea' id='block_1_11' title="bbox 369 840 1801 931">
    <p class='ocr_par' dir='ltr' id='par_1_11' title="bbox 369 840 1801 923">
     <span class='ocr_line' id='line_1_12' title="bbox 375 840 1801 880; baseline 0.001 -10"><span class='ocrx_word' id='word_1_48' title='bbox 375 841 546 878; x_wconf 77' lang='lat' dir='ltr'>allatravit,</span> <span class='ocrx_word' id='word_1_49' title='bbox 559 840 698 871; x_wconf 75' lang='lat' dir='ltr'>continno</span> <span class='ocrx_word' id='word_1_50' title='bbox 711 843 840 870; x_wconf 74' lang='lat' dir='ltr'>venatur</span> <span class='ocrx_word' id='word_1_51' title='bbox 853 840 887 870; x_wconf 79' lang='lat' dir='ltr'>in</span> <span class='ocrx_word' id='word_1_52' title='bbox 899 840 1005 880; x_wconf 75' lang='lat' dir='ltr'>sylvis.</span> <span class='ocrx_word' id='word_1_53' title='bbox 1047 841 1183 880; x_wconf 71' lang='lat' dir='ltr'>Jamiam</span> <span class='ocrx_word' id='word_1_54' title='bbox 1207 842 1326 873; x_wconf 76' lang='lat' dir='ltr'>sincera</span> <span class='ocrx_word' id='word_1_55' title='bbox 1346 845 1444 874; x_wconf 81' lang='lat' dir='ltr'>mente</span> <span class='ocrx_word' id='word_1_56' title='bbox 1457 843 1635 873; x_wconf 66' lang='lat' dir='ltr'>documenta</span> <span class='ocrx_word' id='word_1_57' title='bbox 1647 841 1801 880; x_wconf 53' lang='lat' dir='ltr'>aalma</span> 
     </span>
     <span class='ocr_line' id='line_1_13' title="bbox 369 880 1800 931; baseline -0.001 -19"><span class='ocrx_word' id='word_1_58' title='bbox 369 881 516 921; x_wconf 59' lang='lat' dir='ltr'>juvenis:</span> <span class='ocrx_word' id='word_1_59' title='bbox 530 881 599 919; x_wconf 79' lang='lat' dir='ltr'>J&#39;am</span> <span class='ocrx_word' id='word_1_60' title='bbox 612 880 726 920; x_wconf 68' lang='lat' dir='ltr'>optimu</span> <span class='ocrx_word' id='word_1_61' title='bbox 739 881 869 919; x_wconf 80' lang='lat' dir='ltr'><strong><em>inquire.</em></strong></span> <span class='ocrx_word' id='word_1_62' title='bbox 913 882 1006 912; x_wconf 80' lang='lat' dir='ltr'>Enim</span> <span class='ocrx_word' id='word_1_63' title='bbox 1023 890 1092 912; x_wconf 75' lang='lat' dir='ltr'>vero</span> <span class='ocrx_word' id='word_1_64' title='bbox 1115 887 1194 913; x_wconf 74' lang='lat' dir='ltr'>testa</span> <span class='ocrx_word' id='word_1_65' title='bbox 1217 883 1364 914; x_wconf 76' lang='lat' dir='ltr'><em>custodiet</em></span> <span class='ocrx_word' id='word_1_66' title='bbox 1379 892 1493 923; x_wconf 79' lang='lat' dir='ltr'>semper</span> <span class='ocrx_word' id='word_1_67' title='bbox 1507 885 1640 931; x_wconf 68' lang='lat' dir='ltr'>odorem,</span> <span class='ocrx_word' id='word_1_68' title='bbox 1655 892 1714 920; x_wconf 80' lang='lat' dir='ltr'>quo</span> <span class='ocrx_word' id='word_1_69' title='bbox 1732 881 1800 920; x_wconf 82' lang='lat' dir='ltr'>pri·</span> 
     </span>
    </p>
   </div>
   <div class='ocr_carea' id='block_1_12' title="bbox 376 921 1798 1007">
    <p class='ocr_par' dir='ltr' id='par_1_12' title="bbox 376 921 1798 1002">
     <span class='ocr_line' id='line_1_14' title="bbox 376 921 1798 964; baseline 0 -12"><span class='ocrx_word' id='word_1_70' title='bbox 376 932 458 953; x_wconf 83' lang='lat' dir='ltr'>mum</span> <span class='ocrx_word' id='word_1_71' title='bbox 473 921 586 959; x_wconf 83' lang='lat' dir='ltr'>insecta</span> <span class='ocrx_word' id='word_1_72' title='bbox 594 921 729 959; x_wconf 56' lang='lat' dir='ltr'>fuerin·</span> <span class='ocrx_word' id='word_1_73' title='bbox 750 922 839 956; x_wconf 79' lang='lat' dir='ltr'>Quod</span> <span class='ocrx_word' id='word_1_74' title='bbox 853 922 880 952; x_wconf 80' lang='lat' dir='ltr'>si</span> <span class='ocrx_word' id='word_1_75' title='bbox 895 924 979 952; x_wconf 78' lang='lat' dir='ltr'>deses</span> <span class='ocrx_word' id='word_1_76' title='bbox 991 932 1128 962; x_wconf 79' lang='lat' dir='ltr'>maneas,</span> <span class='ocrx_word' id='word_1_77' title='bbox 1142 925 1189 955; x_wconf 79' lang='lat' dir='ltr'>vel</span> <span class='ocrx_word' id='word_1_78' title='bbox 1202 933 1230 954; x_wconf 77' lang='grc' dir='ltr'>ει</span> <span class='ocrx_word' id='word_1_79' title='bbox 1223 924 1367 961; x_wconf 72' lang='lat' dir='ltr'>fortiter</span> <span class='ocrx_word' id='word_1_80' title='bbox 1378 925 1554 964; x_wconf 80' lang='lat' dir='ltr'>proecurris,</span> <span class='ocrx_word' id='word_1_81' title='bbox 1570 933 1626 964; x_wconf 83' lang='lat' dir='ltr'>ego</span> <span class='ocrx_word' id='word_1_82' title='bbox 1640 931 1734 963; x_wconf 77' lang='lat' dir='ltr'>neque</span> <span class='ocrx_word' id='word_1_83' title='bbox 1748 923 1798 952; x_wconf 89' lang='lat' dir='ltr'>d-e</span> 
     </span>
     <span class='ocr_line' id='line_1_15' title="bbox 377 964 1283 1007; baseline 0.002 -14"><span class='ocrx_word' id='word_1_84' title='bbox 377 964 472 1007; x_wconf 80' lang='lat' dir='ltr'>sidem</span> <span class='ocrx_word' id='word_1_85' title='bbox 487 966 625 1002; x_wconf 79' lang='lat' dir='ltr'>expecto,</span> <span class='ocrx_word' id='word_1_86' title='bbox 639 972 732 1002; x_wconf 79' lang='lat' dir='ltr'>neque</span> <span class='ocrx_word' id='word_1_87' title='bbox 743 967 912 1002; x_wconf 79' lang='lat' dir='ltr'>proeeumes</span> <span class='ocrx_word' id='word_1_88' title='bbox 926 966 1116 996; x_wconf 77' lang='lat' dir='ltr'><strong><em>antevertere</em></strong></span> <span class='ocrx_word' id='word_1_89' title='bbox 1128 966 1283 996; x_wconf 79' lang='lat' dir='ltr'>contendo.</span> 
     </span>
    </p>
   </div>
   <div class='ocr_carea' id='block_1_13' title="bbox 971 1074 1106 1087">
    <p class='ocr_par' dir='ltr' id='par_1_13' title="bbox 971 1074 1106 1087">
     <span class='ocr_line' id='line_1_16' title="bbox 971 1074 1106 1087; baseline 0.015 -2"><span class='ocrx_word' id='word_1_90' title='bbox 971 1074 1106 1087; x_wconf 53' lang='lat' dir='ltr'>oooooo</span> 
     </span>
    </p>
   </div>
   <div class='ocr_carea' id='block_1_14' title="bbox 381 1133 1170 1188">
    <p class='ocr_par' dir='ltr' id='par_1_14' title="bbox 381 1133 1170 1188">
     <span class='ocr_line' id='line_1_17' title="bbox 381 1133 1170 1188; baseline 0 -8"><span class='ocrx_word' id='word_1_91' title='bbox 381 1149 491 1188; x_wconf 77' lang='lat' dir='ltr'>Epist.</span> <span class='ocrx_word' id='word_1_92' title='bbox 516 1152 566 1180; x_wconf 85' lang='lat'>15.</span> <span class='ocrx_word' id='word_1_93' title='bbox 592 1133 731 1180; x_wconf 52' lang='lat'>112-66</span> <span class='ocrx_word' id='word_1_94' title='bbox 751 1148 981 1180; x_wconf 82' lang='lat' dir='ltr'>Schoenborn.</span> <span class='ocrx_word' id='word_1_95' title='bbox 997 1151 1029 1180; x_wconf 91' lang='grc'>2.</span> <span class='ocrx_word' id='word_1_96' title='bbox 1048 1150 1170 1188; x_wconf 69' lang='lat' dir='ltr'>pellere</span> 
     </span>
    </p>
   </div>
   <div class='ocr_carea' id='block_1_15' title="bbox 1108 1074 1205 1087">
    <p class='ocr_par' dir='ltr' id='par_1_15' title="bbox 1108 1074 1205 1087">
     <span class='ocr_line' id='line_1_18' title="bbox 1108 1074 1205 1087; baseline -0.021 0"><span class='ocrx_word' id='word_1_97' title='bbox 1108 1074 1205 1087; x_wconf 67' lang='lat' dir='ltr'><em>eeeee</em></span> 
     </span>
    </p>
   </div>
   <div class='ocr_carea' id='block_1_16' title="bbox 1213 1132 1802 1180">
    <p class='ocr_par' dir='ltr' id='par_1_16' title="bbox 1213 1132 1802 1180">
     <span class='ocr_line' id='line_1_19' title="bbox 1213 1132 1802 1180; baseline -0.003 0"><span class='ocrx_word' id='word_1_98' title='bbox 1213 1150 1374 1180; x_wconf 79' lang='lat' dir='ltr'>Nonnulli</span> <span class='ocrx_word' id='word_1_99' title='bbox 1389 1148 1485 1180; x_wconf 87' lang='lat' dir='ltr'>codd</span> <span class='ocrx_word' id='word_1_100' title='bbox 1501 1149 1578 1180; x_wconf 80' lang='lat' dir='ltr'>Feae</span> <span class='ocrx_word' id='word_1_101' title='bbox 1602 1132 1757 1179; x_wconf 52' lang='lat' dir='ltr'>donavit.</span> <span class='ocrx_word' id='word_1_102' title='bbox 1762 1163 1802 1169; x_wconf 92' lang='lat'>--</span> 
     </span>
    </p>
   </div>
   <div class='ocr_carea' id='block_1_17' title="bbox 380 1189 1801 1230">
    <p class='ocr_par' dir='ltr' id='par_1_17' title="bbox 380 1189 1801 1230">
     <span class='ocr_line' id='line_1_20' title="bbox 380 1189 1801 1230; baseline -0.001 -10"><span class='ocrx_word' id='word_1_103' title='bbox 380 1193 420 1220; x_wconf 86' lang='grc'>67</span> <span class='ocrx_word' id='word_1_104' title='bbox 444 1191 585 1221; x_wconf 84' lang='lat' dir='ltr'>Plnrimi</span> <span class='ocrx_word' id='word_1_105' title='bbox 600 1189 699 1221; x_wconf 89' lang='lat' dir='ltr'>codd</span> <span class='ocrx_word' id='word_1_106' title='bbox 715 1200 769 1230; x_wconf 88' lang='lat' dir='ltr'>ap.</span> <span class='ocrx_word' id='word_1_107' title='bbox 786 1191 900 1228; x_wconf 85' lang='lat' dir='ltr'>Feam,</span> <span class='ocrx_word' id='word_1_108' title='bbox 915 1191 956 1221; x_wconf 84' lang='lat' dir='ltr'>al.</span> <span class='ocrx_word' id='word_1_109' title='bbox 973 1199 1027 1229; x_wconf 85' lang='lat' dir='ltr'>ap.</span> <span class='ocrx_word' id='word_1_110' title='bbox 1039 1190 1149 1221; x_wconf 82' lang='lat' dir='ltr'>Puim.</span> <span class='ocrx_word' id='word_1_111' title='bbox 1166 1200 1241 1221; x_wconf 88' lang='lat' dir='ltr'>cum</span> <span class='ocrx_word' id='word_1_112' title='bbox 1254 1191 1330 1223; x_wconf 91' lang='lat' dir='ltr'>edd.</span> <span class='ocrx_word' id='word_1_113' title='bbox 1343 1191 1457 1222; x_wconf 88' lang='lat' dir='ltr'>Zarot.</span> <span class='ocrx_word' id='word_1_114' title='bbox 1472 1190 1586 1221; x_wconf 76' lang='lat' dir='ltr'>Basili.</span> <span class='ocrx_word' id='word_1_115' title='bbox 1601 1191 1696 1220; x_wconf 81' lang='grc'><strong>1527.</strong></span> <span class='ocrx_word' id='word_1_116' title='bbox 1709 1190 1801 1219; x_wconf 76' lang='lat'>1581.</span> 
     </span>
    </p>
   </div>
   <div class='ocr_carea' id='block_1_18' title="bbox 381 1230 1069 1262">
    <p class='ocr_par' dir='ltr' id='par_1_18' title="bbox 381 1230 1069 1262">
     <span class='ocr_line' id='line_1_21' title="bbox 381 1230 1069 1262; baseline 0.001 -1"><span class='ocrx_word' id='word_1_117' title='bbox 381 1232 499 1262; x_wconf 87' lang='lat' dir='ltr'>Lamb.</span> <span class='ocrx_word' id='word_1_118' title='bbox 515 1237 550 1262; x_wconf 85' lang='lat' dir='ltr'>et</span> <span class='ocrx_word' id='word_1_119' title='bbox 566 1241 681 1262; x_wconf 89' lang='lat' dir='ltr'>omnes</span> <span class='ocrx_word' id='word_1_120' title='bbox 697 1230 767 1262; x_wconf 84' lang='lat' dir='ltr'>fere</span> <span class='ocrx_word' id='word_1_121' title='bbox 783 1235 927 1262; x_wconf 78' lang='lat' dir='ltr'>recentt.</span> <span class='ocrx_word' id='word_1_122' title='bbox 950 1231 1069 1262; x_wconf 75' lang='lat' dir='ltr'>adhibe.</span> 
     </span>
    </p>
   </div>
   <div class='ocr_carea' id='block_1_19' title="bbox 1113 1230 1802 1272">
    <p class='ocr_par' dir='ltr' id='par_1_19' title="bbox 1113 1230 1802 1272">
     <span class='ocr_line' id='line_1_22' title="bbox 1113 1230 1802 1272; baseline -0.004 -10"><span class='ocrx_word' id='word_1_123' title='bbox 1113 1231 1200 1262; x_wconf 90' lang='lat' dir='ltr'>Edd</span> <span class='ocrx_word' id='word_1_124' title='bbox 1217 1233 1370 1272; x_wconf 84' lang='lat' dir='ltr'>quaedam</span> <span class='ocrx_word' id='word_1_125' title='bbox 1387 1236 1464 1263; x_wconf 82' lang='lat' dir='ltr'>ante</span> <span class='ocrx_word' id='word_1_126' title='bbox 1480 1231 1596 1262; x_wconf 85' lang='lat' dir='ltr'>Lamb.</span> <span class='ocrx_word' id='word_1_127' title='bbox 1615 1230 1736 1265; x_wconf 77' lang='lat' dir='ltr'>adhibe.</span> <span class='ocrx_word' id='word_1_128' title='bbox 1751 1237 1802 1259; x_wconf 84' lang='lat' dir='ltr'>re-</span> 
     </span>
    </p>
   </div>
   <div class='ocr_carea' id='block_1_20' title="bbox 380 1271 1803 1313">
    <p class='ocr_par' dir='ltr' id='par_1_20' title="bbox 380 1271 1803 1313">
     <span class='ocr_line' id='line_1_23' title="bbox 380 1271 1803 1313; baseline -0.001 -10"><span class='ocrx_word' id='word_1_129' title='bbox 380 1277 553 1312; x_wconf 76' lang='lat' dir='ltr'><strong>pugnante</strong></span> <span class='ocrx_word' id='word_1_130' title='bbox 573 1277 692 1304; x_wconf 77' lang='lat' dir='ltr'>metro.</span> <span class='ocrx_word' id='word_1_131' title='bbox 693 1275 777 1303; x_wconf 87' lang='grc'>-68</span> <span class='ocrx_word' id='word_1_132' title='bbox 801 1273 942 1313; x_wconf 86' lang='lat' dir='ltr'>Cuniug.</span> <span class='ocrx_word' id='word_1_133' title='bbox 966 1276 995 1303; x_wconf 85' lang='lat' dir='ltr'>te</span> <span class='ocrx_word' id='word_1_134' title='bbox 1009 1282 1099 1303; x_wconf 78' lang='lat' dir='ltr'>nunc.</span> <span class='ocrx_word' id='word_1_135' title='bbox 1103 1276 1186 1304; x_wconf 79' lang='grc'>-70</span> <span class='ocrx_word' id='word_1_136' title='bbox 1207 1274 1436 1305; x_wconf 87' lang='lat' dir='ltr'>Schoenborn.</span> <span class='ocrx_word' id='word_1_137' title='bbox 1451 1276 1482 1304; x_wconf 84' lang='lat'>2.</span> <span class='ocrx_word' id='word_1_138' title='bbox 1504 1276 1644 1303; x_wconf 75' lang='lat' dir='ltr'>strenuus</span> <span class='ocrx_word' id='word_1_139' title='bbox 1657 1271 1759 1302; x_wconf 76' lang='lat' dir='ltr'>annis.</span> <span class='ocrx_word' id='word_1_140' title='bbox 1762 1286 1803 1292; x_wconf 92' lang='lat'>—</span> 
     </span>
    </p>
   </div>
   <div class='ocr_carea' id='block_1_21' title="bbox 382 1314 837 1354">
    <p class='ocr_par' dir='ltr' id='par_1_21' title="bbox 382 1314 837 1354">
     <span class='ocr_line' id='line_1_24' title="bbox 382 1314 837 1354; baseline 0 -11"><span class='ocrx_word' id='word_1_141' title='bbox 382 1316 421 1344; x_wconf 84' lang='grc'><strong>71</strong></span> <span class='ocrx_word' id='word_1_142' title='bbox 446 1315 525 1346; x_wconf 83' lang='lat' dir='ltr'>Vat.</span> <span class='ocrx_word' id='word_1_143' title='bbox 542 1314 635 1346; x_wconf 86' lang='lat' dir='ltr'>Rom.</span> <span class='ocrx_word' id='word_1_144' title='bbox 651 1317 682 1345; x_wconf 84' lang='lat'>8.</span> <span class='ocrx_word' id='word_1_145' title='bbox 705 1314 837 1354; x_wconf 81' lang='lat' dir='ltr'>operiar.</span> 
     </span>
    </p>
   </div>
   <div class='ocr_carea' id='block_1_22' title="bbox 1021 1405 1160 1436">
    <p class='ocr_par' dir='ltr' id='par_1_22' title="bbox 1021 1405 1160 1436">
     <span class='ocr_line' id='line_1_25' title="bbox 1021 1405 1160 1436; baseline 0.007 -1"><span class='ocrx_word' id='word_1_146' title='bbox 1021 1405 1160 1436; x_wconf 83' lang='lat' dir='ltr'>NOTAE</span> 
     </span>
    </p>
   </div>
   <div class='ocr_carea' id='block_1_23' title="bbox 379 1477 1069 2399">
    <p class='ocr_par' dir='ltr' id='par_1_23' title="bbox 379 1477 1068 1805">
     <span class='ocr_line' id='line_1_26' title="bbox 421 1477 1066 1519; baseline -0.006 -8"><span class='ocrx_word' id='word_1_147' title='bbox 421 1482 463 1511; x_wconf 84' lang='lat'>66</span> <span class='ocrx_word' id='word_1_148' title='bbox 487 1480 540 1510; x_wconf 81' lang='lat' dir='ltr'>Ex</span> <span class='ocrx_word' id='word_1_149' title='bbox 554 1489 612 1519; x_wconf 76' lang='lat' dir='ltr'>quo</span> <span class='ocrx_word' id='word_1_150' title='bbox 626 1479 770 1518; x_wconf 84' lang='lat' dir='ltr'><strong><em>Tempore</em></strong></span> <span class='ocrx_word' id='word_1_151' title='bbox 786 1477 940 1508; x_wconf 73' lang='lat' dir='ltr'>cervinam</span> <span class='ocrx_word' id='word_1_152' title='bbox 958 1478 1066 1517; x_wconf 78' lang='lat' dir='ltr'>pellem</span> 
     </span>
     <span class='ocr_line' id='line_1_27' title="bbox 379 1526 1066 1567; baseline -0.004 -9"><span class='ocrx_word' id='word_1_153' title='bbox 379 1527 522 1567; x_wconf 81' lang='lat' dir='ltr'>latravit]</span> <span class='ocrx_word' id='word_1_154' title='bbox 544 1527 687 1560; x_wconf 75' lang='lat' dir='ltr'>Quando</span> <span class='ocrx_word' id='word_1_155' title='bbox 713 1526 810 1566; x_wconf 79' lang='lat' dir='ltr'>pel-lis</span> <span class='ocrx_word' id='word_1_156' title='bbox 836 1534 936 1557; x_wconf 86' lang='lat' dir='ltr'>cervo</span> <span class='ocrx_word' id='word_1_157' title='bbox 965 1526 1066 1556; x_wconf 85' lang='lat' dir='ltr'>inter-</span> 
     </span>
     <span class='ocr_line' id='line_1_28' title="bbox 380 1574 1067 1615; baseline -0.004 -8"><span class='ocrx_word' id='word_1_158' title='bbox 380 1575 474 1607; x_wconf 84' lang='lat' dir='ltr'>fecto</span> <span class='ocrx_word' id='word_1_159' title='bbox 498 1575 649 1606; x_wconf 80' lang='lat' dir='ltr'>detracta</span> <span class='ocrx_word' id='word_1_160' title='bbox 668 1575 742 1615; x_wconf 84' lang='lat' dir='ltr'>ejus</span> <span class='ocrx_word' id='word_1_161' title='bbox 758 1574 924 1605; x_wconf 77' lang='lat' dir='ltr'>intestinis</span> <span class='ocrx_word' id='word_1_162' title='bbox 941 1578 977 1604; x_wconf 80' lang='lat' dir='ltr'>et</span> <span class='ocrx_word' id='word_1_163' title='bbox 993 1583 1067 1604; x_wconf 82' lang='lat' dir='ltr'>san-</span> 
     </span>
     <span class='ocr_line' id='line_1_29' title="bbox 379 1623 1067 1666; baseline -0.007 -9"><span class='ocrx_word' id='word_1_164' title='bbox 379 1626 480 1666; x_wconf 86' lang='lat' dir='ltr'>guine</span> <span class='ocrx_word' id='word_1_165' title='bbox 495 1635 570 1657; x_wconf 85' lang='lat' dir='ltr'>cum</span> <span class='ocrx_word' id='word_1_166' title='bbox 583 1634 668 1665; x_wconf 90' lang='lat' dir='ltr'>pane</span> <span class='ocrx_word' id='word_1_167' title='bbox 682 1625 853 1664; x_wconf 79' lang='lat' dir='ltr'>impletur,</span> <span class='ocrx_word' id='word_1_168' title='bbox 865 1628 901 1654; x_wconf 85' lang='lat' dir='ltr'>et</span> <span class='ocrx_word' id='word_1_169' title='bbox 911 1623 1067 1659; x_wconf 82' lang='lat' dir='ltr'>insuitur,</span> 
     </span>
     <span class='ocr_line' id='line_1_30' title="bbox 381 1671 1068 1715; baseline -0.006 -9"><span class='ocrx_word' id='word_1_170' title='bbox 381 1675 524 1715; x_wconf 83' lang='lat' dir='ltr'>talisque</span> <span class='ocrx_word' id='word_1_171' title='bbox 549 1673 710 1705; x_wconf 80' lang='lat' dir='ltr'>venaticis</span> <span class='ocrx_word' id='word_1_172' title='bbox 736 1673 874 1704; x_wconf 86' lang='lat' dir='ltr'>canibus</span> <span class='ocrx_word' id='word_1_173' title='bbox 893 1671 1068 1711; x_wconf 80' lang='lat' dir='ltr'>objicitur,</span> 
     </span>
     <span class='ocr_line' id='line_1_31' title="bbox 380 1721 1067 1755; baseline -0.006 0"><span class='ocrx_word' id='word_1_174' title='bbox 380 1725 421 1755; x_wconf 87' lang='lat' dir='ltr'>ad</span> <span class='ocrx_word' id='word_1_175' title='bbox 436 1734 493 1755; x_wconf 89' lang='lat' dir='ltr'>eos</span> <span class='ocrx_word' id='word_1_176' title='bbox 503 1723 545 1754; x_wconf 88' lang='lat' dir='ltr'>ad</span> <span class='ocrx_word' id='word_1_177' title='bbox 556 1723 765 1755; x_wconf 76' lang='lat' dir='ltr'>venationem</span> <span class='ocrx_word' id='word_1_178' title='bbox 777 1721 953 1754; x_wconf 80' lang='lat' dir='ltr'>acuendos.</span> <span class='ocrx_word' id='word_1_179' title='bbox 977 1721 1067 1753; x_wconf 83' lang='lat' dir='ltr'>Gali.</span> 
     </span>
     <span class='ocr_line' id='line_1_32' title="bbox 381 1772 618 1805; baseline 0 -1"><span class='ocrx_word' id='word_1_180' title='bbox 381 1773 461 1805; x_wconf 73' lang='lat' dir='ltr'>faire</span> <span class='ocrx_word' id='word_1_181' title='bbox 476 1773 506 1803; x_wconf 82' lang='lat' dir='ltr'>la</span> <span class='ocrx_word' id='word_1_182' title='bbox 520 1772 618 1804; x_wconf 66' lang='lat' dir='ltr'>caree.</span> 
     </span>
    </p>

    <p class='ocr_par' dir='ltr' id='par_1_24' title="bbox 380 1818 1066 2005">
     <span class='ocr_line' id='line_1_33' title="bbox 423 1818 1066 1862; baseline -0.008 -8"><span class='ocrx_word' id='word_1_183' title='bbox 423 1825 464 1854; x_wconf 87' lang='grc'>67</span> <span class='ocrx_word' id='word_1_184' title='bbox 490 1823 612 1854; x_wconf 83' lang='lat' dir='ltr'>Militat</span> <span class='ocrx_word' id='word_1_185' title='bbox 624 1822 657 1852; x_wconf 78' lang='lat' dir='ltr'>in</span> <span class='ocrx_word' id='word_1_186' title='bbox 673 1820 782 1862; x_wconf 80' lang='lat' dir='ltr'>sylvis]</span> <span class='ocrx_word' id='word_1_187' title='bbox 812 1819 995 1860; x_wconf 80' lang='lat' dir='ltr'>Postquam</span> <span class='ocrx_word' id='word_1_188' title='bbox 1009 1818 1066 1849; x_wconf 90' lang='lat' dir='ltr'>do-</span> 
     </span>
     <span class='ocr_line' id='line_1_34' title="bbox 381 1867 1065 1906; baseline -0.007 -5"><span class='ocrx_word' id='word_1_189' title='bbox 381 1872 426 1901; x_wconf 90' lang='lat' dir='ltr'>mi</span> <span class='ocrx_word' id='word_1_190' title='bbox 448 1871 578 1901; x_wconf 80' lang='lat' dir='ltr'>catulus</span> <span class='ocrx_word' id='word_1_191' title='bbox 605 1870 707 1900; x_wconf 86' lang='lat' dir='ltr'>odore</span> <span class='ocrx_word' id='word_1_192' title='bbox 731 1869 825 1899; x_wconf 87' lang='lat' dir='ltr'>cervi</span> <span class='ocrx_word' id='word_1_193' title='bbox 847 1872 903 1906; x_wconf 69' lang='lat' dir='ltr'>apt</span> <span class='ocrx_word' id='word_1_194' title='bbox 928 1867 1065 1898; x_wconf 88' lang='lat' dir='ltr'>alterius</span> 
     </span>
     <span class='ocr_line' id='line_1_35' title="bbox 380 1915 1065 1955; baseline -0.009 -6"><span class='ocrx_word' id='word_1_195' title='bbox 380 1918 459 1949; x_wconf 86' lang='lat' dir='ltr'>ferae</span> <span class='ocrx_word' id='word_1_196' title='bbox 476 1918 621 1948; x_wconf 83' lang='lat' dir='ltr'>imbutus</span> <span class='ocrx_word' id='word_1_197' title='bbox 634 1921 698 1955; x_wconf 81' lang='lat' dir='ltr'>est,</span> <span class='ocrx_word' id='word_1_198' title='bbox 718 1917 848 1947; x_wconf 87' lang='lat' dir='ltr'>ratione</span> <span class='ocrx_word' id='word_1_199' title='bbox 861 1924 935 1945; x_wconf 85' lang='lat' dir='ltr'>mox</span> <span class='ocrx_word' id='word_1_200' title='bbox 950 1915 1065 1951; x_wconf 80' lang='lat' dir='ltr'>allata,</span> 
     </span>
     <span class='ocr_line' id='line_1_36' title="bbox 383 1963 1046 2005; baseline -0.012 -6"><span class='ocrx_word' id='word_1_201' title='bbox 383 1966 504 1999; x_wconf 85' lang='lat' dir='ltr'>exinde</span> <span class='ocrx_word' id='word_1_202' title='bbox 519 1966 553 1996; x_wconf 91' lang='lat' dir='ltr'>in</span> <span class='ocrx_word' id='word_1_203' title='bbox 568 1964 667 2005; x_wconf 82' lang='lat' dir='ltr'>sylvis</span> <span class='ocrx_word' id='word_1_204' title='bbox 686 1963 774 1994; x_wconf 85' lang='lat' dir='ltr'>feras</span> <span class='ocrx_word' id='word_1_205' title='bbox 788 1963 878 1993; x_wconf 76' lang='lat' dir='ltr'>uitro</span> <span class='ocrx_word' id='word_1_206' title='bbox 893 1966 1046 1992; x_wconf 79' lang='lat' dir='ltr'>venatur.</span> 
     </span>
    </p>

    <p class='ocr_par' dir='ltr' id='par_1_25' title="bbox 382 2012 1069 2295">
     <span class='ocr_line' id='line_1_37' title="bbox 426 2012 1067 2052; baseline -0.012 -5"><span class='ocrx_word' id='word_1_207' title='bbox 426 2017 519 2047; x_wconf 84' lang='lat' dir='ltr'>Nunc</span> <span class='ocrx_word' id='word_1_208' title='bbox 548 2014 656 2044; x_wconf 81' lang='lat' dir='ltr'>adhibe</span> <span class='ocrx_word' id='word_1_209' title='bbox 682 2012 776 2052; x_wconf 83' lang='lat' dir='ltr'>puro]</span> <span class='ocrx_word' id='word_1_210' title='bbox 800 2012 981 2050; x_wconf 79' lang='lat' dir='ltr'>Praecepta</span> <span class='ocrx_word' id='word_1_211' title='bbox 999 2019 1067 2041; x_wconf 87' lang='lat' dir='ltr'>mo-</span> 
     </span>
     <span class='ocr_line' id='line_1_38' title="bbox 384 2058 1069 2103; baseline -0.012 -7"><span class='ocrx_word' id='word_1_212' title='bbox 384 2075 456 2096; x_wconf 86' lang='lat' dir='ltr'>rum</span> <span class='ocrx_word' id='word_1_213' title='bbox 473 2063 602 2103; x_wconf 81' lang='lat' dir='ltr'>accipe,</span> <span class='ocrx_word' id='word_1_214' title='bbox 627 2061 706 2092; x_wconf 90' lang='lat' dir='ltr'>dum</span> <span class='ocrx_word' id='word_1_215' title='bbox 731 2061 858 2090; x_wconf 86' lang='lat' dir='ltr'>animus</span> <span class='ocrx_word' id='word_1_216' title='bbox 884 2058 994 2089; x_wconf 86' lang='lat' dir='ltr'>adhuc</span> <span class='ocrx_word' id='word_1_217' title='bbox 1010 2067 1069 2098; x_wconf 88' lang='lat' dir='ltr'>pu-</span> 
     </span>
     <span class='ocr_line' id='line_1_39' title="bbox 382 2108 1068 2148; baseline -0.01 -4"><span class='ocrx_word' id='word_1_218' title='bbox 382 2123 438 2144; x_wconf 86' lang='lat' dir='ltr'>rus</span> <span class='ocrx_word' id='word_1_219' title='bbox 454 2112 515 2144; x_wconf 89' lang='lat' dir='ltr'>tibi</span> <span class='ocrx_word' id='word_1_220' title='bbox 532 2114 654 2148; x_wconf 88' lang='lat' dir='ltr'>manet,</span> <span class='ocrx_word' id='word_1_221' title='bbox 672 2108 815 2139; x_wconf 86' lang='lat' dir='ltr'>necdum</span> <span class='ocrx_word' id='word_1_222' title='bbox 837 2108 911 2138; x_wconf 84' lang='lat' dir='ltr'>ullis</span> <span class='ocrx_word' id='word_1_223' title='bbox 926 2116 1068 2147; x_wconf 84' lang='lat' dir='ltr'>occupa·</span> 
     </span>
     <span class='ocr_line' id='line_1_40' title="bbox 382 2155 1068 2198; baseline -0.012 -5"><span class='ocrx_word' id='word_1_224' title='bbox 382 2169 434 2194; x_wconf 87' lang='lat' dir='ltr'>tus</span> <span class='ocrx_word' id='word_1_225' title='bbox 450 2166 509 2192; x_wconf 89' lang='lat' dir='ltr'>aut</span> <span class='ocrx_word' id='word_1_226' title='bbox 523 2163 699 2198; x_wconf 83' lang='lat' dir='ltr'>corruptus</span> <span class='ocrx_word' id='word_1_227' title='bbox 712 2163 762 2188; x_wconf 88' lang='lat' dir='ltr'>est</span> <span class='ocrx_word' id='word_1_228' title='bbox 778 2156 889 2197; x_wconf 88' lang='lat' dir='ltr'>pravis</span> <span class='ocrx_word' id='word_1_229' title='bbox 905 2155 1068 2196; x_wconf 88' lang='lat' dir='ltr'>opinioni-</span> 
     </span>
     <span class='ocr_line' id='line_1_41' title="bbox 382 2205 1069 2245; baseline -0.01 -3"><span class='ocrx_word' id='word_1_230' title='bbox 382 2211 444 2242; x_wconf 86' lang='lat' dir='ltr'>bus</span> <span class='ocrx_word' id='word_1_231' title='bbox 460 2209 514 2239; x_wconf 87' lang='lat' dir='ltr'>vel</span> <span class='ocrx_word' id='word_1_232' title='bbox 529 2206 718 2238; x_wconf 80' lang='lat' dir='ltr'>affectibus.</span> <span class='ocrx_word' id='word_1_233' title='bbox 762 2205 905 2239; x_wconf 81' lang='lat' dir='ltr'>Quidam</span> <span class='ocrx_word' id='word_1_234' title='bbox 930 2206 995 2245; x_wconf 80' lang='lat' dir='ltr'>leg.</span> <span class='ocrx_word' id='word_1_235' title='bbox 1016 2206 1069 2235; x_wconf 85' lang='lat' dir='ltr'>ad-</span> 
     </span>
     <span class='ocr_line' id='line_1_42' title="bbox 383 2253 1034 2295; baseline -0.011 -5"><span class='ocrx_word' id='word_1_236' title='bbox 383 2259 451 2290; x_wconf 74' lang='lat' dir='ltr'>hibe</span> <span class='ocrx_word' id='word_1_237' title='bbox 462 2269 472 2289; x_wconf 87' lang='grc'>.-</span> <span class='ocrx_word' id='word_1_238' title='bbox 496 2262 532 2287; x_wconf 91' lang='lat' dir='ltr'>ut</span> <span class='ocrx_word' id='word_1_239' title='bbox 547 2256 591 2287; x_wconf 86' lang='lat' dir='ltr'>sit</span> <span class='ocrx_word' id='word_1_240' title='bbox 608 2259 796 2295; x_wconf 76' lang='lat' dir='ltr'>anapaestus</span> <span class='ocrx_word' id='word_1_241' title='bbox 813 2263 872 2294; x_wconf 89' lang='lat' dir='ltr'>pro</span> <span class='ocrx_word' id='word_1_242' title='bbox 888 2253 1034 2294; x_wconf 81' lang='lat' dir='ltr'>dactylo.</span> 
     </span>
    </p>

    <p class='ocr_par' dir='ltr' id='par_1_26' title="bbox 385 2301 1068 2399">
     <span class='ocr_line' id='line_1_43' title="bbox 426 2301 1068 2342; baseline -0.009 -4"><span class='ocrx_word' id='word_1_243' title='bbox 426 2310 467 2338; x_wconf 83' lang='grc'>68</span> <span class='ocrx_word' id='word_1_244' title='bbox 491 2306 581 2336; x_wconf 82' lang='lat' dir='ltr'>Nunc</span> <span class='ocrx_word' id='word_1_245' title='bbox 608 2307 637 2334; x_wconf 86' lang='lat' dir='ltr'>te</span> <span class='ocrx_word' id='word_1_246' title='bbox 665 2302 840 2334; x_wconf 77' lang='lat' dir='ltr'>melioribus</span> <span class='ocrx_word' id='word_1_247' title='bbox 866 2301 960 2342; x_wconf 88' lang='lat' dir='ltr'>offer]</span> <span class='ocrx_word' id='word_1_248' title='bbox 1005 2302 1068 2333; x_wconf 83' lang='lat' dir='ltr'>Vei</span> 
     </span>
     <span class='ocr_line' id='line_1_44' title="bbox 385 2350 1067 2399; baseline -0.01 -11"><span class='ocrx_word' id='word_1_249' title='bbox 385 2356 499 2399; x_wconf 82' lang='lat' dir='ltr'>praebe</span> <span class='ocrx_word' id='word_1_250' title='bbox 526 2360 560 2386; x_wconf 90' lang='lat' dir='ltr'>te</span> <span class='ocrx_word' id='word_1_251' title='bbox 587 2352 799 2385; x_wconf 88' lang='lat' dir='ltr'>imbuendum</span> <span class='ocrx_word' id='word_1_252' title='bbox 820 2351 955 2392; x_wconf 80' lang='lat' dir='ltr'>optimis</span> <span class='ocrx_word' id='word_1_253' title='bbox 969 2350 1067 2382; x_wconf 91' lang='lat' dir='ltr'>docu-</span> 
     </span>
    </p>
   </div>
   <div class='ocr_carea' id='block_1_24' title="bbox 1118 1477 1805 2389">
    <p class='ocr_par' dir='ltr' id='par_1_27' title="bbox 1118 1477 1802 1606">
     <span class='ocr_line' id='line_1_45' title="bbox 1118 1477 1802 1517; baseline -0.001 -10"><span class='ocrx_word' id='word_1_254' title='bbox 1118 1479 1251 1509; x_wconf 78' lang='lat' dir='ltr'>meniis.</span> <span class='ocrx_word' id='word_1_255' title='bbox 1298 1479 1373 1516; x_wconf 84' lang='lat' dir='ltr'>Vei,</span> <span class='ocrx_word' id='word_1_256' title='bbox 1399 1477 1454 1508; x_wconf 87' lang='lat' dir='ltr'>adi</span> <span class='ocrx_word' id='word_1_257' title='bbox 1477 1477 1646 1508; x_wconf 79' lang='lat' dir='ltr'>meliorem</span> <span class='ocrx_word' id='word_1_258' title='bbox 1665 1481 1699 1507; x_wconf 82' lang='lat' dir='ltr'>et</span> <span class='ocrx_word' id='word_1_259' title='bbox 1715 1477 1802 1517; x_wconf 84' lang='lat' dir='ltr'>sapi-</span> 
     </span>
     <span class='ocr_line' id='line_1_46' title="bbox 1119 1525 1802 1566; baseline -0.001 -10"><span class='ocrx_word' id='word_1_260' title='bbox 1119 1527 1281 1557; x_wconf 82' lang='lat' dir='ltr'>entiorem</span> <span class='ocrx_word' id='word_1_261' title='bbox 1308 1527 1426 1566; x_wconf 85' lang='lat' dir='ltr'>virum,</span> <span class='ocrx_word' id='word_1_262' title='bbox 1456 1536 1476 1556; x_wconf 89' lang='lat' dir='ltr'>a</span> <span class='ocrx_word' id='word_1_263' title='bbox 1503 1535 1569 1566; x_wconf 91' lang='lat' dir='ltr'>quo</span> <span class='ocrx_word' id='word_1_264' title='bbox 1594 1525 1731 1566; x_wconf 82' lang='lat' dir='ltr'>fingaris</span> <span class='ocrx_word' id='word_1_265' title='bbox 1761 1525 1802 1555; x_wconf 83' lang='lat' dir='ltr'>ad</span> 
     </span>
     <span class='ocr_line' id='line_1_47' title="bbox 1121 1575 1489 1606; baseline 0 0"><span class='ocrx_word' id='word_1_266' title='bbox 1121 1575 1278 1606; x_wconf 85' lang='lat' dir='ltr'>virtutem</span> <span class='ocrx_word' id='word_1_267' title='bbox 1294 1581 1330 1606; x_wconf 91' lang='lat' dir='ltr'>et</span> <span class='ocrx_word' id='word_1_268' title='bbox 1345 1580 1489 1606; x_wconf 81' lang='lat' dir='ltr'>rectum.</span> 
     </span>
    </p>

    <p class='ocr_par' dir='ltr' id='par_1_28' title="bbox 1118 1622 1804 1800">
     <span class='ocr_line' id='line_1_48' title="bbox 1161 1622 1803 1662; baseline -0.002 -8"><span class='ocrx_word' id='word_1_269' title='bbox 1161 1626 1202 1654; x_wconf 83' lang='lat'>69</span> <span class='ocrx_word' id='word_1_270' title='bbox 1226 1625 1294 1659; x_wconf 80' lang='lat' dir='ltr'>Quo</span> <span class='ocrx_word' id='word_1_271' title='bbox 1306 1625 1396 1654; x_wconf 86' lang='lat' dir='ltr'>semel</span> <span class='ocrx_word' id='word_1_272' title='bbox 1409 1627 1456 1654; x_wconf 80' lang='lat' dir='ltr'>est</span> <span class='ocrx_word' id='word_1_273' title='bbox 1469 1623 1596 1662; x_wconf 76' lang='lat' dir='ltr'>imbuta,</span> <span class='ocrx_word' id='word_1_274' title='bbox 1611 1622 1680 1662; x_wconf 59' lang='lat' dir='ltr'>Sym]</span> <span class='ocrx_word' id='word_1_275' title='bbox 1709 1623 1803 1653; x_wconf 69' lang='lat' dir='ltr'>Pru-.-</span> 
     </span>
     <span class='ocr_line' id='line_1_49' title="bbox 1120 1671 1803 1712; baseline -0.001 -10"><span class='ocrx_word' id='word_1_276' title='bbox 1120 1672 1212 1702; x_wconf 85' lang='lat' dir='ltr'>clara</span> <span class='ocrx_word' id='word_1_277' title='bbox 1224 1672 1406 1710; x_wconf 83' lang='lat' dir='ltr'>sententia,</span> <span class='ocrx_word' id='word_1_278' title='bbox 1420 1681 1518 1712; x_wconf 71' lang='lat' dir='ltr'>quau·</span> <span class='ocrx_word' id='word_1_279' title='bbox 1541 1671 1620 1702; x_wconf 87' lang='lat' dir='ltr'>hinc</span> <span class='ocrx_word' id='word_1_280' title='bbox 1635 1674 1803 1701; x_wconf 76' lang='lat' dir='ltr'>mutuatus</span> 
     </span>
     <span class='ocr_line' id='line_1_50' title="bbox 1118 1719 1804 1760; baseline 0 -10"><span class='ocrx_word' id='word_1_281' title='bbox 1118 1725 1172 1751; x_wconf 82' lang='lat' dir='ltr'>est</span> <span class='ocrx_word' id='word_1_282' title='bbox 1198 1721 1230 1750; x_wconf 91' lang='lat' dir='ltr'>S.</span> <span class='ocrx_word' id='word_1_283' title='bbox 1254 1721 1480 1760; x_wconf 82' lang='lat' dir='ltr'>Hieronymus</span> <span class='ocrx_word' id='word_1_284' title='bbox 1501 1719 1651 1751; x_wconf 77' lang='lat' dir='ltr'>scribens</span> <span class='ocrx_word' id='word_1_285' title='bbox 1673 1719 1715 1750; x_wconf 84' lang='lat' dir='ltr'>ad</span> <span class='ocrx_word' id='word_1_286' title='bbox 1731 1719 1804 1750; x_wconf 78' lang='lat' dir='ltr'>1.ae-</span> 
     </span>
     <span class='ocr_line' id='line_1_51' title="bbox 1121 1774 1199 1800; baseline 0.013 -1"><span class='ocrx_word' id='word_1_287' title='bbox 1121 1774 1199 1800; x_wconf 75' lang='lat' dir='ltr'>tam.</span> 
     </span>
    </p>

    <p class='ocr_par' dir='ltr' id='par_1_29' title="bbox 1119 1815 1805 2389">
     <span class='ocr_line' id='line_1_52' title="bbox 1161 1815 1805 1856; baseline -0.003 -9"><span class='ocrx_word' id='word_1_288' title='bbox 1161 1820 1203 1847; x_wconf 80' lang='lat'>70</span> <span class='ocrx_word' id='word_1_289' title='bbox 1230 1818 1319 1852; x_wconf 84' lang='lat' dir='ltr'>Quod</span> <span class='ocrx_word' id='word_1_290' title='bbox 1333 1817 1361 1847; x_wconf 79' lang='lat' dir='ltr'>si</span> <span class='ocrx_word' id='word_1_291' title='bbox 1375 1826 1484 1852; x_wconf 74' lang='lat' dir='ltr'>cessas,</span> <span class='ocrx_word' id='word_1_292' title='bbox 1498 1815 1567 1856; x_wconf 51' lang='grc' dir='ltr'>ζα]</span> <span class='ocrx_word' id='word_1_293' title='bbox 1600 1815 1637 1846; x_wconf 84' lang='lat' dir='ltr'>Si</span> <span class='ocrx_word' id='word_1_294' title='bbox 1659 1815 1755 1855; x_wconf 79' lang='lat' dir='ltr'>piger</span> <span class='ocrx_word' id='word_1_295' title='bbox 1770 1826 1805 1846; x_wconf 77' lang='lat' dir='ltr'>es</span> 
     </span>
     <span class='ocr_line' id='line_1_53' title="bbox 1119 1864 1804 1904; baseline -0.001 -9"><span class='ocrx_word' id='word_1_296' title='bbox 1119 1866 1151 1895; x_wconf 92' lang='lat' dir='ltr'>in</span> <span class='ocrx_word' id='word_1_297' title='bbox 1171 1865 1389 1904; x_wconf 82' lang='lat' dir='ltr'>Philosophiae</span> <span class='ocrx_word' id='word_1_298' title='bbox 1400 1864 1522 1903; x_wconf 88' lang='lat' dir='ltr'>studio,</span> <span class='ocrx_word' id='word_1_299' title='bbox 1537 1873 1602 1894; x_wconf 90' lang='lat' dir='ltr'>non</span> <span class='ocrx_word' id='word_1_300' title='bbox 1617 1864 1804 1903; x_wconf 76' lang='lat' dir='ltr'>expectabo</span> 
     </span>
     <span class='ocr_line' id='line_1_54' title="bbox 1119 1911 1804 1951; baseline 0 -9"><span class='ocrx_word' id='word_1_301' title='bbox 1119 1917 1154 1942; x_wconf 88' lang='lat' dir='ltr'>te</span> <span class='ocrx_word' id='word_1_302' title='bbox 1165 1912 1298 1942; x_wconf 89' lang='lat' dir='ltr'>minime</span> <span class='ocrx_word' id='word_1_303' title='bbox 1311 1913 1477 1942; x_wconf 85' lang='lat' dir='ltr'>valentem</span> <span class='ocrx_word' id='word_1_304' title='bbox 1488 1911 1644 1951; x_wconf 81' lang='lat' dir='ltr'>subsequi</span> <span class='ocrx_word' id='word_1_305' title='bbox 1657 1921 1708 1942; x_wconf 88' lang='lat' dir='ltr'>me</span> <span class='ocrx_word' id='word_1_306' title='bbox 1720 1913 1804 1942; x_wconf 87' lang='lat' dir='ltr'>acri-</span> 
     </span>
     <span class='ocr_line' id='line_1_55' title="bbox 1119 1959 1804 1993; baseline 0 -2"><span class='ocrx_word' id='word_1_307' title='bbox 1119 1970 1220 1991; x_wconf 84' lang='lat' dir='ltr'>orem.</span> <span class='ocrx_word' id='word_1_308' title='bbox 1266 1960 1365 1993; x_wconf 81' lang='lat' dir='ltr'>Quod</span> <span class='ocrx_word' id='word_1_309' title='bbox 1401 1961 1430 1990; x_wconf 87' lang='lat' dir='ltr'>si</span> <span class='ocrx_word' id='word_1_310' title='bbox 1459 1969 1512 1990; x_wconf 90' lang='lat' dir='ltr'>me</span> <span class='ocrx_word' id='word_1_311' title='bbox 1541 1959 1720 1990; x_wconf 79' lang='lat' dir='ltr'>studiosior</span> <span class='ocrx_word' id='word_1_312' title='bbox 1747 1965 1804 1991; x_wconf 87' lang='lat' dir='ltr'>aut</span> 
     </span>
     <span class='ocr_line' id='line_1_56' title="bbox 1120 2007 1803 2049; baseline 0.001 -10"><span class='ocrx_word' id='word_1_313' title='bbox 1120 2009 1325 2048; x_wconf 83' lang='lat' dir='ltr'>ingeniosior</span> <span class='ocrx_word' id='word_1_314' title='bbox 1339 2007 1456 2044; x_wconf 88' lang='lat' dir='ltr'>fueris,</span> <span class='ocrx_word' id='word_1_315' title='bbox 1471 2017 1568 2049; x_wconf 86' lang='lat' dir='ltr'>quem</span> <span class='ocrx_word' id='word_1_316' title='bbox 1586 2009 1717 2048; x_wconf 76' lang='lat' dir='ltr'>assequi</span> <span class='ocrx_word' id='word_1_317' title='bbox 1738 2018 1803 2040; x_wconf 90' lang='lat' dir='ltr'>non</span> 
     </span>
     <span class='ocr_line' id='line_1_57' title="bbox 1123 2056 1804 2098; baseline 0.001 -11"><span class='ocrx_word' id='word_1_318' title='bbox 1123 2057 1259 2096; x_wconf 86' lang='lat' dir='ltr'>possim,</span> <span class='ocrx_word' id='word_1_319' title='bbox 1278 2066 1484 2098; x_wconf 81' lang='lat' dir='ltr'>nequaquam</span> <span class='ocrx_word' id='word_1_320' title='bbox 1501 2056 1658 2088; x_wconf 83' lang='lat' dir='ltr'>invidebo</span> <span class='ocrx_word' id='word_1_321' title='bbox 1672 2057 1732 2088; x_wconf 81' lang='lat' dir='ltr'>tibi</span> <span class='ocrx_word' id='word_1_322' title='bbox 1746 2063 1804 2088; x_wconf 89' lang='lat' dir='ltr'>aut</span> 
     </span>
     <span class='ocr_line' id='line_1_58' title="bbox 1122 2105 1804 2144; baseline 0 -8"><span class='ocrx_word' id='word_1_323' title='bbox 1122 2105 1265 2144; x_wconf 84' lang='lat' dir='ltr'>instabo,</span> <span class='ocrx_word' id='word_1_324' title='bbox 1291 2114 1354 2136; x_wconf 91' lang='lat' dir='ltr'>nec</span> <span class='ocrx_word' id='word_1_325' title='bbox 1377 2105 1464 2136; x_wconf 86' lang='lat' dir='ltr'>ultra</span> <span class='ocrx_word' id='word_1_326' title='bbox 1481 2105 1566 2136; x_wconf 84' lang='lat' dir='ltr'>vires</span> <span class='ocrx_word' id='word_1_327' title='bbox 1583 2113 1670 2136; x_wconf 72' lang='lat' dir='ltr'>meas</span> <span class='ocrx_word' id='word_1_328' title='bbox 1684 2105 1804 2137; x_wconf 86' lang='lat' dir='ltr'>enitar.</span> 
     </span>
     <span class='ocr_line' id='line_1_59' title="bbox 1121 2152 1803 2194; baseline 0 -10"><span class='ocrx_word' id='word_1_329' title='bbox 1121 2152 1324 2184; x_wconf 80' lang='lat' dir='ltr'>Aristoteles</span> <span class='ocrx_word' id='word_1_330' title='bbox 1355 2153 1590 2192; x_wconf 86' lang='lat' dir='ltr'>interrogatus,</span> <span class='ocrx_word' id='word_1_331' title='bbox 1614 2161 1678 2194; x_wconf 85' lang='lat' dir='ltr'>quo</span> <span class='ocrx_word' id='word_1_332' title='bbox 1702 2159 1803 2194; x_wconf 81' lang='lat' dir='ltr'>pacto</span> 
     </span>
     <span class='ocr_line' id='line_1_60' title="bbox 1121 2201 1802 2242; baseline 0 -10"><span class='ocrx_word' id='word_1_333' title='bbox 1121 2202 1275 2242; x_wconf 87' lang='lat' dir='ltr'>discipuli</span> <span class='ocrx_word' id='word_1_334' title='bbox 1289 2202 1423 2242; x_wconf 77' lang='lat' dir='ltr'>egregie</span> <span class='ocrx_word' id='word_1_335' title='bbox 1437 2201 1652 2242; x_wconf 78' lang='lat' dir='ltr'>proficerent,</span> <span class='ocrx_word' id='word_1_336' title='bbox 1669 2211 1802 2242; x_wconf 82' lang='lat' dir='ltr'>respon-</span> 
     </span>
     <span class='ocr_line' id='line_1_61' title="bbox 1120 2250 1801 2290; baseline -0.001 -9"><span class='ocrx_word' id='word_1_337' title='bbox 1120 2250 1189 2281; x_wconf 86' lang='lat' dir='ltr'>dit:</span> <span class='ocrx_word' id='word_1_338' title='bbox 1215 2250 1270 2280; x_wconf 91' lang='lat' dir='ltr'>‘Si</span> <span class='ocrx_word' id='word_1_339' title='bbox 1301 2259 1399 2280; x_wconf 88' lang='lat' dir='ltr'>cursu</span> <span class='ocrx_word' id='word_1_340' title='bbox 1423 2253 1623 2289; x_wconf 71' lang='lat' dir='ltr'>praestantes</span> <span class='ocrx_word' id='word_1_341' title='bbox 1649 2251 1801 2290; x_wconf 87' lang='lat' dir='ltr'>prosequi</span> 
     </span>
     <span class='ocr_line' id='line_1_62' title="bbox 1121 2296 1799 2337; baseline -0.003 -7"><span class='ocrx_word' id='word_1_342' title='bbox 1121 2297 1292 2337; x_wconf 79' lang='lat' dir='ltr'>studeant,</span> <span class='ocrx_word' id='word_1_343' title='bbox 1323 2296 1486 2328; x_wconf 85' lang='lat' dir='ltr'>tardiores</span> <span class='ocrx_word' id='word_1_344' title='bbox 1521 2301 1633 2328; x_wconf 77' lang='lat' dir='ltr'>autem</span> <span class='ocrx_word' id='word_1_345' title='bbox 1666 2297 1799 2328; x_wconf 87' lang='lat' dir='ltr'>minime</span> 
     </span>
     <span class='ocr_line' id='line_1_63' title="bbox 1121 2344 1574 2389; baseline -0.015 -8"><span class='ocrx_word' id='word_1_346' title='bbox 1121 2345 1324 2389; x_wconf 75' lang='lat' dir='ltr'>expectent-³</span> <span class='ocrx_word' id='word_1_347' title='bbox 1347 2345 1447 2385; x_wconf 83' lang='lat' dir='ltr'>Diog.</span> <span class='ocrx_word' id='word_1_348' title='bbox 1464 2344 1574 2376; x_wconf 62' lang='lat' dir='ltr'>Laert-</span> 
     </span>
    </p>
   </div>
  </div>
 </body>
</html>
