1904 3256
609 272 879 303 GARM1NUM
916 272 1012 301 mn.
1046 272 1112 301 iv.
1141 262 1182 302 6.
1522 259 1607 301 587

379 367 535 410 Rebus
555 367 711 408 AEneae
730 367 900 421 potiore
919 366 1080 408 ductos

719 432 843 475 Alite
861 446 1026 474 muros.

382 501 550 542 Doctor
570 503 736 552 argutae
756 500 916 541 fidicen
935 499 1106 540 Thalia:
1545 496 1602 537 25

380 567 568 616 Phoebe,
588 567 664 620 qui
684 566 873 608 Xantho
891 567 1009 607 lavis
1029 577 1157 607 amne
1177 564 1336 614 crines,

378 633 570 686 Dauniae
591 633 778 674 defende
799 632 937 674 decus
965 631 1214 681 Camoenae,

723 701 862 742 Levis
881 700 1067 753 Agyieu.

154 815 262 848 AEneae
275 815 429 848 laboribus
443 817 555 848 moenia
561 816 758 854 felicioribus
773 815 924 857 auspiciis
937 818 1109 848 exstructa.
1159 817 1189 847 0
1204 816 1316 856 Apollo
1331 815 1510 853 citharista,
1526 814 1606 846 Tha-

150 857 205 889 1²·oe
226 858 299 891 bene
319 859 460 891 canentis
481 860 634 901 eruditor,
649 859 703 901 qui
720 859 850 891 Xantho
864 858 1001 899 flumine
1028 859 1114 890 lavas
1141 859 1283 899 capillos,
1305 858 1449 890 imberbis
1468 857 1609 898 Agyieu,

753 953 993 966 OO‘OO‘OOO‘OO

149 1017 252 1058 eruq.
267 1021 304 1050 et
319 1018 499 1050 Pulmanni
515 1018 656 1051 Beller.'
677 1020 852 1051 Juvat—25
878 1020 887 1038 ‘
907 1020 1030 1051 Ductor
1051 1022 1121 1050 tres
1138 1018 1301 1050 Torrent.
1318 1016 1469 1049 Bentleii
1485 1017 1606 1057 Regin.

147 1064 185 1091 et
199 1060 344 1100 vigum.
366 1061 459 1101 Lips.
474 1064 506 1093 2.
523 1072 542 1092 a
558 1072 604 1093 m.
623 1071 673 1103 pr.
689 1068 724 1094 et
742 1063 835 1103 Lips.
848 1065 880 1094 4.
925 1062 1108 1093 Torrentio
1124 1061 1223 1093 valde
1244 1061 1372 1093 arridet
1392 1060 1470 1091 haec
1490 1061 1607 1099 lectio,

149 1101 194 1133 ob
209 1107 324 1134 uotam
341 1104 606 1144 appellationem
621 1100 791 1146 Apollinis
807 1103 1028 1144 Μουσηγέτου.
1073 1104 1142 1135 Sed
1159 1104 1304 1144 primum
1321 1103 1437 1134 durius
1454 1101 1533 1134 ideo
1557 1103 1608 1133 di-

150 1149 288 1177 ceretur
308 1145 459 1177 Phoebus
484 1146 606 1178 ductor
621 1148 772 1186 Thaliae3
798 1147 923 1178 deinde
950 1147 992 1178 ad
1019 1147 1225 1178 sententiam
1253 1145 1512 1178 convenientior
1537 1145 1568 1175 h.
1584 1145 1608 1175 1.

148 1187 244 1219 notio
267 1187 428 1229 doctoris,
452 1198 551 1229 quam
576 1189 751 1228 ductoris;
774 1189 922 1231 deniqne
946 1190 1113 1228 ingratum
1135 1190 1237 1220 etiam
1259 1189 1382 1220 Ductor
1398 1187 1515 1218 statim
1533 1192 1610 1227 post

148 1228 270 1260 Butos
283 1239 335 1261 vs.
348 1233 402 1261 23.
450 1231 599 1270 Argum,
621 1232 643 1262 i.
661 1241 692 1262 e.
710 1241 859 1271 canorae,
879 1233 956 1272 (ιιι.
973 1232 1042 1262 Od.
1060 1235 1112 1263 14.
1129 1231 1199 1272 21.)
1215 1231 1364 1270 vulgaris
1380 1230 1494 1260 lectio.
1540 1228 1608 1260 Sed

149 1270 283 1310 Argiuoe
298 1277 368 1302 tres
383 1273 542 1303 Tou-rent.
557 1273 709 1304 Bentleii
725 1273 840 1305 Graev.
858 1277 893 1304 et
910 1273 1006 1304 Leid.
1021 1283 1085 1313 pro
1103 1283 1172 1305 var.
1185 1275 1266 1304 lect.
1282 1273 1374 1312 Lips.
1386 1274 1417 1303 3.
1434 1274 1466 1303 4.
1491 1272 1609 1302 Burm.

148 1313 237 1345 Sivr.
283 1313 431 1345 Mirifice
458 1314 562 1346 etiam
589 1314 748 1346 Bentleio
777 1315 903 1355 placet.
949 1316 1012 1346 Est
1034 1315 1122 1346 haud
1146 1315 1248 1346 dubie
1276 1316 1376 1346 unice
1394 1323 1473 1344 vera
1490 1314 1607 1354 lectio,

149 1365 226 1396 quae
242 1360 279 1386 et
294 1356 555 1395 pulcherrimam
573 1357 761 1387 antithesin
777 1356 942 1396 proferat,
958 1362 992 1387 et
1010 1357 1052 1387 ad
1070 1358 1249 1387 sententiae
1266 1357 1475 1396 elegantiam
1491 1365 1610 1386 neces-

148 1396 240 1428 saria
265 1397 321 1428 sit.
364 1397 480 1434 Facile
496 1407 540 1428 ex
554 1398 709 1436 Argumoe
730 1398 765 1428 in
786 1398 868 1429 Mss.
892 1396 1022 1428 factum
1047 1397 1206 1436 Arg-utera!
1230 1398 1322 1430 Jani.
1368 1398 1476 1427 Porro
1493 1398 1610 1436 Argea:

148 1437 284 1470 emend.
299 1439 445 1480 Cuning.
473 1439 599 1469 Sanad.
620 1444 656 1470 et
682 1438 732 1470 sic
758 1440 862 1470 etiam
878 1439 1016 1470 Towers
1033 1444 1068 1471 et
1086 1439 1327 1470 Francis.—26
1352 1438 1610 1470 Comnientator

148 1481 303 1522 Crnquii,
324 1482 403 1512 lavit
417 1490 506 1514 amne
519 1480 717 1512 crinas—28
741 1481 838 1512 Lenis
862 1480 989 1517 Acron,
1015 1480 1109 1523 (cum
1136 1480 1248 1513 Schol.
1273 1480 1283 1498 ‘
1299 1481 1386 1512 lenis
1402 1480 1436 1511 in
1453 1480 1609 1522 verbis‚’)

146 1527 184 1554 et
199 1522 270 1554 Ait.
282 1525 314 1555 2.
337 1523 446 1555 Loetus
459 1523 636 1564 antiquiss.
653 1523 777 1555 Bland.
790 1523 932 1564 Crnquii
945 1534 954 1562 ;
970 1524 1084 1555 Laevus
1099 1534 1168 1555 var.
1185 1524 1264 1554 lect.
1281 1533 1336 1564 ap.
1349 1523 1468 1555 Jones.
1490 1523 1609 1564 Agieu,

146 1563 272 1607 Agyeu,
297 1565 402 1607 Agens,
426 1565 555 1605 Aginna,
583 1565 722 1607 Agyieu,
744 1565 887 1606 Agineu,
912 1566 1062 1607 Agyllea,
1086 1566 1238 1607 Agilteie,
1255 1565 1427 1597 variantes
1445 1575 1499 1606 ap.
1514 1565 1607 1598 Jani.

145 1607 272 1650 Agyleu
287 1608 426 1640 volebat
441 1608 592 1640 Mancin.
609 1613 773 1650 tanquam
788 1609 831 1641 ab
846 1608 940 1647 ἀγυιὰ
955 1614 991 1640 et
1006 1610 1102 1640 λεῖος.
1149 1609 1250 1650 Cruq.
1275 1607 1484 1650 praeferebat
1507 1609 1609 1648 Agyl-

800 1693 942 1726 NOTAE

149 1780 154 1783 -
188 1761 230 1791 23
251 1758 384 1790 Poliore
394 1758 500 1800 Alite]
526 1759 579 1790 Ex
590 1758 708 1789 alitum
724 1767 844 1798 aspec-

146 1811 184 1839 tu
197 1808 332 1849 captari
343 1808 506 1849 auspicia,
520 1808 601 1839 alibi
614 1808 740 1839 notavi.
767 1808 846 1839 Huc

901 1757 935 1789 in
958 1758 1106 1797 Troade,
1121 1767 1164 1789 ex
1187 1758 1250 1789 Ida
1272 1762 1389 1789 monte
1416 1757 1450 1788 in
1472 1756 1608 1789 Helles·

901 1811 1044 1848 pontum
1064 1806 1230 1847 defluens,
1256 1808 1315 1849 qui
1339 1811 1375 1837 et
1400 1806 1609 1837 Scamander

145 1867 229 1890 vero
244 1862 383 1899 spectat.
397 1857 487 1899 quod
503 1862 668 1888 aeternam
688 1856 763 1888 fore
779 1857 846 1888 Ro-

143 1916 232 1940 mam
246 1907 434 1939 credebant
447 1907 602 1944 Romani,
615 1911 651 1939 et
665 1907 759 1948 apud
771 1907 846 1937 Vir-

145 1957 205 1999 gil.
221 1958 281 1990 cit.
298 1958 348 1989 ita
362 1957 511 1998 spondet
525 1957 685 1998 Jupiter:
708 1957 719 1974 ‘
730 1956 844 1997 Impe-

145 2007 230 2040 rium
247 2008 321 2039 sine
337 2007 403 2038 fine
419 2007 524 2039 dedi?

150 2080 152 2090 2
186 2060 228 2090 25
251 2058 374 2090 Doctor
387 2061 522 2098 argum,
538 2057 609 2098 ξω]
638 2057 760 2089 Placet
774 2057 846 2098 qni-

144 2106 288 2139 busdam
325 2107 462 2145 Ductor,
492 2112 530 2137 nt
566 2106 730 2138 reddatur
764 2106 847 2138 illud

145 2155 345 2188 Graecorum
353 2154 579 2195 Μουσηγέτης.
601 2156 848 2188 Verumtamen

146 2205 236 2237 nihi}
243 2205 391 2238 mutabit
406 2207 515 2238 lector
531 2215 646 2246 sagax.

144 2279 150 2285 .
190 2255 326 2297 Thalioe]
343 2256 411 2287 Pro
421 2256 574 2297 qualibet
585 2257 759 2288 Musarum
771 2257 844 2288 haec

144 2306 295 2347 ponitur,
323 2315 398 2346 quae
423 2305 517 2336 dicta
540 2306 602 2336 ἀπὸ
625 2307 682 2338 τοῦ
703 2306 844 2343 θάλλειν,

134 2357 277 2398 florere5
299 2355 390 2397 qnod
412 2355 538 2387 Poetae
554 2355 660 2388 faciat
680 2358 790 2398 gloria
810 2363 845 2390 et

144 2404 234 2438 fama
247 2404 424 2437 florentes.

123 2480 126 2483 Α
187 2458 231 2488 26
255 2456 320 2492 ραι·
350 2456 482 2487 Xantho
511 2456 591 2488 lauis
617 2466 707 2488 amne
726 2457 844 2498 mines]

143 2505 199 2537 Sic
213 2514 269 2538 ιιι.
285 2505 353 2538 0d.
369 2509 401 2538 4.
423 2509 432 2525 ⁴
450 2507 518 2540 Qui
538 2516 612 2539 rore
628 2516 713 2548 puro
726 2508 845 2539 Casta·

143 2554 200 2587 lin
214 2555 298 2587 lavit
310 2555 430 2588 Crines
442 2555 592 2588 solutos:
624 2556 774 2597 Capillos
786 2566 844 2587 an-

145 2605 230 2647 tiqui
244 2607 279 2638 in
294 2606 406 2638 fluviis
428 2611 487 2638 aut
501 2606 654 2639 fontibus
672 2606 843 2643 lavabant,

146 2663 207 2692 aea
234 2656 410 2688 munditiei
448 2666 508 2688 seu
546 2658 666 2689 nitoris
698 2656 844 2697 augendi

148 2712 260 2735 causa.
301 2706 426 2739 Sensus
450 2708 565 2748 itaque
594 2711 667 2738 est:
693 2708 762 2740 Qui
785 2706 844 2737 do-

148 2753 286 2785 minaris
298 2755 340 2786 iis
351 2757 544 2796 regionibus
555 2767 637 2798 quas
650 2757 739 2798 rigat
750 2757 844 2789 Xan-

149 2803 236 2837 thus.
278 2803 387 2836 Porro
410 2805 566 2840 Xanthus
589 2807 734 2849 duplex:
759 2808 846 2839 alter

901 1857 1099 1897 appellatur
1114 1866 1134 1888 a
1148 1857 1328 1888 nonnullis.
1375 1856 1499 1896 Neque
1518 1857 1608 1887 hunc

901 1906 1095 1948 intelligere
1110 1907 1190 1938 istic
1207 1907 1290 1938 licet
1305 1918 1312 1937 :
1336 1906 1506 1947 siquidem
1517 1905 1550 1936 in
1567 1916 1609 1936 ea

900 1957 1039 2000 regione
1054 1956 1179 1998 Apollo
1195 1966 1263 1988 non
1280 1956 1473 1988 colebatur.
1505 1954 1608 1987 Alter

902 2007 1055 2048 ejusdem
1072 2007 1218 2038 nominis
1234 2006 1356 2038 fluvius
1370 2011 1424 2038 est
1439 2006 1473 2037 in
1491 2006 1608 2046 Lycia,

903 2067 922 2089 e
937 2062 1052 2089 monte
1064 2057 1194 2089 Cadmo
1207 2057 1406 2095 scaturiens,
1419 2057 1608 2088 Xanthum·

903 2117 969 2149 que
987 2107 1108 2139 urbem
1132 2107 1333 2146 interluens,
1357 2107 1513 2138 Glaucus
1536 2106 1608 2137 Pli-

903 2158 972 2197 nio,
985 2157 1148 2189 Straboni
1162 2157 1270 2188 Sirbis
1283 2156 1410 2196 dictus,
1425 2157 1527 2197 vulgo
1544 2157 1608 2188 eti-

902 2217 956 2238 am
983 2207 1093 2244 Sirbi;
1126 2215 1225 2248 quem
1258 2215 1339 2238 sane
1368 2206 1527 2247 designat
1553 2206 1606 2238 hic

899 2257 1081 2296 Horatius,
1102 2257 1172 2298 qui,
1194 2257 1270 2288 loco
1294 2266 1399 2298 supra
1416 2257 1535 2293 citato,
1564 2256 1607 2287 de

902 2307 1021 2338 eodem
1050 2307 1210 2347 Apolline
1240 2306 1350 2338 dixit:
1379 2308 1388 2324 ‘
1404 2307 1462 2347 qui
1491 2307 1606 2348 Lyciae

901 2361 999 2388 tenet
1022 2355 1184 2387 dumeta:
1229 2356 1314 2386 Sunt
1337 2356 1395 2397 qui
1418 2356 1522 2387 alludi
1546 2365 1606 2397 pu-

902 2411 976 2437 tent
993 2406 1036 2437 ad
1055 2416 1173 2437 vocem
1190 2405 1310 2446 ξανθὸς,
1322 2406 1442 2447 flavus,
1459 2416 1500 2437 eo
1517 2406 1606 2447 quod

902 2456 1071 2497 Apollinis
1085 2455 1176 2488 flava
1192 2457 1350 2488 caesaries
1367 2457 1574 2488 celebretur.

942 2509 983 2538 27
1007 2507 1147 2538 Daunioe
1170 2507 1299 2545 defende
1321 2508 1413 2538 decus
1435 2505 1605 2546 Camoenoe]

900 2557 987 2587 Mihi
1014 2556 1247 2596 patrocinare:
1279 2556 1335 2586 cui
1359 2556 1369 2572 ‘
1387 2555 1544 2595 spiritum
1569 2560 1606 2587 et

900 2606 1060 2637 carminis
1078 2610 1186 2636 artem
1204 2604 1355 2645 dedisti‚’
1380 2606 1390 2622 ⁴
1404 2614 1525 2636 nomen
1537 2604 1544 2618 '
1567 2610 1605 2637 et

899 2656 909 2672 ⁴
927 2655 1051 2687 decus'
1077 2654 1204 2694 tribue,
1226 2653 1387 2694 defende,
1411 2654 1603 2696 amplifica;

901 2705 1098 2747 pariterque
1116 2705 1256 2745 gloriam
1271 2705 1401 2736 Latinae
1417 2704 1573 2746 poeseos.

943 2754 1097 2797 Dauniae]
1120 2755 1198 2794 Vel,
1212 2764 1275 2796 per
1288 2755 1544 2797 Synecdochen,
1554 2756 1605 2787 in-

902 2807 1017 2848 tellige
1043 2810 1149 2838 totam
1173 2805 1321 2848 Italiam,
1337 2806 1436 2848 cujus
1456 2815 1535 2847 pars
1549 2810 1602 2838 est
