1930 3242
593 280 867 312 SERMONUM
904 281 999 311 mn.
1030 280 1085 312 11.
1105 270 1156 319 3.
1516 270 1599 313 967

161 371 197 422 {I
220 373 441 415 Deficient
459 374 635 428 inopem
657 387 779 416 venae
798 378 855 425 te,
875 375 921 416 ni
942 375 1068 417 cibus
1087 378 1217 429 atque

160 439 318 493 Ingens
339 441 524 482 accedat
541 442 771 483 stomacho
791 442 954 484 fultura
974 443 1134 483 ruenti.

160 505 230 547 Tu
251 507 434 547 cessas?
464 506 649 560 agedum
672 520 796 548 sume
817 508 899 549 hoc
921 508 1208 561 ptisanarium
1229 519 1384 562 oryzae.
1517 509 1602 550 155

161 571 197 621 ἹῙ
215 571 382 623 Quanti
398 575 554 615 emtae'?
591 573 626 622 Ἡ
645 574 805 615 Parvo.
846 575 882 623 ῚῙ
901 574 1066 626 Quanti
1086 575 1216 628 ergo?
1260 573 1295 623 ἹῘ
1317 573 1600 617 Octussibus.

331 637 368 687 ΊῘ
381 638 525 680 Eheu!

162 705 280 758 Quid
301 705 444 755 refert,
456 707 628 756 morbo,
652 720 705 748 an
725 706 872 756 furtis,
894 699 1125 760 pereainve
1146 705 1343 760 rapinis?

164 847 256 880 Vm
270 852 301 880 te
313 849 496 882 imbecillum
509 851 688 889 destituent,
698 850 760 881 nisi
774 851 920 882 alimenta
934 853 964 882 et
973 849 1114 887 fulcrum
1130 850 1262 881 calidum
1274 850 1477 881 adhibeantur
1489 849 1604 882 labenti

158 891 333 922 stomaclw:
355 892 430 932 quid
443 891 600 925 moraris?
621 902 698 931 age.-
721 894 823 932 accipe
835 893 916 924 hunc
925 893 1040 933 pultem
1055 902 1168 933 oryzoe.
1207 892 1327 928 Quanti
1340 895 1461 923 constat
1472 891 1488 924 2²
1527 892 1603 923 Viti.

161 932 294 974 Quanti,
315 933 461 974 inquam?
506 936 585 966 Octo
599 935 727 966 assibus.
774 935 875 974 Eheu,
900 935 973 975 quid
998 935 1139 974 interest,
1154 937 1259 966 uti-um
1272 934 1388 966 moriar
1402 935 1605 974 (egritudine,

764 1041 782 1052 ο
787 1039 839 1050 eoo
843 1038 996 1050 ‘NO‘NO

150 1111 222 1151 ,iam
233 1112 304 1151 J'am
327 1114 448 1152 auferet
472 1115 687 1147 lumea-15⁴
711 1115 781 1147 Pro
804 1116 921 1155 Ingens
943 1115 1057 1147 Bentl.
1080 1115 1170 1156 conj.
1194 1116 1357 1147 Proesens:
1380 1119 1416 1147 et
1441 1124 1519 1146 mox
1543 1124 1604 1156 pro

159 1155 296 1196 accedat,
310 1165 352 1187 ex
368 1157 515 1198 quinque
530 1158 629 1189 codd.
652 1158 848 1197 Pnimannt,
863 1157 971 1191 tribus
988 1158 1199 1196 Bersmanni,
1214 1162 1250 1188 et
1275 1167 1394 1189 novem
1416 1157 1484 1188 suis
1507 1166 1604 1198 repo-

159 1198 225 1228 suit
242 1198 372 1236 accedit,
386 1199 476 1239 quod
493 1199 594 1231 habet
609 1200 710 1231 etiam
732 1200 827 1232 Harl.
844 1203 874 1230 3.
919 1199 1043 1231 lustaus
1065 1201 1182 1231 accedit
1206 1200 1351 1240 Cuning.
1374 1205 1410 1231 et
1432 1199 1604 1230 Sanam.—

159 1241 222 1270 155
246 1239 256 1256 ‘
274 1240 358 1271 Cum
375 1240 514 1282 Cruquii
531 1247 566 1273 et
589 1242 758 1274 Torrentii
787 1241 975 1281 codicibus,
996 1242 1186 1282 Veterique
1211 1242 1414 1282 Scholiaste,
1441 1242 1489 1273 Tu
1508 1250 1606 1272 cessae

158 1281 339 1322 legendum
367 1283 483 1314 censui
508 1293 569 1324 pro
595 1284 679 1320 Quid
702 1287 821 1316 cessas?
842 1290 878 1315 et
899 1284 1003 1315 habet
1019 1284 1202 1325 Emphasin
1223 1284 1370 1324 duplicis
1397 1284 1553 1324 periculi,
1568 1287 1604 1314 et

159 1323 240 1355 vitoe
266 1328 301 1355 et
317 1333 524 1356 nummorum
553 1325 709 1358 scilicet?
732 1326 835 1358 Bait.
883 1326 928 1357 Tu
950 1329 1068 1357 cessas?
1091 1326 1192 1357 etiam
1222 1325 1318 1357 Harl.
1340 1329 1372 1356 2.
1398 1329 1429 1357 3.
1455 1328 1487 1357 4.
1511 1328 1543 1357 6.
1567 1330 1604 1356 et

157 1374 274 1396 omnes
300 1365 460 1406 Gesneri,
481 1367 584 1408 Cruq.
609 1368 768 1400 Torrent.
793 1367 911 1399 Heius.
938 1367 980 1398 R.
1004 1369 1119 1407 Steph.
1146 1367 1258 1398 Bond.
1280 1368 1454 1399 Schrevel.
1479 1367 1602 1407 Delph.

157 1407 320 1448 Dunster,
344 1407 458 1439 Bentl.
482 1408 607 1439 Sanad.
634 1409 788 1447 Francis,
812 1408 996 1444 Heindorf,
1022 1410 1129 1440 Gesn.
1154 1409 1261 1441 Zeun.
1286 1410 1427 1450 Bipont.
1457 1409 1602 1440 Wetzel.

157 1448 294 1480 Wakef.
310 1449 427 1481 Comb.
442 1453 477 1480 et
494 1450 708 1482 Kidd.—l56
733 1451 851 1486 Quanti
866 1454 1000 1490 emptum
1026 1451 1170 1490 Cuning.
1195 1455 1231 1482 et
1252 1451 1376 1482 Sanad.
1422 1452 1432 1468 ‘
1448 1450 1602 1481 Lambini

155 1489 221 1521 hoc
236 1489 367 1522 facinus
381 1496 447 1532 est,
471 1491 550 1523 Octo
572 1492 715 1530 assibm;
737 1493 793 1533 qui
810 1493 949 1532 explosa
972 1498 1088 1524 vetere
1111 1492 1257 1524 lectione
1276 1493 1458 1524 Octussibus
1477 1492 1602 1532 primus

134 1565 138 1573 ¹
154 1531 254 1572 huuc,
262 1542 337 1574 qnae
354 1542 444 1565 nuuc
460 1534 582 1574 passim
601 1534 851 1574 circumfertur,
862 1535 893 1565 in
907 1535 980 1575 ejus
996 1535 1111 1566 sedem
1127 1535 1266 1566 intrusit
1278 1536 1454 1576 :ineptam
1471 1534 1604 1566 scilicet

156 1575 299 1606 alteram
327 1581 364 1607 et
389 1582 584 1617 corruptam
611 1577 799 1618 clamitans,
826 1577 952 1618 quippe
975 1576 1150 1608 ‘octusse'
1174 1586 1312 1608 numero
1334 1577 1509 1618 singulari,
1535 1585 1603 1607 non

157 1617 168 1634 ‘
185 1617 397 1649 octussibus'
413 1627 551 1651 numero
567 1618 795 1650 multitudinis
811 1619 940 1651 dictum
956 1619 1161 1658 oportuisse.
1196 1619 1299 1650 Hunc
1315 1623 1504 1660 sequuntur
1516 1618 1603 1649 Cru-

157 1659 256 1700 quius
270 1660 550 1701 Torrentiusque,
573 1661 638 1692 etsi
665 1661 762 1692 inviti
789 1660 1033 1702 quodammodo
1054 1665 1088 1691 et
1111 1665 1352 1700 repugnantes.
1397 1661 1454 1692 Ita
1468 1659 1603 1691 demum

158 1701 286 1741 evenit,
299 1706 349 1738 ut,
365 1703 454 1744 quod
477 1703 742 1743 germanissimae
760 1702 953 1734 Latinitatis
971 1707 1006 1733 et
1022 1702 1146 1733 nativae
1168 1702 1346 1742 elegantiae
1370 1708 1436 1742 est,
1458 1701 1602 1741 indiguis

155 1742 266 1774 modis
282 1745 378 1785 quasi
394 1743 490 1776 furca
505 1745 582 1776 liinc
598 1746 795 1786 ejiceretur.
841 1745 913 1776 Nos
930 1753 990 1784 pro
1006 1754 1099 1775 more
1115 1749 1151 1776 et
1168 1754 1274 1784 penso
1290 1749 1405 1776 nostro
1421 1753 1602 1785 pergemus

155 1783 200 1816 de
215 1785 360 1817 Horatio
377 1786 462 1818 bene
477 1788 621 1826 mereri;
644 1792 678 1818 et
697 1797 809 1818 veram
826 1787 1018 1822 lectionem,
1042 1787 1254 1827 negligentia
1275 1787 1503 1826 interpretum
1525 1795 1603 1826 pro-

155 1826 274 1868 ditam,
288 1829 493 1869 postliminio
510 1829 740 1860 revocabimus
754 1839 762 1859 :
782 1829 902 1864 Quanti
917 1827 1031 1860 emtoe?
1051 1838 1147 1868 parvo
1157 1839 1167 1859 .·
1183 1829 1292 1868 quanti
1307 1832 1401 1868 ergo?
1414 1829 1603 1860 actussibase

154 1867 270 1901 Bentl.
315 1869 371 1902 Its
382 1880 498 1902 omnes
515 1870 588 1902 fere
603 1871 703 1903 codd.
718 1875 754 1902 et
769 1871 847 1902 edd.
864 1872 1077 1911 πων-157
1101 1871 1208 1901 Codd.
1226 1880 1280 1910 sp.
1295 1870 1412 1902 Lamb.
1428 1880 1512 1902 [inus
1521 1871 1601 1901 Vnt.

157 1910 492 1946 Rain.card.Jann‚
509 1917 543 1944 et
567 1914 708 1945 Tomes.
729 1922 919 1953 pereamque.
966 1912 1034 1943 Alii
1062 1912 1160 1944 codd.
1185 1917 1220 1944 et
1245 1912 1323 1944 edd.
1338 1912 1491 1954 quaedam
1515 1917 1602 1943 vett.

159 1958 238 1985 ante
253 1954 369 1987 Lamb.
388 1964 561 1997 pereamne.
605 1955 756 1987 Bentleii
773 1955 912 1996 RegiuS,
927 1954 1113 1992 Galeanus,
1129 1960 1166 1986 et
1181 1954 1336 1995 Magdal.
1360 1954 1458 1986 Harl.
1472 1957 1503 1986 2.
1518 1956 1549 1985 3.
1571 1957 1603 1986 4.

159 1996 192 2026 6.
214 1995 258 2027 nl.
274 2003 310 2028 et
333 1996 412 2029 edd.
436 2003 564 2030 recent.
583 2007 753 2038 pereumee.
798 1998 941 2038 Cuuing.
963 2002 1000 2028 et
1020 1996 1147 2030 Sanad.
1173 2006 1310 2038 peream,
1330 2006 1410 2029 anne
1430 1997 1603 2039 rapinis.—

810 2113 842 2145 N
848 2112 952 2145 01¹AE

201 2201 262 2230 155
285 2198 514 2240 Ptisanarium]
538 2198 786 2231 Diminutivum
799 2202 852 2230 est

159 2257 179 2281 n
194 2249 341 2290 ptisana.
370 2248 401 2280 A
412 2248 567 2290 πτίσσειν,
578 2250 709 2290 pinsere,
718 2250 850 2281 decorti-

905 2198 981 2231 deo.
998 2198 1121 2241 Oryzae
1129 2199 1264 2241 quidem
1273 2198 1356 2232 folia
1363 2210 1517 2241 carnosa,
1525 2210 1602 2242 por-

905 2259 943 2281 ro
959 2249 1093 2286 similia,
1114 2250 1173 2281 sed
1201 2250 1342 2282 latiora:
1373 2251 1519 2282 altitudo
1542 2261 1601 2283 cu-

157 2307 239 2339 σαι-ι,
251 2303 306 2331 est
319 2298 454 2338 πτισάνη
470 2300 522 2331 νέΙ
537 2298 705 2338 mmcd-m,
713 2299 852 2339 ptisana,

157 2357 218 2381 seu
231 2347 394 2381 hordeum
410 2349 534 2390 pistum
547 2353 583 2381 et
597 2358 616 2380 a
630 2349 759 2380 cortice
774 2358 850 2389 pur-

158 2404 288 2439 getum,
312 2398 402 2431 unde
424 2398 463 2430 fit
485 2399 559 2440 puls
575 2400 695 2440 optimi
710 2403 746 2430 et
762 2398 851 2430 salu-

156 2444 227 2478 bris
247 2447 353 2488 succi,
375 2448 606 2480 restaurandis
637 2448 766 2479 viribus
796 2458 850 2480 ac-

159 2496 375 2530 commodati.
396 2498 518 2530 Galen.
534 2499 597 2530 'lib.
614 2508 638 2530 1.

206 2545 335 2586 Oryzoe]
357 2547 410 2578 Ex
427 2557 540 2589 oryza,
557 2548 648 2580 Gall.
671 2549 713 2579 du
735 2547 795 2586 ris,
811 2546 852 2578 fit

163 2593 303 2634 puriter,
316 2598 354 2626 ut
367 2603 411 2626 ex
425 2595 541 2628 hordei
555 2596 678 2634 farina,
700 2597 775 2637 puls
800 2606 853 2627 sa·

162 2644 263 2675 nitati
280 2645 447 2684 perutilis.
470 2647 556 2678 Plin.
574 2656 684 2680 xviii.
700 2651 730 2679 ⁷.
752 2648 761 2665 ‘
776 2647 852 2678 Indi

161 2693 306 2726 maxime
317 2694 449 2734 quidem
457 2705 558 2737 oryza
564 2697 713 2738 gaudent
723 2698 855 2736 Italica,

161 2744 235 2784 (Al.
250 2748 285 2776 ut
306 2745 410 2785 Italis)
435 2755 453 2776 e
477 2756 543 2787 qua
565 2748 729 2788 ptisanam
750 2748 851 2780 conti-

162 2794 268 2834 ciunt,
283 2802 382 2835 qnam
402 2794 698 2835 reliquimortales
718 2805 760 2827 ex
775 2797 850 2828 lior-

904 2299 1030 2339 bitalis‚
1043 2298 1106 2332 flos
1126 2308 1327 2342 purpureus,
1343 2300 1441 2332 radix
1457 2310 1599 2341 gemmae

904 2351 1151 2383 rotunditatis!

947 2402 1010 2431 156
1033 2401 1154 2436 Quanti
1179 2401 1286 2442 emtoe]
1307 2401 1463 2432 Adverte
1485 2401 1601 2433 sordes

903 2450 996 2481 avari
1018 2450 1226 2491 moribundi,
1242 2451 1318 2492 plus
1339 2448 1475 2490 quidem
1495 2449 1599 2481 etiam

905 2503 977 2530 tum
1008 2500 1100 2530 anxii
1125 2500 1168 2531 de
1192 2499 1304 2540 pretio
1328 2498 1468 2529 remedii
1485 2507 1602 2531 neces-

906 2550 985 2580 sarii
1000 2549 1042 2581 ad
1058 2550 1213 2589 salutem,
1229 2558 1326 2590 quam
1339 2548 1382 2579 de
1398 2549 1538 2589 propria
1550 2558 1601 2581 sa-

905 2599 990 2630 lute.

953 2647 1134 2678 Octussibus
1152 2647 1250 2688 [Octo
1266 2647 1400 2688 assibus]
1422 2647 1479 2680 Al.
1502 2652 1601 2680 octus-

907 2697 1002 2728 sibue.
1047 2696 1183 2729 Gallica
1202 2702 1340 2729 moneta
1364 2697 1499 2729 circiter
1518 2699 1601 2730 deux

906 2747 965 2778 sols
977 2746 1033 2778 dix
1048 2746 1181 2778 deniers.
