1890 3256
604 336 958 368 EPISTOLARUM
996 337 1093 367 Lm.
1125 335 1160 367 1.
1189 324 1232 366 8.

1529 321 1640 367 ‘1125'

183 430 319 481 Quod
338 434 381 473 te
401 445 481 486 per
501 431 693 474 Genium
714 432 999 486 dextramque
1019 431 1234 485 Deosque
1250 431 1445 472 Penates

186 496 383 540 Obsecro
399 504 444 540 et
463 500 670 549 obtestor,
690 500 796 540 vitae
815 511 885 540 me
906 498 1039 540 redde
1062 498 1213 551 priori.

1585 496 1643 538 95

184 563 222 612 ῚῘ
245 563 338 614 Qui
358 565 493 606 semel
508 566 923 619 aspexitquantum
946 561 1132 606 dimissa
1152 563 1307 618 petitis

185 629 422 681 Praestent,
444 635 611 673 mature
630 632 795 683 redeat,
817 636 1070 687 repetatque
1090 632 1262 673 relicta.

186 695 334 738 Metiri
354 710 401 738 se
421 710 642 751 quemque
663 711 746 740 suo
767 698 943 740 modulo
965 710 1018 739 ac
1040 697 1172 751 pede,
1193 710 1342 739 verum
1365 700 1447 738 est.

183 814 261 844 rogo
281 815 338 845 per
353 805 501 844 Genium,
515 810 546 837 et
560 808 719 846 dextram,
735 805 928 848 Penatesque
943 808 1040 846 Deos,
1055 811 1091 839 ut
1105 807 1255 839 restituas
1268 817 1316 837 me
1333 807 1446 847 priscoe
1460 806 1644 838 conditioni.

188 847 298 887 ltaque
315 846 368 878 ubi
388 849 525 888 primum
549 849 664 888 aliquis
683 851 813 888 ognovit
835 854 985 889 quantum
1008 849 1120 880 relicta
1139 850 1319 888 prcecellant
1334 848 1520 888 concupitis,
1535 849 1647 880 statim

183 892 371 928 revertatur,
395 900 432 921 αι·
457 894 594 922 resumat
620 891 762 925 dimissa.
807 891 945 932 AEquum
964 894 1011 922 est
1025 891 1108 922 enim
1129 894 1164 922 ut
1183 901 1215 922 se
1238 891 1364 931 quisque
1382 899 1438 923 sua
1455 900 1602 922 mensura
1616 894 1647 922 et

181 932 259 970 pede
273 932 432 963 metiatur.

793 980 1036 997 ‘Oeeeeeeoeoe

186 1036 391 1070 Comb-—94
417 1037 509 1074 Quod
530 1041 562 1069 te
582 1047 640 1078 per
658 1038 802 1077 genitum
821 1036 1054 1069 Sclioenborn.
1078 1039 1199 1069 2.-96
1223 1037 1289 1072 Qui
1308 1037 1403 1069 simul
1420 1047 1452 1069 α.
1467 1047 1498 1078 q.
1514 1038 1648 1071 demissa

185 1079 371 1121 Bamberg.
387 1085 423 1111 et
438 1080 671 1112 Schoenborn.
687 1082 717 1112 2.
733 1082 765 1111 3.
781 1083 901 1112 4.-97
925 1080 1091 1112 Proestant
1105 1080 1187 1112 Vat.
1203 1079 1302 1111 Rom.
1316 1081 1346 1110 1.

843 1164 876 1195 N
881 1164 991 1196 0⁷1*AE

228 1231 271 1261 94
306 1228 459 1270 Genium]
490 1228 687 1260 Praesidens
717 1229 888 1261 natalibus

187 1289 324 1312 numen.

229 1329 381 1370 Penates]
407 1330 498 1360 Deos
523 1330 654 1370 patrios
670 1339 710 1360 ac
727 1329 890 1361 domesti-

186 1388 258 1420 cos,
271 1388 414 1421 quorum
430 1383 504 1410 erat
521 1379 640 1419 religio
662 1379 888 1411 sanctissima.

187 1429 256 1462 Qui
281 1438 362 1461 vero
388 1428 436 1460 illi
460 1427 601 1468 fuerint,
628 1428 717 1459 haud
743 1432 889 1460 constat.

186 1477 256 1510 Alii
290 1482 446 1510 statuunt
481 1478 619 1517 Jovem,
645 1477 828 1518 Junonem,
854 1482 891 1510 et

185 1528 401 1560 Minervam:
424 1528 483 1559 alii
500 1528 700 1568 Neptunum
726 1532 764 1560 et
785 1526 891 1569 Apol-

187 1578 291 1610 linem
306 1588 315 1610 :
338 1578 394 1610 alii
409 1579 532 1610 coelum
545 1583 580 1610 et
598 1582 740 1618 terram,
756 1580 821 1610 ὅτε.

229 1627 461 1670 uestramque]
489 1628 578 1659 Plin.
594 1636 636 1659 ιι.
655 1630 708 1659 45.
745 1628 755 1645 ‘
770 1626 890 1664 Inest,’

187 1677 310 1719 inquit,
325 1683 335 1696 ¹
350 1678 495 1710 hominis
509 1678 640 1709 dextrae
658 1677 816 1719 quaedam
836 1687 889 1709 re-

185 1727 282 1767 ligio,
292 1727 531 1759 observatione
543 1726 720 1767 gentium!
742 1727 801 1758 Sic
811 1727 890 1758 Vir-

188 1777 249 1818 gil,
270 1777 405 1810 AEneid.
427 1787 479 1810 ιν.
503 1780 580 1810 314.
619 1778 629 1795 ‘
647 1777 718 1810 Per
745 1786 808 1818 ego
831 1777 891 1809 bas

186 1828 367 1869 lacrymas,
377 1828 602 1868 dextramque
616 1826 729 1859 tuam)
752 1828 799 1858 Et
812 1827 889 1859 AEn.

187 1889 254 1912 vn.
269 1882 345 1912 234.
389 1880 399 1897 ‘
417 1879 486 1911 Per
500 1880 656 1912 dextram
672 1879 790 1912 AEneae
809 1880 889 1921 juro

942 1229 1168 1269 dextramque
1185 1218 1384 1271 pote‘nteml

986 1282 1029 1311 96
1061 1279 1125 1315 Qui
1154 1281 1248 1311 semel
1274 1279 1413 1320 aspexit,
1442 1278 1514 1320 Bra]
1556 1278 1647 1310 Haec

943 1329 1048 1370 aliqui
1070 1328 1165 1360 dicta
1189 1329 1308 1360 volunt
1331 1339 1351 1360 a
1374 1328 1538 1370 Philippo
1561 1329 1647 1360 Vul-

943 1379 1004 1411 teii
1033 1379 1148 1410 Menae
1177 1379 1263 1410 votis
1289 1379 1546 1420 respondente:
1582 1388 1648 1419 ego

944 1437 1039 1468 vero,
1061 1429 1104 1459 ab
1126 1428 1274 1460 Horatio
1302 1428 1395 1470 apud
1419 1429 1648 1460 Maecenatem

945 1484 1143 1521 perorante.

987 1532 1029 1561 98
1052 1529 1167 1561 Metiri
1188 1538 1222 1561 se
1236 1539 1385 1570 quemque
1406 1539 1461 1560 suo
1476 1530 1558 1562 mod.
1577 1528 1650 1570 δῖα]

946 1580 1064 1612 Debet
1093 1580 1327 1622 unumquisque
1357 1579 1506 1620 seipsum
1537 1588 1650 1619 nosse,

945 1638 986 1661 ac
1010 1629 1191 1670 pervidere
1218 1637 1373 1671 quoenam
1403 1628 1468 1659 sibi
1498 1628 1650 1660 conditio

945 1679 1160 1721 potissimum
1192 1679 1376 1710 conveniat
1403 1678 1444 1710 ad
1474 1678 1574 1710 beate
1602 1678 1650 1710 vi·

945 1729 1103 1762 vendum.
1156 1729 1213 1761 Sic
1228 1728 1337 1762 ferme
1353 1728 1494 1760 Persius
1523 1729 1556 1759 in
1583 1727 1651 1760 fine

944 1780 1017 1812 Sat.
1038 1789 1090 1812 iv.
1136 1781 1146 1798 ‘
1163 1780 1292 1814 Tecum
1322 1779 1458 1819 habita;
1491 1784 1527 1812 et
1552 1779 1649 1811 *noris

946 1840 1046 1873 quam
1062 1830 1108 1862 sit
1118 1830 1181 1862 tibi
1196 1835 1294 1863 curta
1309 1830 1490 1872 supellex.'

679 2015 992 2058 EPISTOLA
1022 2015 1164 2059 VIII.

556 2117 624 2146 AD
658 2115 857 2146 censum
891 2115 1286 2147 ALBINOVANUM.

192 2196 358 2244 punitur
383 2205 420 2227 se
446 2194 670 2227 melancholia
694 2194 859 2226 laborare.
883 2193 985 2226 Baxt.
1035 2193 1176 2232 Scribit,
1200 2203 1237 2224 se
1263 2202 1434 2225 morosum
1458 2193 1655 2236 hypochon-⁴

223 2249 385 2283 „airiacum
408 2249 517 2280 miuus
541 2248 653 2279 animo
670 2248 797 2287 valere,
813 2252 917 2289 atque
940 2247 1097 2278 hortatur
1123 2246 1275 2286 Celsum,
1298 2251 1337 2279 ut
1358 2246 1499 2279 Tiberio
1524 2247 1655 2279 Neroni

235 2302 378 2344 ejusque
393 2302 576 2334 comitibus
598 2300 739 2332 studeat
761 2301 913 2342 placere,
929 2299 1180 2342 fortunamque,
1198 2310 1262 2342 qua
1286 2304 1417 2342 utatur,
1432 2300 1481 2332 ita
1496 2299 1598 2338 ferre,
1616 2306 1654 2334 ut

235 2356 389 2390 homines
404 2356 448 2388 de
465 2365 505 2388 eo
523 2356 609 2386 bene
624 2355 837 2386 existiment.

195 2432 358 2475 Cssuso
379 2430 570 2485 gaudere
591 2434 634 2471 et
659 2430 770 2472 bene
788 2442 877 2470 rem
900 2441 1048 2482 gerere
1068 2427 1366 2479 Albinovano,

242 2520 272 2550 Ο
289 2519 397 2559 Musa,
413 2519 504 2551 Celso
517 2519 714 2551 Albinotano
729 2518 836 2550 comiti
851 2522 881 2549 et
895 2517 1008 2550 scribae
1028 2518 1164 2550 Neronis
1176 2517 1335 2558 renuntia,
1350 2526 1465 2557 quoeso,
1478 2517 1611 2549 salutem
1624 2521 1657 2549 et

801 2591 861 2605 m
864 2591 983 2603 'O‘m
986 2591 1046 2604 ‘UO

235 2646 396 2689 Epistola
418 2645 600 2679 undecima
625 2651 661 2680 et
687 2647 806 2679 ultima
833 2646 930 2679 Libri
956 2645 1060 2688 primi
1082 2644 1117 2676 in
1137 2643 1201 2678 Ed.
1222 2643 1348 2677 Sanad.
1391 2643 1597 2677 Inscribitur
1619 2645 1655 2678 iu

852 2731 998 2766 NOTAE

243 2798 260 2827 1
287 2795 376 2828 Celso
396 2796 494 2835 gaud.
516 2794 587 2836 θα]
609 2795 765 2838 Seipsum
780 2797 831 2829 ita
845 2796 899 2828 hie
954 2803 1103 2838 persona
1118 2792 1276 2825 videatur
1293 2801 1437 2834 arguere
1454 2791 1604 2825 levitatis
1620 2796 1657 2824 et

198 2845 310 2879 Poeta
333 2846 566 2888 reprehendit,
582 2851 620 2879 ut
637 2847 773 2880 Celsum
788 2848 823 2880 in
839 2857 901 2881 sua
956 2844 1180 2888 arrogantiae:
1204 2852 1307 2887 quem
1332 2852 1446 2886 supra,
1468 2842 1495 2876 si
1520 2841 1655 2885 quidem
