1956 3236
625 302 903 337 suasionum
939 301 1034 332 ms.
1069 301 1098 332 r.
1133 290 1176 329 5.
1539 283 1624 325 843

169 406 452 461 LinquimuS,
473 401 617 443 insani
636 399 831 440 ridentes
850 396 1036 451 praemia
1055 393 1230 442 scribae,
1567 388 1624 428 30

169 476 461 521 Praetextam,
482 474 527 511 et
546 469 687 510 latum
707 467 899 514 clavum,
919 474 1163 518 prunaeque
1184 457 1402 501 vatillum.

167 543 222 585 In
246 541 575 583 Mamurrarum
595 534 704 576 lassi
724 533 885 575 deinde
907 532 1016 573 urbe
1034 541 1276 578 manemuS,

164 670 277 702 scriba
289 668 488 708 insanientis,
501 669 703 709 proetextam,
726 666 824 696 latum
839 664 971 702 clavum,
995 664 1025 692 et
1052 660 1194 691 batillum
1215 657 1313 699 ignis.
1356 656 1474 688 Postea
1487 644 1628 693 fatigati

774 745 1013 761 OONOOOOOOOO

164 819 272 859 magis
292 817 476 850 convenit?
502 817 732 848 Tonante-36
754 814 856 846 Harl.
871 815 904 844 2.
919 815 952 844 6.
975 811 1075 843 Harl.
1091 812 1125 841 7.
1147 818 1168 840 a
1188 817 1234 839 m.
1261 815 1331 838 sec.
1354 805 1471 837 Zarot.
1486 801 1630 852 Mediol-

165 862 261 894 14⁷⁷.
283 861 424 893 Venett.
441 861 539 892 1479.
563 859 715 890 Florem.
734 860 830 889 1482.
869 855 913 887 R.
929 859 966 886 et
981 854 1026 886 H.
1041 852 1161 892 Steph.
1183 851 1345 890 Rutgers.
1369 848 1487 878 Burm.
1505 846 1627 895 Maitt·

163 903 279 935 Bentl.
307 902 432 935 Sanad.
455 903 626 940 Dunster‚
641 900 818 932 Schrevel.
839 897 949 930 Bond.
971 895 1099 936 Delph.
1117 893 1270 928 Francis,
1286 890 1430 922 Wetzel.
1447 886 1628 938 {iemdorss

166 944 305 978 Wakef.
330 950 367 978 et
392 944 498 977 Kidd.
518 953 688 985 prunaque
713 943 866 974 batillum.
913 937 1046 971 Baruff.
1068 936 1180 978 prunei
1203 935 1357 966 bacillum.
1402 931 1548 964 Quidum
1570 940 1628 971 ap·

825 1025 970 1059 NOTAE

166 1092 254 1127 citur
270 1092 360 1135 quod
377 1096 510 1135 praeeat
531 1092 586 1124 vel
604 1091 724 1133 praesit
733 1091 802 1133 juri
818 1088 868 1122 di-

166 1143 292 1176 cundo.
314 1142 415 1175 Alex.
434 1141 478 1174 ab
494 1141 596 1174 Alex.
613 1151 653 1173 ιι.
671 1145 723 1173 15.

207 1189 248 1218 35
275 1185 389 1217 Insani
415 1185 555 1217 ridentes
582 1184 714 1226 pra-mia
741 1181 870 1222 scriba]

168 1237 285 1269 Romae
313 1235 502 1267 scribarum
526 1233 677 1267 officium
703 1235 808 1266 etiam
831 1233 871 1264 li-

164 1286 310 1319 bertinis
326 1285 482 1327 patebat,
498 1285 654 1326 adeoque
671 1285 740 1316 vile
755 1292 872 1315 cense-

165 1337 291 1369 batur:
308 1340 460 1368 attamen
477 1335 696 1376 magistratus
713 1334 747 1365 in
763 1333 869 1364 muni·

166 1386 264 1428 cipiis
281 1394 375 1426 soepe
391 1394 521 1416 merces
539 1394 579 1415 ac
603 1383 779 1424 praemium
796 1386 871 1414 erat

166 1435 368 1468 scribarum.
391 1433 450 1465 sie
464 1433 620 1465 Aufidius
636 1433 765 1464 Luscus
778 1432 869 1463 Fun-

165 1485 217 1516 dis
241 1485 433 1517 Praeturam
456 1482 603 1524 adeptus
626 1482 690 1514 sibi
712 1482 786 1523 jam
811 1482 871 1513 ali-

167 1534 242 1577 quis
267 1533 469 1566 videbatur:
495 1537 532 1564 at
555 1532 645 1574 quod
674 1542 737 1564 sua
759 1531 869 1573 digni-

164 1589 238 1617 tate
267 1583 461 1626 plusculum
489 1582 700 1624 superbiret,
721 1581 868 1614 ludibrio

164 1633 233 1668 fuit
243 1633 432 1666 Mae-eeuati
448 1633 592 1675 aliisque
608 1633 665 1673 qui
678 1642 755 1664 eum
767 1633 870 1665 comi-

164 1685 340 1717 tabantur.
381 1684 486 1716 Hunc
501 1684 591 1715 enim
608 1683 758 1724 aliosque
777 1683 871 1723 lega-

165 1740 219 1768 tos
242 1746 263 1768 a
277 1734 442 1767 Fundano
466 1734 523 1766 illo
546 1733 718 1772 Praetore,
734 1733 870 1765 lionoris

165 1796 280 1826 eausa,
310 1786 476 1817 salutatos
511 1782 773 1824 intelligendum
805 1786 870 1814 est.

163 1835 268 1878 Apud
286 1836 428 1868 Sueton.
453 1833 598 1874 Caligul.
622 1842 699 1873 cap.
715 1835 769 1865 23.
793 1831 804 1849 ‘
818 1833 872 1864 Ex

164 1885 311 1928 publicis
342 1882 571 1917 monumentis
601 1887 747 1922 certum,
775 1881 871 1913 Aufi-

165 1936 259 1969 dium
299 1935 491 1977 Lingouem
528 1933 646 1965 Romae
686 1931 871 1964 honoribus

163 1982 346 2019 functum:

210 2039 254 2069 36
285 2036 500 2077 Proeteoetam]
548 2035 602 2066 Ex
639 2034 794 2066 Varrone
826 2033 870 2065 de

169 2085 271 2127 Ling.
284 2086 362 2118 Lat.
375 2085 434 2117 lib.
452 2094 488 2116 v.
512 2089 592 2125 toga
607 2089 683 2116 erat
699 2085 778 2115 alba
794 2094 872 2125 pur-

169 2143 277 2177 pureo
299 2138 471 2176 praetexta
492 2132 620 2165 limbo:
644 2143 719 2174 quae
736 2133 872 2174 quidem

169 2195 238 2217 non
255 2193 438 2227 puerorum
454 2180 522 2214 fuit
538 2183 659 2222 solum,
673 2182 733 2214 sed
750 2186 787 2214 et.
802 2192 873 2214 ma·

169 2235 387 2277 gistratnum.
430 2232 531 2266 Unde
554 2238 589 2264 et
611 2236 837 2274 praetextatus
854 2243 874 2264 a

168 2289 289 2326 togato
311 2283 442 2324 differt,
457 2288 497 2315 ut
518 2283 742 2324 magistratus
766 2293 787 2315 a
805 2283 874 2325 pri-

169 2339 262 2368 vato.
308 2334 410 2367 Hanc
425 2338 434 2353 ‘
451 2343 555 2375 supra
567 2334 699 2365 tunicas
715 2334 874 2366 honorati

169 2386 295 2428 quique
311 2384 523 2425 induebant,’
537 2384 650 2425 inquit
675 2385 765 2416 Non.
783 2385 876 2416 Mar-

169 2436 247 2470 cell.
270 2436 324 2468 De
339 2445 383 2467 ea
395 2440 490 2467 veste
500 2434 573 2476 jam
588 2434 661 2466 dixi
673 2435 706 2465 iu
721 2434 831 2476 Epod.
842 2444 877 2468 ν.

213 2488 330 2520 latam
342 2485 479 2526 clavum]
506 2485 622 2517 Vestis
642 2485 714 2516 boec
730 2484 874 2516 nobilio-

171 2547 245 2570 rum
258 2537 408 2580 propria,
422 2535 568 2578 plagulis
585 2535 749 2566 decorata
763 2536 874 2567 aureis

171 2587 241 2619 sive
254 2587 447 2628 purpureis,
458 2585 637 2618 latioribus
651 2585 685 2616 in
696 2585 874 2621 Senator-e,

175 2636 428 2678 angustioribus
444 2636 479 2668 in
494 2636 625 2678 equite.
653 2636 754 2667 Unde
771 2635 875 2668 Ovid.

173 2686 278 2719 Trist.
302 2695 351 2717 xv.
378 2685 476 2728 Eleg.
497 2687 561 2718 ult.
579 2686 589 2703 ‘
607 2686 695 2717 elavi
716 2695 875 2717 mensura

175 2740 297 2769 coacta
311 2734 388 2767 est:
432 2737 508 2768 Nec
524 2741 690 2768 matronae
708 2736 874 2768 carebant

177 2786 278 2818 simili
298 2784 441 2827 quodam
465 2790 598 2817 ornatu.
646 2787 735 2818 Nam
759 2792 795 2818 et
819 2797 875 2818 ea-

179 2846 251 2868 rum
277 2835 382 2866 vestis
406 2833 550 2865 babebat
575 2837 762 2877 patagium,
785 2838 876 2879 quod

922 1092 997 1121 erat
1011 1088 1021 1107 ‘
1037 1095 1160 1119 aureus
1177 1087 1294 1118 clavus
1310 1083 1367 1126 qui
1382 1080 1540 1124 pretiosis
1555 1088 1629 1111 ves·

922 1139 1018 1171 tibus
1042 1135 1259 1175 ad‹lebatur,’
1281 1145 1323 1166 ex
1347 1132 1471 1166 Nonio.
1522 1130 1629 1162 Porro

923 1198 1048 1221 nomen
1071 1188 1248 1220 deducunt
1271 1196 1291 1217 a
1314 1182 1535 1216 similitudine
1551 1190 1628 1212 cum

924 1241 1098 1273 clavorum
1129 1237 1313 1279 capitibus,
1342 1234 1466 1277 quibus
1503 1232 1629 1263 similes

921 1293 1037 1322 essent
1051 1297 1166 1320 aureae
1182 1287 1249 1319 iuae
1267 1285 1425 1327 plagulae.
1461 1283 1538 1316 Nee
1555 1291 1631 1324 per-

924 1349 1041 1381 peram
1054 1339 1111 1370 alii
1123 1342 1261 1378 etymon
1274 1337 1337 1368 hoc
1350 1335 1524 1376 rejiciunt,
1539 1343 1628 1365 asse-

923 1393 1070 1430 runtque
1085 1388 1201 1419 clavos
1218 1387 1302 1417 istos
1318 1384 1423 1416 fnisse
1439 1393 1628 1425 purpureas

921 1437 1044 1469 fascias
1066 1446 1128 1468 seu
1157 1436 1280 1467 limbos
1305 1435 1475 1475 utrimque
1502 1434 1628 1465 tunicae

920 1491 1072 1519 assutos:
1098 1487 1238 1523 tunicae,
1262 1485 1421 1526 inquam3
1445 1493 1523 1515 nam
1540 1484 1630 1515 latus

922 1538 1039 1571 clavus
1050 1542 1125 1569 erat
1136 1536 1279 1568 interior
1292 1535 1397 1566 vestis
1411 1543 1516 1574 supra
1528 1543 1629 1575 quam

923 1586 1161 1619 assumebatur
1178 1589 1372 1627 praetexta:
1396 1587 1432 1615 et
1444 1583 1510 1615 hoc
1528 1583 1630 1625 pleri·

925 1647 990 1679 que
998 1646 1064 1668 non
1076 1636 1393 1668 animadverterunt
1403 1634 1630 1666 contrarium-

924 1697 991 1729 que
1027 1687 1252 1727 scripserunt,
1283 1690 1379 1716 certe
1417 1684 1631 1714 immemores

925 1738 1083 1769 Praetore
1113 1735 1236 1777 capitis
1262 1733 1470 1766 sententiam
1496 1732 1630 1771 ferente

924 1786 1051 1828 deponi
1091 1787 1297 1826 praetextam
1334 1782 1568 1823 consuevisse,
1595 1786 1632 1813 at

924 1837 1064 1869 minime
1080 1836 1291 1867 laticlavum.

968 1888 1147 1926 Pmnoeque
1161 1885 1321 1925 vatillum]
1343 1883 1454 1914 Tanta
1469 1886 1547 1914 erat
1562 1881 1631 1912 Au-

923 1936 996 1968 fidii
1020 1935 1166 1974 insania,
1189 1939 1227 1966 ut
1251 1939 1332 1966 ante
1348 1942 1385 1964 se
1403 1931 1487 1964 ferri
1508 1942 1632 1972 prunas

921 1987 954 2018 in
973 1987 1105 2023 batillo,
1116 1985 1150 2017 id
1168 1990 1234 2025 est,
1246 1983 1362 2016 foculo
1375 1987 1493 2014 ansato
1507 1987 1544 2014 et
1558 1992 1632 2021 ges-

923 2036 1238 2081 tatili,juberet,ad
1253 2037 1360 2067 instar
1373 2035 1521 2066 virorum
1532 2034 1631 2065 Prin·

925 2091 1039 2132 cipum
1056 2094 1092 2121 et
1106 2090 1372 2130 Imperatorum,
1396 2086 1520 2128 quibus
1545 2095 1632 2126 prae-

925 2139 1102 2172 ferebatur
1141 2138 1314 2180 ejusmodi
1354 2137 1458 2178 ignis,
1492 2146 1632 2168 summae

927 2190 1144 2232 auctoritatis
1174 2199 1214 2221 ac
1245 2188 1431 2229 potestatis
1462 2186 1567 2218 index
1597 2191 1632 2217 et

927 2239 1073 2281 insigne.
1118 2239 1261 2271 Frustra
1277 2237 1414 2279 quidam
1437 2237 1634 2277 intelligunt

929 2299 987 2320 vas
1015 2299 1170 2330 parvum,
1191 2289 1226 2320 in
1253 2298 1319 2329 quo
1348 2287 1480 2319 suffitus
1508 2296 1631 2328 nempe

929 2337 1031 2370 fieret
1050 2338 1130 2371 Jovi
1154 2337 1341 2379 Hospitali,
1357 2338 1428 2369 sive
1443 2337 1632 2378 hospitibus

930 2392 966 2420 et
980 2388 1144 2420 convivis.

973 2441 1015 2470 37
1040 2439 1080 2470 In
1095 2439 1333 2470 Mamurrarum
1353 2436 1443 2476 urbe]
1465 2436 1553 2467 Sunt
1575 2436 1633 2476 qui

929 2489 1124 2520 Mamurras
1140 2489 1258 2520 urbem
1275 2487 1418 2519 afferant
1436 2486 1526 2516 inter
1543 2485 1632 2516 Fun·

929 2539 991 2571 dos
1015 2544 1052 2572 et
1077 2540 1240 2578 Formias,
1264 2547 1357 2568 vern.
1382 2537 1451 2568 Itro
1477 2537 1532 2567 vel
1557 2536 1632 2576 Ieri,

930 2590 1027 2630 cujus
1050 2589 1236 2620 etiamnum
1253 2591 1373 2618 extent
1388 2586 1515 2617 ibidem
1533 2586 1633 2618 rude-

930 2648 979 2670 ra.
1010 2638 1137 2678 Philip.
1159 2638 1292 2668 Ferrar.
1317 2637 1444 2667 Verum
1466 2636 1550 2677 ipsae
1577 2636 1633 2668 liic

929 2689 1075 2721 Formiae
1106 2686 1318 2727 accipiendae
1351 2691 1442 2726 sunt,
1467 2696 1486 2717 e
1510 2685 1631 2727 quibus

928 2738 1074 2771 oriunda
1089 2738 1340 2768 Mamurrarum
1365 2735 1496 2767 familia
1515 2735 1630 2768 Romae

930 2790 1067 2830 quidem
1083 2782 1278 2819 Senatoria.'
1319 2786 1418 2818 Adde
1433 2785 1523 2828 quod
1543 2787 1631 2818 illius

932 2839 1052 2881 oppidi
1082 2838 1260 2870 maximam
1291 2842 1423 2879 partem
1455 2838 1631 2870 obtinebat
