1904 3256
1563 279 1647 321 611

1592 384 1648 424 10

616 291 888 323 οΑΒΜιΝυΜ
924 291 1018 322 ma.
1050 290 1115 321 tv.
1146 280 1215 321 11.

415 386 648 428 Cursitant
669 387 815 428 mistae
836 388 986 441 pueris
1008 386 1196 440 puellae:

418 454 651 496 Sordidum
671 455 861 495 flammae
881 454 1105 508 trepidant
1124 455 1321 494 rotantes

759 520 941 564 Vertice
962 521 1141 562 fumum.

417 588 482 629 Ut
502 592 650 632 tamen
668 588 791 629 noris
812 589 973 642 quibus
991 587 1224 630 advoceris

415 655 607 697 Gaudiis
626 669 637 707 ;
668 655 781 697 Idus
799 656 882 697 tibi
902 660 1004 698 sunt
1024 654 1226 709 agendae,

174 773 301 811 juncta
312 775 370 807 Ιιιισ
384 775 519 817 illucque
532 776 725 809 discurrunt.
749 776 841 815 Ignis
855 775 962 807 tremit
974 775 1213 812 atrumsumum
1226 774 1466 805 circumvolvens
1478 774 1511 804 in
1520 774 1648 812 apicem.

185 817 337 850 Attamen
358 822 394 850 ut
416 819 499 851 scias
513 819 555 850 ad
569 829 662 860 quam
676 819 823 850 laetitiam
837 817 996 857 invitaris,
1016 817 1204 849 celebrandae
1229 816 1288 848 tibi
1311 820 1384 848 sunt
1400 817 1490 853 Idus,
1506 816 1559 856 qui
1582 817 1648 846 dies

797 910 971 924 ”comte
975 912 991 923 e
996 911 1034 923 ee

186 986 259 1009 rem
282 976 431 1010 Horatii.
476 978 543 1011 Sed
560 979 608 1010 ita
623 978 761 1011 amabat
776 979 941 1014 Heinsius
963 979 1058 1011 illum
1084 979 1187 1011 talem
1215 976 1376 1019 loquendi
1393 977 1542 1014 modum,
1556 979 1594 1007 ut
1616 976 1649 1007 in

187 1019 393 1052 editionibus
407 1020 488 1060 suis,
504 1021 711 1063 ubicumque
727 1027 858 1063 posset,
868 1021 1106 1054 introduceret
1123 1021 1271 1062 plurales
1288 1029 1459 1051 numeros.
1504 1019 1650 1050 Interim

178 1061 337 1101 festinant
353 1063 457 1095 etiam
473 1064 560 1095 Cun.
580 1074 600 1096 e
626 1065 696 1096 Ms.
711 1070 816 1106 atque
834 1066 884 1097 ita
901 1070 937 1097 et
961 1065 1067 1097 nostri
1086 1065 1185 1095 Dese.
1207 1066 1239 1096 2.
1263 1063 1358 1104 Lips.
1372 1065 1415 1094 4:
1435 1061 1526 1093 Juni.
1571 1061 1651 1092 vid.

186 1104 305 1136 Bentl.
331 1111 369 1138 et
383 1106 468 1137 Var.
485 1107 597 1139 Lectt.
620 1107 662 1138 ad
692 1116 718 1139 1.
746 1107 815 1140 Od.
837 1110 892 1139 24.
909 1111 942 1139 8.
968 1107 1069 1139 Harl.
1091 1109 1120 1138 1.
1134 1106 1367 1145 festinet.—ll
1391 1106 1400 1122 ‘
1419 1104 1536 1136 Bentl.
1560 1103 1652 1143 conj.

186 1147 355 1188 crepitant,
378 1149 536 1188 primum.
559 1149 638 1190 quia
658 1150 668 1167 ‘
685 1149 901 1190 trepidandi'
930 1150 1027 1181 notio
1046 1150 1119 1190 jam
1147 1149 1228 1181 insit
1254 1148 1289 1179 in
1315 1147 1418 1179 verbo
1441 1148 1450 1164 ‘
1468 1145 1648 1183 rotantes‚’

190 1189 220 1220 si
234 1189 374 1231 quidem
389 1191 399 1208 ‘
413 1191 607 1231 trepidare'
624 1191 668 1223 de
684 1197 778 1224 motu
792 1191 1004 1223 flammarum
1021 1192 1164 1223 tremulo
1181 1190 1383 1230 accipiatur.
1415 1189 1493 1221 Hoc
1511 1189 1650 1229 quidem

187 1240 253 1272 ego
267 1241 335 1262 non
352 1242 533 1274 assequor;
555 1233 632 1265 duae
649 1234 740 1265 enim
758 1233 903 1265 diversae
920 1234 1002 1265 mihi
1025 1233 1182 1265 videntur
1206 1242 1279 1265 esse
1303 1232 1484 1272 imagines,
1499 1229 1651 1262 flamma—

186 1282 263 1304 rum
279 1277 403 1314 motus,
419 1279 455 1306 et
471 1276 598 1307 rotatio
612 1273 707 1306 fumi.
753 1275 892 1307 Deinde
909 1276 1017 1314 addit,
1032 1275 1059 1306 si
1080 1275 1090 1293 ‘
1105 1273 1299 1316 trepidare’
1323 1275 1373 1306 ita
1389 1273 1595 1314 explicetur,
1611 1275 1650 1304 ut

188 1314 338 1356 ipsarum
353 1314 562 1348 flammarum
578 1316 754 1349 festinatio
766 1323 803 1349 et
818 1319 915 1358 quasi
927 1318 1074 1350 studium
1086 1317 1254 1349 declarari
1270 1321 1424 1357 putetur,
1434 1317 1521 1347 hanc
1534 1315 1651 1347 admo-

193 1357 273 1389 dum
290 1358 444 1398 jejunam
461 1369 501 1390 ac
517 1358 677 1398 frigidam
692 1358 768 1390 fore
783 1360 908 1390 ideam.
953 1360 994 1390 In
1010 1369 1078 1400 quo
1096 1359 1252 1398 profecto
1277 1368 1377 1389 verus
1395 1363 1467 1388 est:
1491 1357 1550 1388 sed
1566 1358 1649 1397 quid

190 1399 326 1430 tandem
341 1401 586 1432 necessitatem
600 1400 697 1432 nobis
714 1400 811 1431 istius
830 1401 906 1432 talis
921 1400 1163 1440 explicationis
1178 1400 1342 1441 imponit?
1371 1400 1541 1439 Denique,
1556 1408 1650 1430 more

186 1450 265 1481 suo,
273 1450 426 1481 magnam
441 1442 593 1473 locorum
610 1442 676 1473 vim
686 1447 901 1481 annumerat,
915 1443 1038 1483 quibus
1051 1442 1225 1483 ‘crepare’
1237 1443 1290 1473 vel
1307 1442 1316 1459 ‘
1326 1441 1498 1481 crepitare
1509 1440 1519 1454 '
1535 1441 1649 1481 ignem

185 1482 254 1515 dici
271 1493 371 1524 posse
386 1483 531 1523 doceat,
554 1484 600 1515 de
615 1494 684 1525 quo
699 1493 800 1515 nemo
815 1485 1010 1516 mortalium
1026 1484 1259 1517 dubitaverat.
1305 1484 1423 1516 Quare
1441 1483 1649 1515 retineamus

184 1535 301 1567 queso
311 1527 566 1568 trepidas-mnae
583 1536 648 1558 non
663 1526 771 1558 solnm
783 1526 873 1559 bona
885 1528 987 1559 lectio
997 1533 1062 1566 est,
1072 1526 1133 1558 sed
1147 1528 1249 1559 etiam
1267 1525 1432 1558 hactenus
1443 1526 1650 1566 elegantior,

186 1567 278 1610 quod
293 1578 382 1600 nunc
403 1573 547 1610 utraque
563 1569 688 1610 imago,
704 1574 740 1601 et
756 1568 981 1609 flammarum,
997 1575 1031 1601 et
1051 1569 1148 1610 fumi,
1175 1571 1217 1602 ad
1245 1570 1351 1600 visum
1374 1568 1649 1609 adspectumque

184 1611 338 1652 pertinet
350 1621 361 1651 ;
377 1621 454 1643 cum
467 1621 486 1643 e
498 1612 651 1643 Bentleii
662 1612 904 1644 emendatione
917 1613 1026 1644 altera
1036 1613 1158 1652 oculis,
1170 1613 1281 1644 altera
1296 1611 1436 1643 auribus
1453 1611 1651 1652 usurpanda

185 1653 242 1686 sit.
287 1652 341 1685 Cf.
357 1654 402 1686 ad
418 1663 444 1686 1.
461 1654 531 1686 Od.
546 1657 599 1686 13.
614 1658 646 1686 2.
691 1654 837 1686 Interim
858 1655 1015 1695 crepitant
1034 1664 1116 1686 sane
1139 1655 1266 1686 habent
1282 1653 1355 1686 Alt.
1374 1657 1402 1686 l.
1419 1654 1451 1684 in
1469 1659 1650 1691 contextu,

186 1699 224 1727 et
237 1694 310 1728 Ait.
325 1698 358 1728 2.
382 1706 445 1738 pro
460 1706 531 1728 var.
549 1697 631 1729 lect.
677 1697 826 1728 Omnino
847 1698 936 1729 enim
962 1696 1063 1728 facile
1084 1703 1278 1735 permutata
1303 1707 1323 1726 a
1344 1696 1494 1726 librariis
1515 1698 1525 1713 ⁴
1544 1696 1650 1736 trepi-

186 1737 290 1770 dare’
304 1743 341 1770 et
359 1739 369 1757 ‘
386 1738 586 1779 crepitare.'
633 1740 794 1771 Ceterum
811 1739 844 1771 h.
860 1740 882 1770 l.
899 1746 1059 1780 apparet,
1074 1739 1225 1770 Bentleii
1244 1738 1411 1779 judicium
1429 1747 1528 1778 quam
1544 1737 1650 1768 fuerit

186 1780 330 1812 subinde
346 1781 508 1813 dissimile
523 1787 560 1812 et
576 1782 670 1813 velut
686 1782 863 1813 immemor
879 1783 942 1813 sui.
990 1781 1079 1813 Nam
1097 1782 1130 1812 in
1148 1782 1230 1813 locis
1256 1781 1423 1812 Prudent.
1450 1780 1647 1820 Peristepli.

184 1831 243 1855 γι.
260 1825 335 1855 100.
378 1824 500 1856 Senec.
516 1823 597 1856 OEd.
615 1827 689 1856 383.
729 1825 867 1865 Tliyest.
891 1827 967 1856 768.
989 1834 1031 1855 ea
1055 1823 1098 1855 de
1124 1833 1229 1855 causa
1257 1822 1398 1863 praefert
1421 1823 1430 1840 ‘
1449 1822 1650 1863 trepidare‚'

182 1865 267 1906 quia
291 1866 354 1906 ipsi
378 1865 446 1897 foci
473 1877 543 1907 prae
567 1868 706 1898 horrore
730 1871 767 1898 et
791 1871 884 1898 metu
910 1866 1121 1907 trepidantes
1137 1866 1333 1906 fingantur3
1357 1869 1478 1896 contra
1494 1870 1610 1896 nostro
1628 1865 1649 1896 Ι.

185 1907 270 1939 nihil
286 1907 571 1949 perterrefecisse
586 1910 732 1941 culinam
744 1909 894 1945 Horatii,
910 1913 947 1940 et
965 1910 1017 1939 vel
1032 1908 1109 1939 ideo
1124 1909 1281 1948 crepitant
1296 1908 1416 1938 melius
1433 1916 1521 1946 esse,
1538 1913 1648 1947 putat.

184 1949 281 1981 Talia
304 1950 420 1982 dicere
445 1956 594 1992 poterat,
617 1952 675 1993 qui
704 1951 817 1992 paullo
841 1957 935 1990 ante,
949 1949 1160 1982 flammarum
1178 1950 1447 1989 festinationem,
1461 1950 1595 1980 inanem
1614 1955 1650 1981 et

185 1991 342 2032 frigidam
368 1993 524 2034 figuram,
548 1999 644 2025 recte
670 1994 820 2035 quidem,
847 1993 1078 2035 appellasset!
1100 1993 1279 2024 dant—13
1305 1993 1349 2023 Et
1372 1995 1475 2023 tamen
1501 1993 1648 2033 Franeq.

185 2035 332 2068 advocet-e
347 2036 493 2078 Cuning.
509 2036 635 2069 Sanad.
651 2042 686 2068 et
698 2037 817 2070 Jones.
832 2036 922 2068 baud
939 2036 1042 2068 dubie
1058 2041 1150 2068 metu
1166 2035 1442 2067 bomoeoteleuti:
1467 2035 1516 2066 ita
1532 2040 1646 2067 tam-eu

843 2122 874 2154 N
882 2121 988 2153 OTAE

187 2183 374 2225 diligenter
403 2188 527 2224 parant
554 2194 780 2227 quaecumque
809 2190 890 2216 sunt

186 2233 232 2266 ad
248 2233 441 2265 convivium
458 2234 660 2266 necessaria.

231 2287 272 2316 11
296 2285 466 2316 Sordidum
483 2285 637 2327 flammoe,
660 2285 730 2326 ξω]
757 2285 887 2318 Culinae

187 2345 273 2367 meae
300 2334 397 2367 focus
421 2336 601 2376 plurimum
623 2335 727 2368 habet
748 2336 848 2377 ignis,
868 2346 887 2368 e

188 2395 256 2428 quo
269 2384 414 2419 flammae
438 2396 571 2418 sursum
588 2385 748 2419 feruntur
763 2387 797 2418 in
815 2397 888 2419 ver-

186 2435 305 2478 tieem,
329 2441 366 2468 et
386 2442 468 2469 rotae
491 2437 593 2468 modo
617 2442 889 2479 contorquentur

184 2494 231 2518 ac
251 2486 439 2528 trepidant,
458 2492 632 2529 aguntque
649 2487 780 2519 fumum
804 2487 888 2520 den·

191 2544 264 2568 sum
276 2547 316 2568 ac
331 2537 517 2570 sordidum.

191 2604 195 2607 ν
222 2589 274 2618 ⁴13
301 2587 345 2619 Ut
369 2591 471 2620 tumen
492 2589 588 2629 noris,
610 2587 680 2628 &cd
702 2588 751 2619 Ut
765 2587 890 2619 inteili-

197 2643 257 2675 gu
285 2638 385 2678 quale
413 2639 459 2670 sit
488 2639 648 2680 gaudium
679 2638 891 2676 hodiernum,

194 2690 322 2725 quanta
342 2687 386 2719 sit
402 2689 586 2721 hilaritatis
602 2699 713 2728 causa,
731 2688 774 2719 ad
790 2698 890 2729 quam

187 2737 230 2764 ,te
245 2742 351 2772 voco;
365 2735 447 2768 Idus
457 2744 536 2769 sunt
552 2738 705 2779 Apriles,
717 2738 751 2769 in
769 2738 890 2780 quibus

195 2783 344 2814 natalem
360 2785 492 2818 celebro
509 2787 724 2830 Maecenatis,
740 2798 816 2822 ineo
832 2799 890 2820 na-

198 2832 256 2863 tali
267 2831 346 2874 jure
362 2832 441 2864 mibi
457 2835 634 2874 potiorem.

987 2187 1027 2218 14
1052 2185 1144 2226 Idus]
1169 2185 1326 2218 Macrob.
1353 2185 1527 2217 Saturnal.
1553 2195 1576 2216 ι.
1597 2189 1648 2217 15.

942 2239 951 2253 ‘
971 2235 1154 2267 Nonnullis
1183 2236 1297 2276 placet
1322 2235 1404 2267 Idus
1430 2240 1570 2267 vocatas
1586 2236 1648 2267 ἀπὸ

940 2286 996 2316 τοῦ
1004 2286 1115 2327 εἴδους,
1129 2286 1218 2328 quod
1231 2296 1272 2318 ea
1285 2286 1340 2318 die
1351 2286 1485 2327 plenam
1496 2288 1647 2328 speciem

942 2336 1043 2368 Luna.
1068 2337 1295 2370 demonstret.
1340 2338 1429 2369 Sunt
1450 2338 1508 2378 qui
1530 2338 1648 2369 existi-

943 2391 1036 2419 ment
1048 2387 1131 2419 Idus
1146 2387 1190 2419 ab
1207 2396 1270 2418 ove
1286 2386 1368 2418 iduli
1384 2387 1518 2426 dictas;
1545 2397 1646 2428 quam

942 2438 1006 2469 boc
1020 2437 1155 2469 nomine
1174 2442 1299 2470 vocant
1310 2438 1423 2476 Tusci,
1439 2443 1475 2469 et
1490 2437 1646 2468 omnibus

943 2487 1062 2519 Idibus
1075 2487 1147 2519 ovis
1160 2487 1355 2519 immolatur
1367 2496 1388 2518 a
1399 2485 1549 2518 flamine.
1574 2486 1646 2516 No-

942 2537 995 2569 bis
1023 2538 1081 2569 illa
1112 2538 1199 2568 ratio
1226 2537 1370 2568 nominis
1400 2546 1480 2567 vero
1508 2536 1648 2576 propior

943 2587 1173 2626 existimatur,
1195 2591 1232 2616 ut
1259 2586 1340 2616 Idus
1367 2595 1528 2617 vocemus
1554 2585 1644 2617 diem

943 2636 1000 2677 qui
1031 2645 1181 2667 mensem
1207 2635 1342 2668 dividit.
1400 2635 1524 2670 Iduare
1554 2637 1645 2668 enim

945 2687 1090 2718 Etrusca
1106 2687 1223 2727 lingua
1239 2686 1392 2718 dividere
1405 2691 1458 2718 est
1469 2697 1479 2717 ε
1504 2685 1593 2718 unde
1608 2691 1644 2718 et

944 2737 1059 2774 vidua,
1076 2737 1171 2779 quasi
1191 2737 1287 2769 valde
1304 2738 1396 2777 idua,
1411 2737 1446 2769 id
1462 2742 1527 2778 est,
1545 2738 1642 2769 valde

944 2787 1063 2827 divisa,
1078 2788 1130 2819 vel
1148 2798 1167 2819 a
1184 2788 1256 2819 viro
1271 2787 1404 2820 divisa:
1436 2787 1528 2818 Hinc
1546 2793 1643 2829 patet

945 2847 1005 2870 cur
1034 2837 1189 2879 Aprilem
1219 2836 1363 2879 findere,
1392 2837 1427 2870 id
1455 2843 1522 2878 est,
1548 2838 1642 2880 quasi
