1956 3236
571 285 849 318 sannionum
884 285 982 318 mn.
1014 286 1045 316 1.
1074 276 1117 317 6.
1485 275 1598 318 865³

116 383 352 426 Mercedes
374 393 580 436 sequerer
593 394 604 422 ε
617 393 759 434 neque
776 393 859 433 ego
878 392 1021 422 essem
1040 382 1244 434 questus·
1275 378 1338 421 At
1349 378 1435 422 hoc
1451 392 1568 422 nunc

116 452 239 493 Laus
260 450 325 491 illi
344 449 543 498 debetur,
565 451 611 489 et
631 461 657 488 a
677 461 748 488 me
770 448 913 500 gratia
932 447 1083 500 major.

117 518 197 559 Nil
216 530 288 559 me
307 517 527 570 poeniteat
547 527 706 556 sanum
725 515 866 568 patris
885 515 1043 569 hujus:
1065 526 1208 567 eoque

118 584 237 632 Non,
256 587 309 624 nt
326 593 486 634 magna
507 581 612 622 dolo
631 581 798 623 factum
818 586 949 634 negat
967 593 1064 622 esse
1085 593 1168 622 suo
1186 593 1305 634 pars,
1512 581 1573 622 90

118 650 254 701 Quod
273 661 362 690 non
381 649 592 700 ingenuos
613 648 772 689 habeat
785 648 1020 701 clarosque
1040 652 1262 702 parentes,

118 717 197 759 Sic
217 728 287 757 me
307 714 551 756 defendam.
611 714 762 767 Longe
782 727 885 755 mea
905 714 1135 769 discrepat
1155 715 1257 756 istis

118 782 178 825 Et
197 795 287 824 vox
305 786 351 823 et
368 781 482 822 ratio
503 794 515 824 :
545 793 647 822 nam
667 781 707 822 si
726 783 882 822 natura
894 781 1073 835 juberet

117 848 162 890 A
181 848 314 891 certis
334 847 461 889 annis
482 861 630 890 aevum
650 860 845 889 remeare
858 851 1099 901 peractum,

117 915 270 969 Atque
290 914 404 957 alios
423 915 570 969 legere
591 914 648 956 ad
670 914 833 956 fastum
855 926 1159 968 quoscumque
1179 919 1388 968 parentes
1517 915 1577 956 95

117 982 310 1036 Optaret
327 981 414 1022 sibi
435 982 652 1036 quisque3
683 981 794 1022 meis
814 985 1065 1031 contentus,
1079 981 1286 1023 honestos

117 1048 338 1090 Fascibus
359 1051 406 1088 et
424 1047 546 1089 sellis
564 1048 702 1089 nolim
721 1047 823 1088 mihi
849 1060 1021 1088 sumere
1040 1061 1051 1098 ;
1082 1048 1260 1089 demens

117 1115 148 1157 J
153 1114 302 1156 udicio
321 1113 460 1167 vulgi,
481 1126 615 1156 sanus
635 1114 825 1156 fortasse
842 1118 937 1164 tuo,
957 1114 1076 1169 quod

117 1246 239 1286 qnando
262 1249 411 1277 sectarer.
466 1246 572 1286 Neque
594 1254 651 1285 ego
676 1248 859 1286 conquestus
872 1245 1004 1283 fuerim.
1048 1246 1146 1276 Immo
1168 1247 1246 1277 hanc
1266 1246 1304 1277 ob
1324 1256 1390 1278 rem
1412 1245 1578 1278 mactabilis

118 1290 178 1325 est,
199 1288 327 1329 plusque
346 1287 396 1318 illi
420 1297 475 1328 ego
501 1288 605 1319 debeo.
662 1289 756 1319 certe
776 1287 880 1327 patris
900 1287 1047 1326 eiumodi
1071 1287 1242 1328 sapientem
1260 1298 1308 1320 me
1331 1298 1486 1329 nunquam
1511 1298 1578 1329 poe-

118 1329 239 1361 niteat.-
273 1331 406 1370 adeoque
438 1340 486 1361 me
519 1340 579 1361 non
610 1331 718 1361 tuebor
742 1330 825 1361 sicut
857 1331 961 1369 multi,
999 1330 1136 1361 dicentes
1167 1340 1359 1371 nequaquam
1394 1340 1452 1361 sua
1486 1332 1577 1370 eulpa

206 1372 267 1403 isse
280 1373 360 1412 quad
374 1381 436 1402 nan
449 1372 556 1402 sortiti
569 1371 697 1409 fuerint
714 1375 860 1412 parentes
880 1372 993 1402 liberos
1014 1375 1045 1402 et
1067 1372 1217 1403 illustres.
1261 1373 1370 1403 Sermo
1385 1381 1469 1403 meus
1482 1375 1576 1412 alque

109 1412 186 1451 jud
216 1423 267 1444 um
287 1413 375 1444 abent
394 1414 502 1452 procul
522 1413 561 1443 ab
585 1413 668 1444 istis.
714 1413 882 1443 Enimvero
904 1413 934 1444 si
955 1416 1069 1443 natura
1091 1413 1258 1453 imperaret
1273 1415 1372 1444 denuo
1396 1423 1578 1454 percurrere

117 1458 237 1495 tenpus
253 1454 451 1504 prefer-itum
472 1454 510 1484 ab
532 1455 624 1486 annis
648 1454 778 1494 aliquot,
800 1457 831 1485 et
854 1454 935 1484 alios
952 1458 1098 1494 parentes
1119 1465 1273 1486 assumere
1287 1456 1328 1486 ad
1342 1456 1578 1487 ostmtaeionem

116 1495 265 1536 quoslibet
279 1496 406 1537 quisque
419 1496 533 1532 vellen·
553 1505 610 1535 ego
625 1496 702 1527 meis
715 1499 876 1527 contentus
898 1497 1011 1527 nollem
1029 1496 1167 1536 accipere
1186 1497 1264 1528 mihi
1286 1507 1374 1528 caros
1387 1497 1531 1536 fascibus
1546 1501 1579 1529 et

115 1537 200 1569 sellis
219 1538 395 1570 curulibus.-
416 1538 545 1570 insanus
570 1548 590 1569 a
611 1538 700 1580 plebe
724 1538 859 1579 quidem,
874 1548 894 1570 a
909 1540 940 1569 le
953 1547 1026 1570 vero
1043 1539 1167 1580 sapiens
1181 1539 1388 1581 judicandus,
1408 1540 1443 1571 ni
1454 1540 1577 1578 fallor,-

728 1644 928 1658 0000000000
932 1644 970 1657 10

118 1719 239 1751 ultima
268 1719 521 1759 praepositionis
551 1720 586 1751 in
621 1724 823 1761 sequentem
862 1718 1113 1759 corrumpitur)
1145 1719 1241 1750 Gesn.
1245 1720 1329 1749 —87
1353 1718 1422 1749 Pro
1452 1721 1578 1757 questus

118 1761 356 1793 Venet.l·179.
378 1762 480 1793 habet
502 1765 674 1802 acquestus.
717 1763 728 1780 ‘
743 1762 801 1802 Op
805 1762 887 1793 time
912 1762 1066 1801 reposuit
1091 1760 1294 1802 Rutgersius
1309 1760 1357 1792 At
1380 1760 1435 1791 hoc
1458 1769 1519 1800 pro
1535 1770 1576 1792 eo

118 1804 210 1845 quod
234 1807 311 1835 erat
333 1802 383 1834 Ob
406 1804 474 1844 hoc,
498 1804 590 1846 qiiod
614 1809 650 1835 et
671 1804 752 1836 Vet.
776 1804 889 1835 Schol.
912 1803 1104 1842 confirmat,
1128 1803 1217 1843 apud
1241 1812 1340 1844 quem
1364 1802 1505 1843 legimus
1528 1802 1576 1834 At

118 1846 184 1877 hc.
227 1845 389 1877 Bentleio
413 1847 524 1886 magis
551 1846 683 1887 placuit
705 1846 758 1878 Aa
783 1846 851 1876 haec
876 1856 970 1883 nunc,
999 1845 1088 1886 quod
1115 1845 1390 1886 frigidiuscnlum
1414 1844 1576 1875 videtur!

119 1888 223 1920 Bm.
267 1887 501 1920 OblwcHai-l.
517 1892 550 1920 2.
565 1892 597 1920 4.
614 1889 744 1929 aliquot
759 1887 922 1926 Bentleii,
938 1889 1062 1919 Venet.
1080 1890 1174 1919 1477.
1193 1889 1288 1918 1478.
1303 1889 1399 1918 1479.
1422 1886 1577 1918 Florent.

121 1931 216 1962 1482.
244 1929 484 1963 AdhoeGott.
499 1931 598 1963 Harl.
611 1933 642 1962 3.
657 1933 688 1962 6.
705 1932 737 1962 7.
752 1930 872 1970 optimi
890 1939 941 1968 ap.
960 1930 1077 1960 Bentl.
1093 1933 1129 1960 et
1143 1930 1224 1960 Vet.
1241 1928 1360 1960 Comb.
1384 1928 1440 1959 hoc
1453 1931 1578 1968 questus

121 1971 162 2003 aa
173 1971 229 2003 1⁸00
242 1971 388 2005 Medion.
403 1975 500 2005 1486.
530 1973 587 2004 hoc
600 1976 723 2013 questus
737 1972 773 2003 ob
787 1982 823 2003 ac
837 1971 979 2003 Mediol
993 1974 1088 2003 1502.
1118 1971 1156 2002 ob
1171 1971 1274 2002 etiam
1290 1971 1416 2001 Venet.
1435 1970 1532 2002 Pinc.
1535 1987 1578 1993 —

122 2015 164 2044 9⁵
187 2013 276 2045 ⁸.Ms
292 2014 414 2053 fatum,
438 2015 492 2046 cui
515 2015 665 2046 secunda
681 2024 799 2046 manus
815 2013 959 2044 inseruit
974 2013 1011 2045 s.'
1034 2013 1203 2044 Graevius.
1208 2016 1292 2044 —96
1313 2013 1452 2053 Septem
1476 2012 1577 2044 codd.

123 2054 296 2094 Rntgersii
310 2055 476 2092 honnus,-
497 2057 587 2087 unde
613 2057 686 2096 ipse
707 2066 784 2087 cum
810 2055 976 2091 Lambino
997 2055 1108 2087 edidit
1133 2060 1272 2095 onustos,
1295 2064 1440 2096 eumque
1466 2055 1577 2086 secuti

123 2095 218 2127 Dan.
235 2096 351 2128 Heins-
378 2098 420 2128 R.
438 2079 558 2136 S'teph.
579 2099 696 2128 Burm.
722 2101 759 2128 et
781 2097 900 2128 Maitt.
903 2100 986 2128 -97
1010 2099 1109 2130 Harl.
1125 2101 1157 2129 2.
1172 2101 1203 2129 3.
1217 2100 1251 2131 4.
1264 2101 1296 2129 6.
1312 2100 1344 2129 7.
1369 2097 1468 2129 Gott.
1492 2106 1577 2128 unus

125 2137 218 2170 Han.
231 2139 338 2170 multo
352 2139 468 2180 plures
480 2139 666 2175 Tou-rentii,
683 2139 786 2180 Cruq·
803 2139 918 2171 Bentl.
934 2140 1080 2182 Cuning.
1094 2140 1222 2172 Sanad.
1239 2140 1385 2173 Chabot.
1410 2141 1577 2181 Dunster,

780 2244 921 2277 NO'I'AE

123 2307 214 2339 unde
227 2310 263 2339 et
277 2307 494 2340 collectarius
507 2307 687 2349 aliquando
702 2308 820 2348 appel·
874 2309 948 2340 haec
961 2310 1081 2350 accipe
1097 2321 1104 2340 =
1121 2310 1336 2350 ‘Senatores,
1350 2310 1407 2351 qui
1424 2310 1574 2342 curulem

123 2358 223 2390 latus.
267 2357 366 2390 Idem
381 2359 484 2391 etiam
510 2359 687 2400 pecuniam
711 2358 821 2400 publi·
874 2358 1111 2399 magistratum
1134 2359 1334 2400 gessissent,
1350 2369 1450 2391 curru
1473 2360 1574 2391 vehe-

123 2417 285 2440 canorum
297 2408 707 2450 etvectigaliaexigebat.
732 2408 823 2440 Gall.
874 2407 999 2439 bantur
1021 2409 1056 2439 in
1072 2409 1213 2448 curiam,
1227 2408 1364 2440 honoris
1388 2408 1516 2448 gratia:
1538 2407 1575 2438 in

124 2466 167 2488 un
180 2457 326 2498 Sag-ent.
875 2467 916 2490 eo
933 2467 1012 2490 vero
1033 2469 1135 2490 curru
1151 2459 1236 2490 sella
1251 2463 1338 2499 erat,
1355 2466 1458 2498 super
1473 2465 1575 2498 quam

168 2506 543 2549 &Honestosflmustofl
556 2508 707 2540 Fascibus
718 2511 749 2540 et
762 2507 822 2539 sel·
875 2509 1119 2548 considerent;
1151 2519 1226 2549 quae
1258 2508 1302 2539 ob
1333 2517 1408 2538 eam
1435 2517 1573 2539 causam

128 2554 184 2596 lio]
199 2555 632 2597 Quidamlegunthonestos.
646 2558 772 2589 Fasces
788 2561 824 2588 et
874 2558 1009 2589 Cui-ulis
1025 2559 1210 2598 appellata.
1252 2557 1435 2588 Senatores
1459 2561 1574 2589 autem

128 2605 224 2637 sella
236 2606 381 2645 curules,
392 2607 537 2648 insignia
548 2608 823 2649 magistratuum.
874 2606 1056 2646 majoribus
1100 2606 1282 2637 honoribus
1315 2605 1465 2636 nondum
1496 2616 1574 2647 per-

129 2653 320 2695 Synecdoc.
335 2663 398 2695 pro
418 2657 674 2696 magistratibus
698 2662 734 2689 et
750 2657 823 2698 dig-
875 2655 984 2687 functi
1015 2656 1159 2697 pedibus
1188 2655 1320 2686 itabant
1352 2655 1387 2686 in
1424 2656 1551 2688 curiam
1565 2666 1574 2689 :

130 2701 308 2734 nitatibus.
349 2700 404 2737 De
415 2703 564 2742 fiscibus
579 2708 723 2740 disserui
742 2707 824 2739 alibi
875 2705 964 2738 unde
980 2709 1016 2737 et
1030 2706 1159 2746 pedarii
1175 2705 1458 2737 nominabantur!
1500 2706 1571 2741 Alii

131 2751 219 2783 fuse.
265 2751 323 2783 De
337 2751 422 2784 seua
438 2756 548 2787 curuli
572 2757 681 2789 dicam
702 2762 824 2799 postea
877 2761 989 2788 tamen
1011 2757 1111 2789 aliter
1127 2757 1170 2789 de
1188 2757 1279 2788 sellae
1297 2756 1424 2789 curulis
1438 2757 1571 2799 origine

131 2801 165 2832 in
182 2810 207 2834 1.
224 2801 334 2842 Epist.
377 2801 517 2834 Interim
533 2813 576 2836 ex
590 2805 682 2838 Gell.
699 2816 756 2839 111.
772 2809 824 2838 18.
877 2807 1040 2838 sentiunt.

216 2854 332 2895 Delph.
345 2857 376 2886 et
389 2854 465 2886 Ver.
478 2855 566 2889 Clas.
783 2859 899 2890 Horat.
1425 2863 1443 2890 3
1469 2859 1485 2890 Ι
