1904 3256
336 276 420 319 684

797 295 839 332 Q.
873 293 1077 323 uoRA'ru
1112 292 1278 324 FuAccl

557 382 712 434 Qualis
733 385 966 436 Lycambae
987 388 1155 436 spretus
1175 385 1309 427 infido
1329 399 1469 439 gener,

615 450 705 489 Aut
725 461 823 488 acer
841 449 982 489 hostis
1003 449 1190 502 Bupalo.

556 514 643 562 An,
659 514 696 553 si
717 514 814 567 quis
834 519 927 554 atro
948 515 1077 556 dente
1095 528 1163 556 me
1183 518 1398 570 petiverit,

1691 522 1747 562 15

612 578 779 619 Inultus
798 584 846 619 ut
863 579 976 620 flebo
995 581 1134 633 puer?

331 725 426 763 gener
449 719 614 764 contemtus
640 727 659 746 a
685 716 833 757 Lycambe
855 718 980 759 perfido,
1003 721 1050 751 vel
1071 720 1212 753 inimicus
1235 722 1356 763 Bupalo
1379 723 1611 761 infensissimus.
1657 722 1745 758 Quod

332 766 360 786 st
374 766 420 787 me
436 767 589 797 quosquam
603 759 691 789 dente
706 759 796 798 nigro
811 760 967 804 lacerarit,
983 762 1126 802 numquid
1147 764 1269 804 plorabo
1283 765 1364 796 velut
1383 774 1460 805 puer
1473 765 1622 796 imbellis?

918 866 934 876 e
939 865 1152 878 meten

323 943 432 979 salvus
447 944 645 975 Lacum—14
670 942 829 974 Nonnulli
843 941 940 973 codd.
963 946 998 972 et
1020 941 1097 972 edd.
1121 946 1203 973 vett.
1228 947 1307 974 ante
1334 943 1436 983 Cruq.
1463 947 1499 973 ut
1514 942 1651 973 Venett.
1669 942 1748 974 Gla·
1775 943 1779 945 ’

334 993 426 1023 rean,
441 986 558 1024 ceteri,
575 984 694 1016 Bubalo
705 995 718 1020 ‚·
741 984 800 1015 sed
815 987 958 1024 quatuor
971 983 1067 1014 codd.
1081 983 1223 1015 Blandd.
1239 984 1378 1016 Divaeus
1394 989 1428 1015 et
1439 983 1566 1015 Buslid.
1582 993 1636 1023 ap.
1649 984 1748 1015 eund.

332 1035 407 1056 cum
421 1026 513 1058 Harl.
532 1029 559 1057 1.
572 1029 600 1057 2.
613 1029 644 1057 3.
657 1028 688 1057 4.
703 1029 734 1056 6.
747 1030 782 1056 et
794 1025 928 1066 reliquie
939 1024 1016 1055 edd.
1031 1025 1241 1064 Rapum—16
1257 1031 1265 1044 ‘
1280 1026 1363 1056 Cum
1378 1025 1535 1056 habuerit
1546 1025 1623 1056 Vct.
1635 1025 1746 1055 Schol.

333 1067 435 1108 Cruq.
450 1069 643 1108 oppetiverit,
658 1076 718 1107 ego
733 1067 914 1107 appetiverit
929 1066 1028 1097 malui
1043 1075 1139 1107 quam
1153 1067 1203 1097 vel
1227 1066 1319 1102 illud,
1342 1068 1394 1097 vel
1418 1067 1573 1106 petiverit,
1587 1065 1674 1108 quod
1693 1071 1747 1097 est

330 1107 363 1137 in
381 1110 534 1149 vulgatis.
579 1109 752 1141 Bentleius
769 1109 817 1139 sui
827 1107 950 1148 judicii
966 1116 1100 1139 securus
1115 1108 1226 1148 posuit
1239 1117 1285 1139 me
1295 1107 1462 1148 petiverit!
1477 1107 1577 1139 Baxt.
1620 1108 1746 1138 Baxte-

332 1157 403 1180 rum
430 1156 565 1183 secutus
592 1151 821 1191 Cuning.-—16
843 1150 966 1181 [nultus
990 1153 1024 1180 ut
1041 1149 1123 1190 flere
1143 1158 1221 1190 puer
1244 1150 1387 1190 Cuning.
1411 1158 1508 1190 quem
1535 1154 1669 1181 secutus
1694 1152 1747 1180 est

330 1198 438 1222 nemo.

975 1253 1006 1284 N
1012 1251 1114 1284 OTAE

371 1329 410 1358 13
430 1327 538 1363 Qualis
552 1326 805 1367 Lycamboe,85⁴c.]
823 1326 916 1358 Sicut
929 1325 1013 1357 Poe'-

330 1379 364 1405 ta
393 1374 610 1406 Archilochus
637 1375 721 1406 fecit
748 1376 781 1406 in
810 1374 1014 1415 Lycamben.

329 1423 397 1454 Hic
412 1423 498 1454 enim
515 1423 700 1454 Neobulem
714 1422 816 1454 filiam
839 1427 940 1454 antea
955 1421 1012 1453 de-

329 1481 483 1513 sponsam
499 1471 606 1504 fracta
620 1471 686 1503 fide
702 1472 750 1502 illi
772 1472 910 1510 negavit
931 1480 1012 1502 uxo-

327 1531 409 1560 rem,
425 1530 651 1562 generumque
665 1521 788 1552 babere
802 1520 937 1561 sprevit.
963 1519 1013 1551 At

328 1570 544 1601 Archilochus
566 1569 731 1601 Iambicos
752 1577 867 1606 versus
881 1579 901 1600 a
915 1577 951 1600 se
964 1569 1013 1600 in·

328 1624 446 1650 ventos
471 1623 541 1650 tam
566 1619 704 1650 acerbos
730 1622 766 1649 et
789 1617 1011 1649 amarulentus

326 1667 463 1707 scripsit
492 1667 526 1698 in
557 1667 762 1708 Lycamben,
792 1671 830 1697 ut
866 1674 940 1696 eum
969 1666 1011 1697 ad

326 1715 816 1756 desperationem‚tandemque
823 1714 865 1746 ad
876 1724 1011 1755 snspen-

327 1765 418 1796 dium
433 1765 586 1805 adegisse
601 1764 780 1797 referatur.
816 1764 903 1796 Vide
918 1765 1013 1805 Epis-

327 1814 431 1846 tolam
447 1814 489 1845 ad
507 1814 656 1854 Pisones,
674 1824 722 1845 vs.
736 1817 789 1845 79.

369 1864 410 1893 14
431 1862 513 1893 Acer
540 1862 636 1893 hostis
657 1861 794 1901 Bupalo]
827 1861 1011 1901 Hipponax

327 1910 436 1942 Poeta
464 1911 555 1942 circa
582 1910 818 1950 Olympiadem
845 1909 1012 1948 sexagesi-

327 1969 412 1991 mam
428 1958 580 1994 florebat,
600 1958 746 1999 quinque
768 1957 906 1988 circiter
930 1960 1009 1988 ante

326 2008 496 2040 Christum
527 2006 666 2038 saeculis.
711 2006 848 2037 Statura
872 2014 1009 2046 parvus,

326 2056 420 2087 vultu
443 2065 562 2097 pravus
587 2064 627 2087 ac
647 2053 817 2086 deformis.
859 2053 1009 2093 Contigit

326 2108 365 2135 ut
380 2103 498 2135 offensi
513 2104 579 2135 duo
593 2102 714 2135 fratres
729 2102 876 2143 Bupalus
890 2107 926 2134 et
941 2101 1009 2133 An-

326 2154 485 2193 thermus,
506 2153 576 2185 sive
601 2153 761 2193 pictores,
780 2153 851 2183 sive
866 2153 1012 2192 sculpto·

325 2212 393 2241 res,
408 2203 477 2243 ejus
493 2202 669 2244 imaginem
685 2202 818 2233 omnino
837 2201 1011 2233 ridiculam

326 2250 527 2291 effinxerint,
544 2252 724 2293 populique
744 2251 888 2282 ludibrio
907 2260 1011 2292 expo-

326 2300 476 2331 suerint:
499 2310 613 2331 verum
635 2309 700 2331 non
722 2300 868 2340 impune.
902 2301 911 2319 ‘
926 2300 1011 2340 Hip—

327 2348 463 2388 ponacti
478 2348 634 2380 notabilis
650 2348 786 2380 foeditas
801 2349 912 2380 vultus
926 2352 1010 2380 erat.

327 2397 555 2430 Quamobrem
580 2397 755 2438 imaginem
779 2397 850 2436 eins
876 2397 1011 2427 lascivia

323 2446 476 2487 jocorum
492 2446 671 2478 ridentium
684 2445 817 2478 circulis
827 2445 861 2476 in
876 2449 1010 2485 promtu

1065 1323 1179 1355 fecere
1205 1325 1264 1366 (al.
1285 1325 1310 1356 ii
1329 1325 1524 1365 proposuere)
1550 1324 1637 1365 quod
1662 1324 1747 1365 Hip-

1066 1381 1175 1412 ponax
1198 1373 1388 1412 indignatus
1407 1373 1659 1404 amaritudinem
1675 1382 1747 1404 car-

1065 1422 1188 1452 minum
1204 1421 1373 1453 distrinxit
1397 1422 1430 1452 in
1454 1426 1595 1460 tantum,
1617 1426 1654 1453 ut
1675 1430 1759 1453 cre-'

1065 1469 1163 1500 datur
1176 1469 1341 1511 aliquibus
1356 1479 1413 1500 eos
1433 1469 1474 1501 ad
1491 1470 1643 1511 laqueum
1658 1480 1748 1502 com-

1065 1519 1202 1559 pulisse.
1233 1518 1332 1551 Quod
1347 1516 1467 1550 falsum
1481 1523 1544 1550 est.
1566 1519 1748 1559 Complura

1064 1568 1152 1599 enim
1179 1569 1212 1599 in
1241 1567 1390 1599 finitimis
1423 1567 1537 1598 insulis
1570 1567 1748 1600 simulacra

1064 1621 1182 1657 postea
1193 1615 1330 1648 fecere?
1370 1615 1453 1647 Haec
1470 1615 1558 1646 Plin.
1575 1621 1702 1649 xxxvi.
1717 1621 1748 1649 5.

1066 1665 1134 1696 Alii
1155 1664 1304 1696 scribunt
1326 1665 1459 1705 Epheso
1487 1663 1568 1696 urbe
1585 1665 1749 1698 duntaxat

1065 1714 1187 1746 cedere
1212 1719 1348 1746 coactos
1373 1723 1443 1756 prae
1469 1714 1598 1755 pudore
1622 1719 1658 1746 et
1685 1715 1747 1755 ira,

1065 1767 1203 1804 propter
1218 1762 1437 1796 acerbitatem
1453 1771 1605 1795 versuum
1615 1763 1748 1805 Hippo-

1064 1813 1187 1845 nactis.
1218 1813 1270 1844 Ex
1286 1813 1424 1852 Dionys.
1439 1811 1550 1843 Helie.
1566 1811 1747 1852 Hipponax

1064 1861 1252 1892 trimetrum
1276 1860 1522 1892 Archilochium
1546 1861 1580 1892 in
1603 1861 1747 1893 Scazon-

1064 1913 1131 1939 tem
1157 1908 1299 1948 inflexit,
1315 1912 1352 1940 ut
1374 1910 1507 1949 gravius
1523 1908 1653 1941 feriret.
1675 1909 1747 1941 Cic.

1062 1959 1094 1988 3.
1117 1957 1159 1988 de
1189 1958 1269 1989 Nat.
1294 1958 1456 1996 Deorum,
1480 1966 1512 1989 n.
1534 1960 1586 1989 90.
1612 1957 1746 1990 ‘Quem

1063 2005 1286 2046 Hipponactis
1303 2005 1437 2038 Iambus
1455 2006 1600 2045 laeserat,
1617 2010 1674 2037 aut
1689 2007 1746 2047 qui

1061 2059 1135 2086 erat
1145 2054 1336 2087 Archilochi
1348 2063 1445 2086 versu
1459 2054 1672 2095 vulneratus:
1683 2056 1747 2087 &m

1106 2106 1144 2135 15
1166 2103 1230 2143 Aa,
1259 2104 1289 2136 si
1311 2104 1379 2144 quis
1399 2106 1469 2135 ntro
1494 2105 1595 2143 duee,
1620 2103 1688 2144 qm]
1707 2103 1743 2135 si

1065 2161 1144 2183 vero
1159 2161 1210 2182 me
1225 2152 1400 2194 quisquam
1415 2152 1558 2192 impetat
1576 2150 1746 2191 conviciis,

1065 2209 1106 2232 an
1123 2199 1164 2231 ad
1180 2200 1356 2240 lacrymas,
1379 2200 1474 2240 pueri
1498 2209 1602 2240 more,
1627 2200 1746 2232 confu-

1063 2249 1172 2290 giam?
1192 2249 1291 2280 immo
1308 2253 1344 2279 ut
1368 2249 1416 2279 vir
1432 2249 1473 2280 ad
1489 2257 1581 2280 arma
1594 2252 1630 2280 et
1645 2249 1745 2280 ultio-

1063 2307 1139 2329 nem
1161 2296 1361 2335 convolab03
1384 2305 1568 2338 persequar
1588 2295 1744 2328 adversa-

1064 2346 1148 2377 rium
1174 2354 1422 2386 usquequaque,
1445 2343 1552 2376 donec
1574 2344 1743 2386 graviores

1063 2395 1213 2437 acceptis
1230 2394 1346 2436 plagas
1360 2392 1516 2436 infligam.
