1904 3256
647 277 923 310 salmonum
958 278 1054 308 ms.
1087 278 1118 308 1.
1148 268 1190 308 3.
1553 269 1640 311 803

195 374 329 426 Saepe
350 371 499 413 decem
520 384 699 413 servos:
731 372 862 413 modo
881 385 1000 424 reges
1021 376 1151 426 atque
1172 370 1430 420 tetrarchaS,

196 439 357 481 Omnia
376 450 551 491 magna,
572 438 784 492 loquens;
814 438 960 486 modo,
982 438 1052 480 Sit
1071 438 1176 479 mihi
1194 450 1346 480 mensa
1367 437 1520 490 tripes,
1541 443 1585 479 et

195 505 376 547 Concha
396 505 504 546 salis
525 505 640 559 puri,
661 510 706 546 et
726 511 830 559 toga
849 519 951 559 quae
971 505 1201 547 defendere
1214 505 1363 558 frigus,
1563 509 1567 515 “

195 571 410 622 Quamvis
428 583 592 621 crassa,
612 576 756 625 queat.
816 572 980 613 Decies
1001 575 1184 613 centena
1203 570 1404 612 dedisses
1585 570 1643 612 15

195 713 227 742 et
246 709 422 751 prefectos,
437 712 470 741 et
482 712 593 741 cuncta
607 718 745 741 summa.-
767 718 840 740 mox
853 718 924 740 vero
938 708 1040 740 aiebat
1050 721 1059 739 .·
1083 708 1177 739 Adsit
1191 708 1268 739 mihi
1284 711 1404 744 tantum
1417 717 1522 740 mensa
1535 707 1643 746 tripes,

195 755 227 783 et
241 753 354 784 comita
371 752 444 793 puri
457 752 543 792 salia,
567 762 604 783 ac
629 755 704 791 toga
725 750 922 792 quantumvis
942 760 1046 782 crassa
1068 761 1136 790 (μα’
1158 760 1262 782 arcere
1274 751 1386 790 frigus
1399 752 1511 782 valeat.
1555 749 1644 781 Huic

801 843 1038 857 eeeeeeeeeeee

198 915 442 952 pervenerunt,
468 921 528 953 pro
555 912 700 944 Habebat
723 917 884 952 corrupte
910 911 1013 943 habet
1040 911 1200 948 Halebat;
1232 911 1324 942 unde
1347 915 1460 942 tamen
1490 908 1644 940 fortassis

196 953 444 985 emendandum
469 958 543 986 est:
567 955 682 986 Ale-bat
701 965 780 996 ωερε
800 956 957 990 ducentos.
978 954 1067 994 Saepe
1088 955 1190 985 decem
1210 963 1325 984 servos.
1369 955 1378 970 ‘
1391 952 1495 983 Alere
1510 949 1644 982 servos’

193 995 381 1036 eleganter,
392 1001 430 1028 nt
445 996 559 1028 Graeci
577 997 618 1028 ad
636 997 773 1029 verbum
785 995 914 1032 βόσκειν
928 995 1060 1033 οἰκέτας,
1075 996 1246 1036 Aristoph.
1263 996 1463 1037 Lysistrata,
1479 1003 1526 1025 vs.
1539 991 1647 1025 1205!

194 1037 303 1069 Remi.
347 1038 482 1070 ‘Aiebat
510 1039 681 1070 rarissima
706 1044 781 1076 erat
808 1040 923 1076 lectio,
943 1039 1087 1080 ideoque
1114 1039 1255 1078 praelata
1281 1048 1300 1069 a
1327 1038 1499 1074 Bentleio,
1519 1036 1584 1067 etsi
1610 1038 1646 1065 et

195 1079 260 1111 ista
273 1079 622 1113 Membrana-tantum
644 1081 736 1112 illam
755 1085 1078 1122 repraesentaverat,
1100 1085 1136 1112 ut
1149 1082 1201 1111 vel
1219 1081 1292 1121 ipse
1308 1079 1479 1111 advertit.’
1503 1077 1646 1109 Gesne—

852 1187 995 1219 NOTAE

200 1259 428 1292 Proaeerbium
439 1265 493 1295 est
506 1271 514 1292 :
538 1260 661 1302 Ἡραῖον
672 1260 823 1302 βαδίζειν,
834 1263 895 1293 Ju-

197 1308 338 1357 nmtijun,
361 1319 416 1341 seu
440 1310 574 1342 Junonis
600 1313 643 1342 ad
667 1312 768 1343 instar
789 1322 893 1352 proce-

198 1358 291 1390 dere.-
312 1358 390 1390 iude
417 1364 545 1399 natum,
570 1360 661 1400 quod
683 1361 822 1393 Junonii
846 1362 893 1392 in-

198 1416 316 1441 cessus
338 1408 484 1448 gravitas
506 1413 542 1439 et
562 1409 723 1449 majestas
741 1410 893 1441 celebre-

199 1461 268 1488 tur.
296 1456 419 1496 virgil.
434 1456 568 1488 AEneid.
584 1467 609 1488 ι.
623 1461 677 1489 50.
712 1459 892 1499 Quaprop-

191 1508 252 1536 -ter
265 1505 367 1536 etiam
384 1505 487 1536 boves
508 1505 551 1536 ad
567 1506 641 1546 ejus
657 1516 754 1538 sacra
771 1508 894 1548 quaesi-

196 1559 249 1586 tas
265 1554 356 1586 idem
369 1553 477 1586 refert
492 1555 621 1596 Georg.
641 1565 698 1587 ιιι.
711 1559 786 1588 532.
798 1557 894 1587 nimi-

197 1613 269 1636 rum
283 1604 328 1636 ob
341 1603 550 1637 tarditatem.
594 1606 686 1638 Hinc
698 1610 733 1638 et
747 1607 894 1648 virgines

195 1653 296 1686 dietae
313 1653 494 1696 κανηφόροι,
514 1665 590 1696 quae
614 1655 710 1696 gravi
736 1660 772 1687 et
799 1657 894 1688 lento

196 1704 304 1745 gradu
318 1705 552 1746 procedebant
569 1705 601 1736 in
613 1706 757 1738 sunonis
773 1707 893 1745 sacris,

195 1754 356 1796 imposita
370 1755 540 1796 capitibus
563 1755 711 1787 canistra
731 1755 896 1795 ferentes,

195 1804 230 1837 in
255 1805 377 1846 quibus
401 1804 669 1837 continebantur
694 1815 749 1836 res
772 1805 814 1836 ad
839 1806 896 1837 illa

196 1855 411 1886 necessariae.
435 1855 508 1887 cie.
524 1855 558 1886 in
573 1855 737 1886 Verrem:
762 1857 772 1872 ‘
786 1856 896 1887 Erant

197 1908 369 1945 preterea
399 1914 495 1936 aenea
531 1904 598 1936 duo
634 1905 742 1946 signa,
771 1905 897 1936 eximia

198 1958 390 1993 venustate,
401 1954 555 1995 virginali
565 1954 682 1986 habitu
700 1960 804 1996 atque
822 1965 895 1986 ves·

200 2002 267 2035 titu
287 2013 296 2034 τ
321 2013 396 2045 quae
433 2004 585 2036 manibus
619 2005 762 2037 sublatis
798 2015 897 2036 sacra

200 2059 295 2083 more
321 2052 580 2084 Atheniensium
605 2055 769 2094 virginum
798 2065 897 2095 repo-

202 2101 269 2132 sita
283 2101 318 2133 iu
336 2103 506 2143 capitibus
520 2105 745 2136 sustinebant.
789 2106 896 2138 Cane-

201 2151 316 2191 pliorae
329 2152 411 2192 ipse
427 2152 655 2186 vocabantur:
691 2154 794 2186 Ovid.
811 2156 899 2188 Met.

202 2210 245 2237 u,
266 2202 277 2220 ⁴
290 2201 357 2233 Illo
377 2200 467 2234 forte
483 2202 538 2234 die
551 2208 655 2235 castae
672 2203 714 2236 de
729 2213 822 2236 more
836 2215 896 2245 pu-

201 2251 276 2282 ellae
293 2251 431 2283 Vertice
447 2253 626 2293 supposito
643 2252 748 2286 festas
768 2255 802 2286 in
819 2255 897 2286 Pal-

201 2299 287 2332 ladis
303 2310 399 2332 arces
422 2301 516 2333 Pura
529 2303 698 2334 coronatis
714 2305 898 2344 portabant

202 2358 300 2381 saera
315 2351 495 2384 canistris:
537 2353 590 2384 Ex
613 2353 663 2384 his
685 2358 783 2394 patet
799 2365 897 2386 caue-

205 2399 326 2440 pboras
340 2400 495 2433 extitisse
510 2401 650 2442 Junoni,
668 2403 799 2445 Cereri,
821 2405 898 2436 Pal·

202 2447 283 2481 ludi.
326 2449 415 2482 Vide
431 2460 472 2482 11.
485 2451 556 2483 Sat.
571 2454 603 2482 8.
621 2455 673 2484 14.

246 2501 288 2532 12
311 2499 510 2540 Tetrarchae]
546 2501 738 2534 Praefectos
754 2507 898 2544 quatuor

206 2548 398 2587 provinciis.
414 2545 420 2552 ‘

250 2598 291 2628 18
313 2597 366 2629 Sit
380 2599 570 2633 mikimeusa
582 2601 694 2643 tripes]
718 2602 826 2634 Paulo
841 2612 900 2633 an-

209 2648 246 2676 te
259 2647 398 2685 grandia
418 2652 454 2681 et
477 2660 604 2684 summa
626 2662 769 2694 quaeque
790 2653 824 2684 in
839 2662 901 2684 ore.

210 2696 472 2739 habebat=jam
502 2711 585 2734 vero
614 2704 683 2735 ait:
719 2705 835 2736 Pauca
864 2709 900 2735 et

212 2755 316 2787 parva
341 2746 531 2789 suffici-iun
555 2752 718 2784 modicam
740 2759 777 2785 et
800 2754 900 2785 vilem

212 2796 288 2828 volo
315 2798 601 2839 suppellectilem3
636 2804 715 2834 satis
742 2803 822 2836 mihi
849 2810 901 2835 est

949 1272 1016 1293 tina
1031 1272 1136 1294 mensa
1151 1262 1259 1302 tripes,
1271 1262 1324 1301 &a
1345 1265 1384 1292 ut
1395 1260 1509 1301 vulgo.
1557 1259 1645 1290 Nam

947 1313 1164 1351 magnatibus
1187 1321 1254 1344 non
1274 1312 1373 1342 unica
1396 1311 1456 1341 sed
1481 1310 1648 1350 plurimae,

947 1374 1067 1404 eaeque
1089 1373 1156 1394 uno
1176 1363 1262 1402 pede
1284 1361 1385 1399 nixoe,
1410 1361 1531 1391 saltem
1554 1369 1647 1400 quae-

947 1412 1034 1443 dam.
1077 1410 1260 1442 Luxuriam
1273 1410 1371 1439 istam
1389 1408 1572 1448 proscribit
1585 1409 1649 1440 Ju-

947 1459 1075 1490 venalis
1103 1460 1175 1490 Sat.
1197 1466 1221 1489 1.
1244 1459 1355 1488 ‘latos
1381 1457 1529 1488 sustinet
1547 1457 1647 1488 orbes

947 1508 1088 1540 Grande
1104 1507 1200 1546 ebur,
1214 1510 1250 1538 et
1268 1515 1388 1547 magno
1403 1506 1554 1536 sublimis
1571 1516 1648 1545 par-

947 1558 1008 1588 dns
1037 1557 1155 1589 hiatu-³
1198 1557 1268 1588 Dio
1292 1557 1326 1587 in
1362 1556 1498 1587 Nerone
1531 1555 1650 1593 refert,

948 1608 1086 1639 Senecae
1116 1606 1252 1638 affuisse
1289 1615 1421 1637 mensas
1452 1605 1605 1645 tripedes
1629 1615 1648 1636 e

947 1657 1051 1688 cedro
1066 1657 1283 1698 quingentas.
1308 1656 1399 1687 Just.
1417 1655 1550 1694 Lipsius
1569 1660 1649 1687 ante

947 1708 1006 1738 cit.
1030 1717 1100 1738 rem
1124 1706 1318 1738 luculenter
1340 1704 1502 1744 exponit:
1529 1704 1562 1734 in
1580 1714 1649 1735 coe-

947 1758 1082 1797 naculo,
1090 1756 1214 1797 inquit,
1224 1764 1339 1786 mensa
1351 1753 1586 1786 collocabatur
1597 1763 1648 1784 ro-

948 1807 1068 1844 tunda,
1082 1807 1293 1847 plebeiorum
1307 1805 1427 1845 tripes,
1437 1809 1473 1835 et
1490 1814 1509 1834 e
1522 1804 1649 1844 simpli-

947 1856 977 1887 ci
995 1856 1095 1895 ligno‚
1110 1855 1252 1886 divitum
1274 1864 1314 1886 ac
1332 1863 1509 1894 procerum
1526 1854 1649 1889 citrea,

948 1915 1084 1945 acerna,
1114 1909 1173 1936 aiut
1194 1914 1292 1946 quam
1324 1904 1447 1935 lamina
1470 1903 1649 1943 integebat

949 1959 1126 1995 argentea,
1139 1964 1178 1986 ac
1190 1964 1252 1994 pes
1265 1953 1412 1984 eburnus
1426 1953 1649 1993 fabrefactus,

949 2009 1033 2044 puta
1050 2004 1081 2034 in
1098 2004 1234 2035 modum
1251 2002 1348 2044 pardi
1363 2007 1420 2034 aut
1444 2003 1564 2041 leonis,
1579 2013 1650 2033 sus-

949 2054 1091 2085 tinebat.

994 2107 1034 2135 14
1059 2104 1182 2135 Concha
1202 2103 1280 2135 salis
1303 2103 1391 2144 puri]
1425 2104 1541 2134 Tenue
1573 2103 1651 2134 sali·

951 2162 1029 2184 num
1043 2164 1062 2185 e
1073 2155 1213 2192 concha,
1229 2154 1284 2185 vel
1301 2163 1411 2186 merus
1427 2155 1488 2193 sal,
1503 2164 1564 2195 pro
1581 2164 1651 2184 om·

952 2203 985 2234 ni
1001 2203 1155 2236 obsonio.
1185 2204 1276 2235 Vide
1294 2213 1334 2235 ιι.
1350 2205 1422 2236 Sat.
1437 2207 1468 2235 2.
1483 2207 1535 2235 17.
1552 2206 1561 2221 ⁴
1573 2213 1649 2235 cum

953 2252 1022 2284 sale
1032 2254 1126 2294 panis
1138 2254 1335 2286 Latrantem
1344 2256 1554 2286 stomachum
1563 2254 1649 2284 bene

951 2302 1078 2333 leniet!
1122 2304 1232 2335 Porro
1253 2314 1313 2335 cnr
1326 2303 1460 2335 assidua
1476 2303 1651 2334 veteribus

952 2356 988 2383 et
1004 2353 1098 2392 quasi
1124 2363 1220 2385 sacra
1242 2353 1368 2385 mentio
1395 2353 1492 2384 salini
1509 2357 1544 2384 et
1560 2353 1650 2391 salis,

953 2401 1136 2443 intelliges,
1149 2403 1270 2444 lector,
1282 2414 1324 2435 ex
1345 2403 1543 2442 Plutarcho,
1554 2402 1650 2440 Sym-

953 2462 1026 2492 pos.
1056 2462 1091 2484 v.
1115 2456 1167 2484 10.
1190 2453 1245 2484 ubi
1269 2458 1304 2484 et
1325 2454 1454 2484 citatur
1479 2451 1649 2481 Homerus

951 2504 961 2520 ‘
975 2504 1077 2534 salem
1095 2503 1243 2534 divinum
1256 2503 1265 2516 ¹
1281 2511 1492 2541 nuncupans.

997 2554 1083 2594 Toga
1097 2554 1216 2593 massa]
1237 2553 1395 2586 Juvenal.
1412 2560 1462 2582 ix.
1479 2553 1534 2582 28.
1554 2551 1564 2568 ‘
1577 2551 1650 2591 pin-

953 2613 1034 2643 gues
1057 2603 1231 2634 lacernas'
1257 2608 1368 2633 vocat.
1414 2602 1584 2632 Martialis
1600 2610 1649 2632 iv.

954 2655 1006 2684 19.
1041 2656 1050 2671 ‘
1065 2654 1224 2693 pinguem
1254 2651 1455 2693 Sequanicae
1494 2651 1650 2682 textricis

954 2703 1122 2734 alumnam
1135 2701 1144 2715 ’
1160 2702 1256 2734 dicit.

999 2757 1037 2785 15
1062 2754 1175 2785 Decies
1197 2752 1339 2793 centena]
1378 2751 1446 2783 Hic
1462 2755 1500 2782 ut
1517 2754 1553 2782 et
1569 2750 1649 2782 alibi

955 2813 1087 2844 semper
1101 2802 1254 2843 subaudi,
1277 2806 1286 2820 ‘
1304 2802 1408 2834 millia
1430 2801 1651 2833 sestertium)
