1890 3256
349 263 370 303 1
379 262 457 304 154

347 365 519 405 Horum
539 367 586 404 tu
607 361 652 404 in
671 375 892 404 numerum
912 365 1014 403 voto
1033 362 1123 401 ruis
1140 375 1151 402 t
1181 361 1343 403 invidet
1363 375 1487 404 usum

346 429 577 482 Lignorum
597 432 639 470 et
655 429 824 482 pecoris
843 428 926 467 tibi
946 428 1043 469 calo
1065 432 1241 479 argutus
1261 432 1306 467 et
1326 429 1447 469 horti.

347 494 483 547 Optat
501 494 709 547 ephippia
726 494 807 533 bos
827 493 973 545 piger;
1001 495 1123 545 optat
1140 505 1260 532 arare
1281 494 1489 533 caballus.

347 558 492 609 Quam
510 561 592 600 scit
611 562 800 610 uterque,
821 558 976 607 libens,
998 558 1200 606 censebo,
1223 562 1422 598 exerceat
1443 561 1591 598 artem.

809 274 851 310 Q.
883 270 1090 303 HORATu
1124 271 1292 302 FLAccl

344 676 396 706 tis.
441 676 505 706 His
518 676 643 715 adiungi
654 677 842 707 vehementer
858 679 994 715 exoptas.
1037 676 1134 715 Atqui
1148 678 1285 706 versutus
1298 675 1362 705 calo
1376 674 1432 704 tibi
1453 675 1570 705 invidet
1592 683 1677 705 usum
1698 674 1759 712 lig·

343 726 451 747 norum
461 720 491 747 et
504 719 649 756 pecudum
661 722 690 748 et
701 718 824 749 hortuli.
858 717 911 747 Sic
924 716 975 747 bos
987 717 1071 747 iners
1081 716 1233 756 ephippia,
1245 725 1336 756 equus
1350 719 1487 746 aratrum
1496 715 1659 746 desiderat.
1689 713 1759 754 Ego

343 767 413 788 vero
427 758 553 798 edicam,
567 762 602 789 ut
616 759 739 799 quisque
750 759 831 790 ultro
842 759 922 789 colat
936 761 1037 789 artem
1050 768 1140 798 quam
1150 758 1245 788 novit.

935 851 991 863 001

346 902 495 933 Florent.
511 904 687 933 usa—41
710 903 938 934 Schoenborn.
955 907 987 935 2.
1006 905 1122 935 invidet
1136 907 1300 936 nsua—43
1325 903 1404 934 Vat.
1422 906 1450 933 l.
1463 907 1498 933 et
1512 902 1658 934 chisian.
1678 906 1709 933 5.
1725 905 1758 933 6.

342 944 459 982 epithia
473 943 535 973 bos.
567 944 576 960 ‘
589 944 764 973 Bentleius
780 944 828 973 sic
844 944 1064 982 interpungit,
1078 946 1149 974 bos:
1170 947 1259 982 piger
1273 947 1358 982 optat
1372 954 1460 974 arare
1473 944 1619 979 caballus,
1635 948 1669 974 et
1684 953 1759 974 cum

344 993 385 1014 eo
401 983 545 1014 Wetzel.
559 987 597 1012 ut
615 983 706 1022 piger
726 982 890 1014 referatur
903 984 946 1014 ad
960 985 1093 1014 caballus
1101 994 1114 1020 ,⁶
1128 985 1223 1024 quasi
1238 993 1256 1013 e
1272 993 1308 1014 re
1324 989 1413 1018 nata,
1430 989 1465 1014 et
1479 985 1654 1015 occasione
1669 984 1759 1015 dica—

343 1029 415 1054 tur:
439 1024 638 1063 pigerrimus
653 1024 740 1055 euim
762 1023 876 1061 fuerit,
891 1025 947 1064 qni
963 1025 1121 1064 ephippia
1137 1025 1324 1062 detrectet;
1348 1030 1504 1059 aratrum,
1519 1030 1554 1055 et
1569 1025 1685 1064 jugum
1702 1034 1759 1064 ap·

342 1069 450 1104 petat.
493 1065 611 1095 Haeret
637 1065 713 1096 hinc
735 1065 836 1096 etiam
853 1066 1043 1104 Gesnerus;
1067 1070 1102 1096 et
1117 1066 1270 1105 exponit,
1289 1066 1388 1105 piger,
1408 1075 1506 1106 quem
1530 1066 1621 1105 piget
1637 1065 1759 1096 laboris

343 1105 404 1137 sui.
433 1106 486 1136 Ita
499 1106 579 1136 nihil
594 1105 708 1145 refert,
723 1107 792 1136 sive
807 1106 848 1136 ad
863 1107 995 1146 bovem,
1006 1108 1078 1137 sive
1092 1107 1134 1138 ad
1149 1116 1270 1147 equum
1284 1106 1419 1137 referas.
1447 1106 1523 1137 Non
1538 1106 1647 1144 video,
1657 1115 1760 1146 quare

344 1156 384 1177 eo
400 1155 498 1177 sensu
521 1147 530 1164 ‘
547 1147 746 1186 pigerrimus
759 1147 767 1161 ’
791 1147 858 1178 dici
875 1149 978 1187 possit
993 1157 1109 1188 equus,
1130 1149 1187 1188 qui
1202 1147 1362 1188 praeferat
1386 1147 1529 1178 libenter
1545 1148 1628 1178 duro
1647 1153 1759 1178 aratro

342 1197 476 1227 gravem
502 1193 623 1219 terram
648 1193 794 1226 vertere,
819 1197 847 1220 1.
868 1190 939 1219 Sat.
968 1193 996 1220 l.
1020 1192 1073 1221 28.
1099 1189 1198 1229 longe
1220 1188 1414 1220 laboriosius
1436 1189 1514 1219 vitae
1542 1197 1645 1228 genus
1671 1188 1759 1228 quod

343 1233 435 1260 esset
451 1229 617 1260 ordinario
633 1238 804 1270 equorum.
848 1230 949 1269 Piger
963 1231 1023 1261 bos
1039 1230 1175 1269 dicitur,
1189 1231 1267 1271 quia
1282 1234 1398 1260 natura
1419 1232 1427 1247 ‘
1442 1229 1579 1268 tardus‚'
1595 1234 1759 1269 perpetuo

343 1270 506 1309 epitheto.
563 1270 664 1301 Ovid.
688 1270 800 1302 Amor.
824 1279 848 1302 ῐ.
867 1274 918 1302 13.
943 1274 995 1302 16.
1027 1272 1037 1289 ⁴
1054 1271 1168 1302 Prima
1193 1281 1292 1302 vocas
1318 1271 1431 1301 tardos
1459 1270 1623 1310 subjuga
1648 1270 1759 1311 panda

341 1311 468 1342 boves.'
512 1311 611 1348 Nam,
627 1316 665 1343 ut
679 1311 786 1353 inquit
802 1312 872 1344 Cic.
888 1322 929 1343 ιι.
947 1313 990 1343 de
1011 1313 1092 1344 Nat.
1109 1312 1211 1344 Deor.
1226 1316 1279 1343 63.
1303 1313 1312 1329 ‘
1329 1313 1408 1352 Ipsa
1424 1311 1521 1342 boum
1538 1316 1632 1351 terga
1646 1312 1757 1343 decla-

341 1357 431 1388 rant,
445 1362 512 1384 non
527 1361 602 1383 esse
617 1362 653 1384 se
668 1353 708 1383 ad
725 1363 806 1384 onus
821 1353 1053 1393 accipiendum
1069 1353 1230 1394 figurata:
1255 1355 1400 1385 cervices
1416 1357 1527 1384 autem
1543 1358 1630 1384 natae
1645 1353 1687 1384 ad
1704 1354 1759 1393 ju-

342 1403 439 1432 gum:
463 1398 532 1425 tum
550 1394 636 1425 vires
651 1395 872 1433 humerorum,
887 1400 922 1426 et
937 1395 1131 1426 latitudines
1157 1395 1199 1426 ad
1222 1399 1335 1426 aratra
1357 1394 1581 1425 extrahenda!
1622 1394 1658 1426 Si
1678 1403 1759 1434 ergo

342 1434 416 1473 bos,
431 1439 466 1465 et
480 1444 599 1475 equus,
621 1445 681 1466 sua
701 1442 790 1466 sorte
812 1445 878 1466 non
901 1437 1063 1472 contenti,
1087 1437 1164 1467 vitae
1181 1445 1282 1475 genus
1300 1436 1388 1467 inter
1403 1445 1438 1466 se
1453 1440 1657 1466 commutare
1671 1445 1759 1466 ama·

342 1479 429 1510 rent,
443 1477 464 1507 l.
480 1485 510 1507 c.
528 1479 557 1507 l.
571 1485 665 1516 seqq.
681 1476 722 1507 ad
740 1477 942 1517 impossibile
958 1478 1158 1516 niterentur,
1173 1482 1208 1508 et
1223 1482 1340 1508 contra
1355 1481 1504 1507 naturam
1517 1480 1678 1516 agerent3
1699 1477 1759 1507 im-

341 1516 526 1554 prudenter
541 1518 685 1549 omnino.
721 1518 732 1535 ‘
748 1518 815 1549 Bos
841 1523 926 1554 arat,
951 1528 1057 1558 equus
1079 1516 1208 1550 certat:
1231 1519 1319 1559 quod
1342 1518 1369 1548 si
1391 1526 1505 1549 eorum
1520 1526 1622 1557 opera
1636 1522 1758 1556 mutes,

340 1561 470 1588 naturae
496 1558 652 1598 injuriam
673 1557 775 1590 facis?
818 1559 959 1591 Maxim.
984 1559 1102 1599 Tyrius
1125 1560 1264 1591 Dissert.
1290 1562 1341 1590 13.
1385 1559 1475 1590 Hinc
1497 1558 1649 1598 adagium
1664 1558 1758 1593 illud,

341 1599 430 1637 quod
446 1597 544 1630 affert
561 1599 745 1638 Horatiu83
769 1603 804 1631 et
828 1600 871 1631 de
898 1610 962 1640 quo
987 1600 1075 1631 idem
1092 1600 1211 1631 Cicero
1227 1609 1261 1632 v.
1277 1600 1318 1631 ad
1336 1599 1408 1631 Att.
1424 1603 1475 1631 15.
1497 1601 1507 1616 ‘
1523 1599 1665 1631 Clitelloe
1681 1599 1758 1630 bovi

340 1643 418 1670 sunt
442 1640 630 1680 impositae:
669 1641 751 1672 'Non
774 1641 1003 1673 detrectarent
1021 1642 1125 1681 igitur
1147 1641 1294 1673 laborem
1312 1642 1422 1681 pigri,·
1444 1641 1503 1672 sed
1529 1641 1630 1672 talem
1655 1640 1758 1680 elige-

339 1684 429 1719 rent,
448 1690 546 1753 queFm
570 1682 739 1722 ignorent,
765 1686 801 1714 et
823 1683 975 1723 perferre
999 1692 1066 1715 non
1093 1683 1235 1724 possint.
1279 1684 1379 1714 Patet
1401 1683 1502 1714 etiam
1524 1691 1567 1712 ex
1588 1690 1687 1713 versu
1707 1689 1758 1711 se-

341 1724 477 1761 quemn·
527 1732 573 1754 ea.

1149 851 1166 862 ο

978 1785 1121 1818 No'rAE

380 1847 419 1876 41
445 1845 567 1877 Invidet
579 1855 665 1877 usum
679 1847 864 1885 Lignorum,
877 1847 946 1887 qma]
969 1847 1023 1878 Tu
1075 1848 1220 1888 majores
1234 1848 1339 1878 nostri
1355 1846 1471 1882 fustes,
1484 1853 1566 1884 quos
1577 1842 1757 1880 portabant

340 1893 445 1921 servis
459 1893 598 1924 urbanis
622 1895 744 1925 ascribi
761 1899 797 1925 et
811 1895 1023 1925 annumerari
1075 1901 1253 1933 sequentes
1267 1895 1415 1924 dominos
1430 1892 1471 1918 ad
1498 1889 1620 1919 bellum
1634 1900 1642 1919 :
1666 1890 1754 1920 unde

340 1938 456 1978 gestis.
501 1938 628 1968 Contra
648 1942 794 1967 urbanus
817 1941 936 1976 ‘caim'
964 1941 1022 1976 qui

340 1986 431 2016 foras
459 1985 488 2016 it
522 1984 698 2023 lignatum,
727 1986 791 2014 &c.
821 1983 880 2013 tibi
905 1983 1023 2014 invidet

339 2043 427 2064 usum
454 2037 490 2064 et
523 2031 719 2063 facilitatem
748 2031 892 2063 habendi
922 2031 1022 2071 ligna,

341 2082 498 2121 pecudes,
532 2081 633 2111 olera.
683 2078 846 2118 Adeoque
881 2078 1022 2110 alienam

341 2130 481 2170 quisque
517 2127 740 2159 conditionem
775 2127 895 2167 diligit,
930 2137 1021 2158 suam

341 2178 435 2209 odit:
459 2177 539 2217 quia
565 2185 633 2206 suae
657 2175 821 2216 persentit
846 2176 1022 2206 incommo-

341 2226 398 2265 da,
411 2234 475 2255 non
492 2229 604 2255 autem
618 2225 749 2255 alienae.

383 2276 424 2304 42
450 2273 539 2312 Calo]
562 2273 677 2304 Graeci
703 2273 822 2310 lignum
848 2272 946 2302 κᾶλον
974 2270 1024 2302 di-

342 2326 447 2354 cunt:
467 2322 546 2352 hinc
572 2330 688 2353 servus
716 2321 813 2361 lignis
838 2319 1026 2361 quaerendis

342 2375 378 2402 et
393 2369 691 2402 sumministraudis
706 2369 899 2409 deputatus,
913 2369 1025 2400 dictus

342 2419 407 2449 calo
421 2418 514 2460 quasi
536 2416 744 2458 ‘lignarius,’
774 2426 833 2448 seu
859 2417 1025 2457 lignator:

344 2476 409 2507 quo
425 2466 597 2507 praecipue
612 2466 772 2497 vocabulo
782 2465 925 2506 intelligi
939 2465 1027 2496 solet

343 2515 488 2547 militum
513 2524 642 2554 servus,
666 2515 706 2546 iis
729 2514 882 2554 praebens
900 2517 936 2545 et
950 2522 1025 2554 por-

343 2567 417 2594 tans
445 2563 536 2604 ligna
557 2572 614 2595 seu
636 2564 761 2603 ligneas
785 2563 907 2594 clavas.
931 2563 1024 2594 Fest.

346 2611 464 2651 Pomp.
489 2611 577 2643 Non.
595 2611 750 2643 Marcell.
773 2611 921 2642 Latinam
945 2619 1024 2641 vero

345 2659 492 2698 assignat
505 2659 666 2698 originem
681 2659 825 2699 Servius,
840 2659 874 2690 i'n
897 2658 1025 2689 AEneid.

344 2705 410 2740 vir.
452 2707 508 2739 Ita
532 2707 701 2740 scribens:
723 2709 733 2727 ‘
748 2708 845 2740 Calas
869 2706 1025 2739 dicebant

1075 1944 1110 1971 et
1119 1941 1251 1970 calone·
1265 1936 1372 1968 dicti!
1396 1937 1502 1968 Lucil.
1517 1937 1527 1954 ‘
1538 1937 1660 1968 Scinde
1672 1947 1755 1977 puer

1075 1986 1193 2024 calam,
1206 1990 1241 2015 ut
1253 1985 1362 2016 caleas
1374 1983 1402 2023 ;'
1416 1984 1449 2015 id
1461 1989 1511 2016 est
1523 1995 1533 2023 ;
1546 1994 1654 2022 serve,
1665 1985 1756 2017 fran-

1074 2042 1116 2072 ge
1145 2032 1280 2068 fustem,
1309 2041 1367 2063 seu
1391 2032 1527 2074 lignum,
1551 2032 1607 2064 fac
1629 2032 1755 2074 focum,

1074 2080 1222 2112 accende
1239 2080 1359 2120 ignem.

1114 2130 1155 2159 43
1181 2129 1277 2167 Optat
1292 2128 1431 2168 ephippia
1445 2128 1510 2168 bos]
1539 2128 1703 2160 Proverb.
1719 2130 1753 2160 in

1072 2185 1129 2207 eos
1151 2177 1207 2217 qui
1236 2176 1287 2206 sui
1312 2177 1457 2208 muneris
1482 2175 1591 2208 officia
1612 2182 1648 2208 et
1669 2187 1752 2209 onus

1072 2225 1288 2264 impatienter
1316 2223 1442 2264 ferunt,
1463 2225 1571 2256 aliena
1595 2234 1675 2256 vero
1702 2231 1752 2257 te-

1072 2281 1163 2304 mere
1179 2276 1354 2312 appetunt.

1114 2319 1284 2360 Ephippia]
1317 2320 1491 2359 Ἐφῖπτιον,
1525 2325 1656 2352 matum
1681 2321 1751 2352 sive

1070 2369 1146 2400 sella
1158 2370 1240 2408 equi,
1254 2369 1342 2408 apud
1358 2369 1628 2408 Xenophontem.

1113 2419 1156 2449 44
1179 2418 1279 2453 Quam
1290 2417 1334 2448 sit
1346 2420 1481 2455 uterque,
1492 2415 1562 2455 qm]
1576 2416 1660 2448 Quae
1674 2425 1750 2448 cum

1069 2467 1119 2498 ita
1133 2466 1213 2504 sint,
1235 2470 1270 2497 et
1283 2474 1355 2496 cum
1370 2473 1428 2494 suo
1442 2472 1607 2504 quemque
1621 2466 1751 2496 muneri

1070 2513 1263 2545 incumbere
1284 2511 1454 2551 expediat,
1478 2511 1610 2542 villicus
1626 2520 1681 2542 rus
1697 2521 1752 2544 co-

1074 2562 1140 2594 lat:
1164 2562 1234 2593 calo
1253 2564 1386 2590 maneat
1403 2559 1437 2590 in
1460 2559 1555 2599 urbe,
1573 2561 1637 2592 &c.
1679 2561 1751 2594 Cic.

1075 2610 1174 2642 Tusc.
1185 2618 1210 2640 r.
1225 2617 1257 2639 u.
1272 2610 1325 2638 41.
1348 2609 1357 2625 ‘
1369 2608 1463 2639 Bene
1476 2607 1533 2639 illo
1548 2607 1748 2640 Graecorum

1075 2657 1252 2699 proverbio
1268 2656 1462 2696 praecipitur
1477 2667 1485 2688 =
1513 2656 1524 2674 ⁴
1537 2656 1646 2689 Quam
1660 2657 1748 2696 quis-

1077 2714 1140 2747 que
1149 2705 1237 2736 norit
1246 2709 1363 2744 artem,
1376 2704 1409 2735 in
1421 2704 1484 2736 hac
1497 2713 1534 2736 se
1549 2704 1728 2738 exerceat?
1739 2704 1750 2718 ²
