1930 3242
1525 290 1611 331 893

1555 394 1614 434 65

616 303 894 335 samioNum
932 303 1026 332 Lus.
1057 302 1088 333 1.
1118 291 1160 331 9.

162 401 456 454 Distorquens
477 398 645 447 oculos,
668 403 717 439 ut
736 410 805 438 me
827 397 1033 449 eriperet.
1091 393 1216 435 Male
1235 393 1383 434 salsus

162 468 333 510 Ridens
352 465 648 508 dissimulare:
679 478 822 505 meum
836 464 964 518 jecut·
983 475 1101 504 urere
1121 461 1241 504 bilis.

163 534 292 576 Certe
311 533 460 574 nescio
482 530 587 584 quid
608 536 781 572 secreto
802 530 916 572 velle
935 530 1062 583 loqui
1081 532 1122 570 te

162 601 334 642 Aiebas
354 611 539 640 mecum.
599 596 783 638 Memini
802 599 912 639 bene
929 611 940 650 ;
971 597 1051 638 sed
1071 596 1244 637 meliori

161 668 380 721 Tempore
399 665 571 706 dicam:
600 663 734 705 hodie
753 664 973 705 tricesima
993 664 1183 704 sabbata
1201 675 1211 704 ε
1234 659 1321 704 vin’
1341 667 1390 703 tu

163 733 316 776 Curtis
333 731 363 774 J
367 731 508 773 udaeis
529 731 786 786 oppedere?
817 730 959 773 Nulla
978 729 1102 780 mihi,
1122 730 1318 784 inquam,
1558 727 1616 770 70

165 874 275 902 nuens,
298 867 400 898 oculos
414 869 572 907 torquem,
586 868 622 897 ut
635 875 683 898 me
697 866 855 897 liberaret.
900 865 968 897 Hic
981 875 1054 896 tero
1067 865 1203 904 maligne
1224 868 1368 896 versutus
1381 863 1463 895 ridet
1477 871 1514 894 ac
1525 860 1620 893 disai-

163 908 280 939 muht:
302 908 374 939 bitis
387 911 491 939 nutem
509 909 574 939 urit
587 908 681 947 jecur
695 918 808 939 meum.
856 907 956 938 Porro
969 908 1079 939 addidi
1088 919 1100 940 .·
1123 908 1260 939 Dicebas
1272 907 1408 948 profecto
1422 906 1499 937 velle
1513 907 1543 936 te
1557 913 1621 935 me-

163 959 234 981 cum
246 951 350 982 nescio
363 960 453 992 quem
467 960 615 982 arcanum
630 950 772 989 conferre
793 960 975 982 sermonem.
1021 950 1182 981 Recordor
1203 960 1289 987 sune,
1313 950 1360 981 uit
1372 959 1384 986 ;
1406 950 1460 980 sed
1484 951 1621 986 tempore

163 992 271 1033 loquar
284 993 420 1034 aptiori.-
437 993 528 1025 hodie
542 994 699 1025 tricesima
712 993 840 1025 sabbata
855 996 938 1024 sunt.
982 992 1036 1024 An
1050 994 1143 1024 velles
1156 993 1301 1024 recutitis
1314 992 1439 1024 Judoeis
1452 984 1624 1031 oppeciere?

772 1087 810 1098 u
815 1086 1011 1099 OOOOOOOOO

166 1161 292 1203 aliquid
317 1163 426 1194 oeulis
447 1163 458 1181 ‘
471 1163 672 1194 nutantibus
686 1163 694 1175 '
716 1163 805 1194 velle
823 1162 1097 1194 demonstrare.’'
1124 1163 1312 1195 (ἔθει-68
1335 1166 1343 1179 ·
1357 1159 1498 1193 Locheri
1516 1157 1572 1190 ed.
1587 1163 1625 1190 et

166 1204 293 1235 Venet.
312 1206 407 1236 1490.
430 1205 558 1237 habent
568 1206 713 1242 meliore3
736 1216 802 1247 quo
819 1206 919 1237 modo
934 1205 1117 1237 Pulmanni
1133 1206 1234 1237 codd.
1250 1210 1407 1246 quatuor,
1423 1208 1457 1234 et
1475 1212 1558 1234 unns
1576 1201 1624 1232 al-

168 1252 291 1288 terque
310 1256 354 1278 ex
374 1249 512 1278 nostris.
557 1248 666 1289 quue
683 1254 791 1286 recte,
808 1254 846 1280 ut
862 1248 1002 1289 opin0r;
1026 1249 1074 1279 sic
1088 1249 1177 1279 enim
1196 1249 1285 1280 solet
1306 1248 1454 1279 Noster:
1478 1247 1488 1263 ‘
1503 1243 1625 1275 Conci-

168 1298 229 1319 nes
252 1289 381 1330 majore
409 1290 517 1321 Poeta
544 1290 701 1330 plectro!
741 1292 751 1307 ‘
766 1291 880 1331 Digne
907 1301 994 1331 puer
1017 1291 1156 1322 meliore
1183 1289 1362 1328 flamma,'’
1385 1291 1448 1320 &m
1470 1288 1626 1319 Bentle-

167 1333 211 1362 69
232 1331 398 1364 Quaedam
413 1332 494 1364 edd.
512 1338 597 1364 vett.
613 1333 773 1364 sabbatha.
819 1333 890 1364 l'ro
904 1333 968 1364 vin’
983 1337 1030 1367 tu.
1046 1333 1135 1374 quod
1151 1343 1266 1364 omnes
1280 1331 1379 1363 codd.
1395 1338 1431 1362 et
1446 1330 1526 1361 edd.
1537 1333 1623 1360 vett.

168 1377 320 1410 servant,
345 1374 461 1406 Bentl.
488 1375 571 1415 legit
594 1375 643 1406 vis
669 1379 715 1411 tu,
739 1385 783 1406 ex
807 1384 848 1406 11.
867 1377 938 1406 Sat.
963 1378 993 1407 6.
1009 1378 1064 1407 92.
1087 1384 1233 1416 eumque
1257 1375 1366 1405 secuti
1394 1378 1474 1404 sunt
1499 1370 1624 1403 Sauad.

826 1470 971 1502 NOTAE

167 1520 232 1559 tia,
245 1520 304 1553 illo
320 1519 558 1554 dissimulante
581 1522 773 1563 intelligere
789 1523 870 1564 quid
927 1522 1118 1554 Neomenia
1129 1521 1222 1561 tuba,
1233 1521 1266 1552 in
1281 1520 1402 1561 insigni
1416 1519 1472 1551 die
1485 1517 1630 1550 solenni·

166 1570 302 1602 venem.
344 1570 416 1603 Alii
439 1581 504 1604 non
527 1572 616 1604 male
641 1572 872 1613 interpretan·
927 1573 1010 1604 tatis
1022 1572 1172 1605 vestrae.'
1188 1572 1257 1604 Alii
1269 1572 1544 1612 interpretantur
1557 1569 1629 1600 Ka-

168 1625 239 1661 tur,
253 1621 382 1662 segnia,
393 1621 503 1661 tarda,
518 1621 668 1663 stupida,
682 1632 758 1663 quae
775 1623 872 1654 velli-

170 1670 307 1703 catione
323 1676 359 1703 et
375 1673 596 1712 prensatioue
608 1682 674 1703 non
689 1672 872 1703 moveban-

172 1726 241 1752 tur.
285 1721 364 1754 Quo
394 1722 609 1762 significatur
630 1721 754 1760 frigida
777 1731 872 1752 mens

170 1770 293 1802 Aristii
308 1770 418 1802 amico
433 1771 604 1803 laboranti
616 1771 799 1802 subvenire
813 1770 872 1802 de·

157 1823 368 1855 'trectantis.
401 1823 474 1855 Cic.
490 1824 532 1854 ad
548 1823 657 1856 Attio.
680 1829 688 1841 ¹
703 1823 798 1855 Nihil
810 1833 873 1864 ego

171 1873 231 1905 illo
255 1873 335 1905 novi
356 1873 604 1915 impudentius,
626 1873 784 1912 astutius,
802 1873 873 1904 len—

173 1921 267 1955 tius!
307 1923 450 1955 Suetou.
475 1924 592 1954 Tiber.
618 1925 673 1955 57.
697 1923 819 1954 ‘Saeva
833 1931 873 1954 ac

173 1974 267 2006 lenta
290 1979 415 2006 natura
430 1983 472 2006 ne
487 1974 522 2005 in
547 1982 652 2016 puero
669 1972 807 2015 quidem
825 1973 872 2004 la-

176 2022 267 2054 tuit?

221 2073 361 2112 Natam,
371 2073 579 2114 Dium-quens
591 2072 708 2112 oculos]
724 2072 874 2104 Nutibus

177 2121 355 2162 oculisque
371 2121 503 2162 signnm
519 2121 617 2152 dans.
765 2151 771 2155 ,

220 2173 262 2203 67
300 2171 394 2202 Certe
421 2171 522 2202 nescio
547 2170 623 2211 quid
651 2172 779 2205 secreto,
807 2168 878 2210 ξω]

179 2220 348 2253 Horatius
364 2221 471 2252 instat
492 2230 620 2251 rursum
643 2224 681 2251 nt
707 2219 771 2250 sibi
789 2218 880 2250 Aris·

179 2271 250 2303 tius
279 2275 476 2303 succurrat:
499 2270 559 2302 sed
590 2270 645 2302 hic
666 2279 783 2301 omnes
809 2269 881 2310 ejus

178 2323 351 2356 eluctatur
384 2330 541 2363 conatus,
568 2322 695 2361 ridens,
723 2320 880 2352 dissimu-

179 2375 267 2414 lana,
283 2373 430 2414 deniqne
453 2378 462 2390 ⁴
477 2373 563 2404 male
579 2371 711 2403 salsus?

221 2425 266 2455 69
289 2422 395 2455 Hodie
420 2422 578 2453 tricesima
600 2420 745 2461 sabbata]
770 2419 883 2451 Hodie

180 2472 298 2506 Judaei
313 2473 453 2504 solenne
466 2471 592 2504 festum
608 2472 797 2510 celebrant,
813 2479 880 2510 quo

182 2521 366 2554 intermitti
394 2531 495 2553 omne
530 2521 700 2562 negotium
731 2518 783 2550 fas
815 2524 880 2550 est.

184 2571 250 2602 His
263 2580 328 2612 ego
343 2571 531 2612 astipulor:
549 2580 654 2612 qnare
667 2579 731 2601 nec
746 2568 882 2608 morari,

183 2628 249 2651 nec
279 2628 451 2650 sermones
479 2619 638 2651 conferre
662 2624 775 2651 tecum
802 2618 884 2649 licet

187 2668 299 2700 modo.
346 2667 516 2700 Medma
529 2668 657 2701 sabbata
674 2668 808 2709 quidam
823 2676 882 2698 ex—

187 2717 318 2759 plicant
333 2717 566 2758 Neomen1m,
580 2718 670 2759 quod
693 2718 727 2749 in
753 2717 884 2748 novilu-

187 2768 244 2799 nio
260 2766 442 2798 sabbatum
459 2760 612 2808 magnum
637 2768 768 2801 Judaeis
783 2767 885 2799 liabe-

189 2821 296 2848 retur.
329 2816 443 2847 Psalm
471 2823 584 2849 Lxxx.
611 2817 824 2850 ‘Bucciuate
851 2819 886 2849 in

927 1623 1044 1654 tendas
1061 1623 1188 1654 mensis
1203 1622 1309 1654 Nisan
1322 1622 1379 1663 qni
1393 1621 1519 1662 primus
1533 1620 1566 1650 in
1584 1629 1628 1650 ae-

925 1674 1102 1715 quinoctio
1112 1683 1216 1704 verno
1229 1673 1301 1703 dies
1313 1672 1460 1703 habebat
1474 1670 1628 1710 triginta.

926 1722 995 1754 Alii
1011 1721 1213 1762 intelligunt
1239 1724 1421 1752 maximum
1446 1719 1629 1751 sabbatum

926 1778 963 1803 et
988 1777 1087 1803 vetus
1105 1771 1224 1812 phase,
1247 1781 1312 1813 quo
1327 1780 1450 1810 agnum
1472 1769 1630 1800 comede-

927 1823 1011 1854 bant
1042 1823 1110 1854 ritn
1133 1822 1359 1853 sanctissimo.
1404 1821 1521 1854 Quare
1549 1829 1630 1851 vero

927 1873 1108 1906 tricesima?
1152 1873 1252 1906 Quod
1278 1881 1398 1903 revera
1419 1871 1461 1902 ab
1476 1870 1555 1901 anni
1570 1869 1632 1902 Ju-

928 1923 994 1954 daei
1029 1922 1199 1963 principio
1238 1922 1381 1962 triginta
1409 1924 1633 1951 numerentur

927 1972 1161 2004 hebdomades
1182 1971 1224 2003 ad
1245 1972 1344 2003 istam
1371 1971 1630 2002 solennitatem:

927 2022 1091 2054 videlicet
1116 2033 1135 2053 a
1166 2021 1361 2062 Septembri
1385 2030 1503 2052 mense
1530 2030 1632 2061 quem

928 2072 1014 2103 Tisri
1028 2072 1212 2110 vocabant,
1228 2070 1275 2102 ad'
1295 2070 1470 2102 dimidium
1495 2069 1568 2101 fere
1585 2069 1633 2101 Α-

931 2122 1039 2162 prilis,
1064 2122 1130 2152 illis
1157 2122 1281 2158 Nisam·
1303 2130 1369 2162 quo
1385 2121 1520 2152 Pascha
1544 2120 1633 2151 eele-

932 2171 1091 2202 brabant.
1125 2173 1181 2202 De
1198 2171 1341 2202 sabbato
1351 2170 1550 2203 Judworum
1566 2169 1634 2200 dis-

935 2222 1027 2252 serui
1059 2221 1101 2252 ad
1132 2221 1293 2254 Juvenal.
1315 2220 1387 2251 Sat.
1412 2229 1464 2251 vr.
1495 2222 1569 2251 158.
1597 2223 1635 2250 et

936 2270 1035 2302 Pers.
1050 2270 1121 2301 sat.
1138 2278 1173 2300 v.
1192 2272 1265 2301 184.

977 2322 1019 2351 70
1049 2319 1174 2359 Curtis]
1205 2318 1295 2350 Vide
1323 2319 1396 2351 Sat.
1428 2329 1461 2350 v.
1491 2320 1524 2350 in
1555 2318 1636 2356 fine,

938 2369 1023 2401 Not.
1055 2369 1097 2400 ad
1127 2369 1209 2400 istas
1240 2379 1356 2409 voces,
1392 2369 1559 2402 ‘Jndaeus
1590 2367 1636 2399 A·

936 2420 1050 2461 pellae

981 2469 1156 2511 Oppedere]
1179 2470 1254 2500 Vox
1272 2469 1413 2501 ridicula
1426 2468 1466 2499 ad
1483 2471 1636 2498 contem-

937 2525 1007 2558 tum
1037 2522 1214 2561 apposita:
1239 2517 1491 2556 καταπσπέρδειν,
1518 2516 1638 2548 ventris

936 2569 1086 2608 crepitum
1116 2569 1258 2599 emittere
1284 2570 1404 2605 contra,
1429 2565 1463 2596 id
1493 2570 1558 2604 est,
1584 2574 1637 2596 re-

937 2627 1074 2658 spuere,
1091 2616 1280 2656 aspernari‚
1294 2615 1441 2646 ludibrio
1456 2615 1594 2646 habere.

982 2669 1082 2699 Nulla
1096 2667 1187 2706 mihi,
1202 2667 1339 2707 inquam,
1356 2666 1484 2706 Religio
1495 2667 1556 2708 ese]
1577 2666 1638 2698 Sa-

938 2729 981 2750 ne
1010 2718 1174 2751 ,Iudaicos
1207 2719 1292 2748 ritus
1321 2716 1448 2758 absque
1474 2717 1638 2758 religione

939 2769 1107 2803 violarim,
1123 2768 1266 2809 illosque
1286 2764 1384 2798 flocci
1409 2765 1512 2806 facio,
1527 2766 1638 2808 inquit

941 2817 1118 2849 Horatius.
