1904 3256
601 310 806 341 CARMEN
840 310 1131 341 SAEcULARE.
1510 297 1595 338 751

375 404 576 458 Remque
599 403 864 452 Romanam,
885 403 1152 455 Latiumque
1170 401 1296 451 felix,

373 473 573 515 Alterum
594 473 637 513 in
659 472 862 520 lustrum,
884 471 1134 524 meliusque
1155 482 1340 523 semper,

717 538 928 590 Proroget
949 550 1106 579 aevum.

375 606 582 660 Quaeque
606 605 875 647 Aventinum
898 608 1015 647 tenet
1035 602 1348 658 Algidumque,

373 672 638 724 Quindecim
662 672 810 714 Diana
829 685 982 726 preces
1003 672 1194 713 virorum

374 738 521 790 Curet,
543 745 589 780 et
609 739 725 781 votis
747 751 987 792 puerorum
1008 739 1177 780 amicas

718 806 932 861 Applicet
951 819 1096 848 aures.

1541 671 1598 712 70

143 938 261 969 temper
280 932 407 962 oetatem
426 916 579 970 propaget
596 930 763 970 Imperium
782 929 966 963 Romanum.
987 928 1173 968 Italiamque
1192 931 1361 968 prosperet.
1392 927 1499 959 Diana
1513 936 1602 966 vera,

142 981 212 1012 «μω
227 972 385 1004 Aventina
395 973 493 1005 manti
502 972 653 1014 proesidet
668 975 699 1004 et
715 971 1005 1012 Algido‚suscipiat
1020 974 1092 1003 vota
1107 971 1405 1010 Quindecimvirum,
1420 974 1511 1011 atque
1526 979 1598 1010 pro·

773 1065 954 1078 uemaeoae
959 1065 998 1077 ‘0

145 1140 222 1163 cum
247 1131 327 1172 qnia
349 1141 436 1164 arces
461 1131 630 1172 poeticum
652 1131 758 1172 magis
782 1136 817 1162 et
840 1131 1016 1172 figuratius
1035 1131 1189 1169 videtur3
1214 1135 1285 1162 tum
1301 1129 1380 1171 quia
1396 1133 1524 1170 praeter
1539 1128 1601 1160 do-

145 1183 236 1205 mum
253 1173 400 1215 Augusti
416 1175 606 1206 Palatinam
622 1175 721 1205 etiam
739 1175 848 1214 ipsum
864 1174 1034 1215 Apollinis
1050 1175 1196 1214 templum
1210 1183 1310 1204 sensu
1329 1171 1598 1213 comprehendit.

143 1214 202 1246 Ita
216 1215 314 1257 virg.
328 1217 402 1248 AEn.
421 1225 473 1247 xt.
489 1219 564 1248 4⁷7.
604 1217 729 1248 Noster
745 1222 849 1247 antea
866 1226 914 1247 vs.
932 1218 1098 1256 septimo:
1123 1218 1133 1234 ⁴
1149 1217 1223 1254 Dis,
1236 1215 1358 1258 quibus
1375 1220 1506 1255 septem
1525 1214 1598 1254 pla-

147 1266 248 1289 cuere
265 1258 391 1290 colles.¹
436 1258 555 1290 Claud.
571 1259 657 1290 Bell.
675 1258 766 1290 Gild.
785 1269 831 1289 vs.
848 1261 919 1290 119.
965 1259 1078 1290 Carni.
1098 1267 1168 1290 xn-
1192 1261 1246 1291 19.
1267 1262 1304 1289 et
1331 1267 1383 1290 vr.
1400 1257 1503 1288 Cous.
1528 1256 1599 1287 Ho-

146 1309 218 1331 nor.
232 1309 281 1331 vs.
296 1299 383 1332 61⁷?
406 1300 515 1332 Bentl.
559 1311 630 1331 aras
655 1306 859 1342 receperunt
883 1301 987 1342 Cruq.
1014 1302 1114 1333 Baxt.
1137 1301 1244 1333 Gesn.
1269 1301 1375 1332 Zeun.
1401 1300 1542 1340 Bipont.
1563 1304 1600 1330 et

147 1341 266 1373 Comi».
292 1351 403 1384 neque
427 1344 528 1375 aliter
551 1343 647 1374 Harl.
665 1346 785 1374 3.--66
808 1344 926 1374 Bentl.
942 1344 1033 1384 conj.
1058 1344 1198 1384 Remque
1219 1343 1390 1374 Romanam
1403 1342 1602 1382 Latiamque,

146 1383 170 1415 i.
186 1394 217 1416 e.
233 1383 400 1421 Latinam,
416 1390 456 1416 ut
468 1385 557 1423 felix
580 1385 751 1425 pertineat
767 1385 808 1415 ad
826 1394 897 1425 seq.
919 1386 1052 1416 alterum
1065 1386 1098 1415 in
1113 1386 1266 1422 lustrum;
1289 1385 1398 1416 edidit
1413 1394 1509 1423 vero,
1526 1393 1597 1414 mu-

147 1430 220 1456 tata
234 1430 367 1457 tantum
382 1426 677 1466 interpunctione:
703 1426 760 1467 (Si
774 1427 942 1456 Palatinas
955 1437 987 1458 υ.
1003 1437 1040 1457 ae.
1055 1436 1085 1457 a.
1102 1427 1145 1457 R.
1160 1427 1203 1458 R.
1219 1425 1424 1466 Latiumque)
1439 1426 1526 1463 felix
1541 1425 1601 1456 Al-

143 1470 256 1506 terum,
280 1469 334 1508 ξε.
358 1476 501 1508 eumque
530 1468 638 1499 secuti
666 1466 801 1499 Wakef.
826 1473 863 1498 et
888 1468 1148 1500 Kidd.—68-72
1172 1471 1182 1485 ⁶
1201 1469 1293 1499 Hinc
1318 1477 1466 1508 quoque,
1492 1471 1531 1498 ut
1559 1477 1602 1497 ex

144 1509 258 1541 multis
282 1509 355 1540 aliis
377 1510 473 1547 locis,
496 1514 640 1550 apparet
663 1510 869 1549 permultum
891 1510 1092 1551 interpretis
1112 1511 1290 1550 interesse,
1307 1510 1478 1551 judicium
1501 1509 1600 1540 simul

145 1549 279 1588 afferat,
306 1561 348 1583 an
375 1552 480 1583 solam
507 1551 746 1583 eruditionem.
794 1552 944 1592 Quippe,
959 1562 1035 1584 cum
1052 1553 1085 1583 in
1102 1552 1311 1584 editionibus
1334 1553 1455 1593 priscis
1473 1556 1508 1583 et
1523 1561 1600 1593 quae

144 1602 202 1625 eas
217 1593 447 1634 excipiebant,
461 1594 510 1625 sic
529 1604 594 1625 uno
610 1604 779 1626 consensu
805 1595 952 1635 positum
970 1595 1180 1627 invenirent:
1206 1596 1361 1635 Proroget
1372 1616 1380 1625 .
1394 1617 1419 1626 ..
1432 1595 1532 1626 Curet
1544 1617 1552 1626 .
1567 1616 1575 1624 .
1592 1618 1599 1625 .

144 1635 302 1677 Applicet,
317 1636 351 1668 id
367 1637 443 1668 alba
459 1637 548 1668 linea
564 1638 757 1677 signabant,
783 1642 819 1668 et
835 1638 978 1668 calculis
1006 1639 1075 1668 suis
1099 1638 1369 1678 comprobabant
1394 1638 1502 1668 omnis
1528 1635 1601 1667 fere

145 1677 380 1720 lutei-pretam
397 1679 531 1711 chorus.
578 1680 729 1711 Nimium
746 1689 826 1710 sane
845 1680 1030 1719 patienter,
1053 1681 1080 1710 si
1097 1680 1177 1720 quid
1195 1680 1273 1710 milii
1290 1679 1415 1720 judicii
1431 1685 1496 1710 est.
1530 1678 1600 1709 Sed

144 1721 284 1753 meliora
298 1722 566 1763 suppeditabant
585 1727 720 1753 veteres
738 1722 965 1760 membranae3
991 1722 1016 1752 si
1040 1723 1140 1753 modo
1163 1731 1303 1762 sagaces
1327 1722 1473 1752 lectores
1489 1724 1600 1751 nactae

143 1762 301 1796 fluissent.
346 1765 505 1798 Quatuor
531 1764 622 1795 euim
649 1764 821 1795 Blandinii
848 1764 938 1803 apud
963 1764 1165 1804 Cruquium,
1186 1764 1384 1795 Bersmanni
1401 1772 1502 1801 unus,
1523 1772 1600 1793 cum

146 1806 304 1838 Leidensi
322 1811 440 1838 nostro
456 1811 491 1838 et
507 1817 525 1837 a
542 1816 642 1837 manu
659 1807 770 1847 prima
788 1806 983 1845 Reginensi‚
1000 1807 1171 1846 Prorogat,
1186 1810 1288 1845 curat,
1302 1806 1449 1846 applicat.
1488 1805 1601 1836 Porro

143 1854 182 1880 et
194 1852 296 1886 curat.
311 1849 460 1890 applicat,
481 1855 607 1889 praeter
623 1854 692 1880 tres
708 1849 925 1887 Bersmanni,
942 1849 1145 1880 Graevianus
1161 1855 1291 1888 noster,
1310 1849 1430 1887 Regiae
1446 1847 1602 1879 Societa-

146 1890 202 1932 tis,
217 1891 438 1927 Romaanus,
454 1897 490 1923 et
508 1901 568 1932 pro
586 1892 679 1922 varia
696 1892 842 1922 lectione
855 1891 1081 1923 Battelianus.
1129 1893 1228 1922 Curat
1243 1892 1346 1923 etiam
1364 1891 1464 1922 Galei
1482 1890 1604 1928 codex,

145 1939 182 1966 et
201 1938 350 1974 prm-agae
365 1944 384 1965 a
400 1934 508 1975 prima
524 1943 623 1965 mann
639 1933 930 1974 Magdalenensis.
954 1933 1045 1967 Quid
1062 1934 1150 1975 quod
1166 1937 1256 1966 curat
1271 1939 1306 1965 et
1321 1933 1458 1974 applicat
1473 1933 1602 1964 diserte

145 1981 336 2016 agnoscant
349 1977 557 2008 Scholiastes
574 1983 717 2017 uterque
731 1987 738 2006 :
765 1974 919 2017 quam‘vis
936 1975 1082 2008 absurde
1099 1977 1235 2017 quidem
1252 1983 1437 2008 enarrant:
1462 1978 1471 1993 ⁸
1486 1976 1602 2007 Parti-

146 2017 222 2049 cnln
247 2020 277 2050 ai
302 2029 345 2051 ex
372 2020 547 2060 superiore
575 2029 675 2050 sensu
705 2028 767 2058 per
792 2018 946 2059 Zeugma
973 2019 1157 2058 arcessita3
1182 2023 1219 2050 ut
1236 2019 1320 2051 ordo
1342 2019 1404 2050 sit:
1429 2018 1466 2049 Si
1489 2019 1602 2049 Diana

148 2062 269 2098 preces
284 2066 396 2098 curat,
409 2062 436 2092 si
454 2071 551 2092 aures
569 2062 734 2102 applicat,
756 2065 918 2101 proroget
932 2071 1041 2093 aevum
1058 2062 1091 2092 in
1109 2062 1252 2093 melius.'
1287 2062 1385 2093 Belle
1401 2070 1495 2097 sane,
1510 2061 1600 2102 quod

149 2100 300 2141 Zeugma
314 2102 410 2139 illud,
428 2108 587 2144 tanquam
608 2104 718 2134 Deum
743 2103 887 2144 aliquem
905 2113 946 2134 ex
963 2104 1132 2144 machina,
1152 2104 1396 2135 introducunt:
1422 2104 1519 2144 cujus
1535 2113 1600 2143 ope

149 2148 186 2174 et
202 2143 338 2175 numine
353 2145 561 2185 quibuslibet
577 2145 775 2176 soloecismis
791 2150 825 2175 et
841 2145 1058 2178 barbarismis
1075 2147 1279 2186 patrocinari
1294 2151 1431 2188 queant.
1474 2147 1600 2177 Tamen

148 2189 184 2216 et
198 2185 290 2226 ipsos
307 2195 388 2218 aura
403 2187 559 2228 qnaedam
576 2188 647 2219 veri
664 2185 833 2218 efflavisse
853 2188 1019 2220 videatur.
1061 2189 1117 2221 Sic
1139 2190 1229 2221 enim
1250 2194 1438 2222 annotant:
1462 2189 1471 2206 ‘
1484 2189 1600 2220 Proro-

803 2284 946 2316 NOTAE

147 2355 223 2379 cnm
238 2346 446 2379 bibliotheca
462 2352 498 2379 et
521 2348 668 2388 porticu.
714 2347 804 2379 vide
821 2357 846 2380 1.

149 2396 217 2428 Od.
229 2399 283 2429 31.
329 2397 438 2429 Porro
458 2398 494 2429 in
516 2398 579 2430 hac
596 2398 671 2430 aede
687 2398 849 2430 Palatina

149 2447 334 2480 canebatur
361 2447 536 2480 Saecnlare
567 2449 712 2480 Carmen
744 2450 847 2480 tertio

149 2495 205 2528 die
218 2497 400 2539 nudorum,
412 2503 450 2530 ut
459 2499 616 2530 observat
630 2499 755 2531 Zosim.
769 2504 848 2531 ante

155 2546 214 2578 cit.

193 2597 233 2627 6⁷
257 2597 400 2629 Alterum
424 2599 458 2630 in
481 2599 625 2640 lustrum]
646 2599 712 2630 Vel
729 2600 847 2640 accipe

154 2642 284 2676 lustrum
305 2646 505 2687 simpliciter
531 2659 592 2690 pro
617 2649 729 2689 spatio
752 2649 848 2689 qnin-

154 2700 219 2732 que
235 2701 410 2735 annorum,
436 2702 537 2738 atque
560 2699 645 2730 adeo
672 2698 846 2739 Synecdo-

154 2741 268 2773 chicos
279 2751 340 2782 pro
354 2749 503 2786 tempore
519 2749 674 2789 sequenti
689 2759 695 2778 :
716 2749 768 2779 vel
782 2748 846 2787 sig-

154 2795 278 2822 nanter
293 2796 327 2822 et
340 2795 524 2835 praecipue,
539 2806 600 2835 pro
613 2798 721 2829 altero
738 2806 846 2829 saecu-

153 2841 185 2872 lo
200 2851 208 2872 :
233 2851 309 2872 nam
324 2841 424 2874 Ludis
436 2844 660 2879 Saecularibus
677 2847 782 2879 fiebat
798 2849 847 2879 in-

902 2348 1006 2389 signis
1022 2349 1191 2380 lustratio.
1237 2349 1363 2381 Zosim.
1380 2349 1440 2381 cit.

944 2401 987 2430 69
1012 2399 1150 2440 Quaeque
1179 2399 1370 2432 Aventinum
1394 2403 1475 2430 tenet
1506 2399 1599 2437 Algi-

902 2449 1048 2490 dumque]
1059 2450 1179 2481 Dianae
1194 2454 1292 2481 erant
1302 2449 1392 2486 fana,
1400 2448 1599 2488 fiebantque

902 2509 1011 2540 sacra,
1025 2500 1058 2531 in
1075 2503 1219 2540 utroque
1234 2500 1299 2530 isto
1315 2503 1441 2529 monte.
1487 2497 1601 2528 Aven-

903 2550 992 2581 tinus
1006 2559 1090 2580 unus
1102 2555 1177 2581 erat
1193 2559 1211 2580 e
1229 2554 1361 2589 septem
1387 2547 1480 2578 urbis
1503 2549 1598 2579 colli-

903 2598 978 2629 bus.
1015 2598 1159 2638 Algidus
1175 2598 1218 2628 ab
1231 2596 1366 2628 assiduo
1383 2596 1511 2638 frigore
1529 2598 1600 2629 dic-

903 2652 970 2686 tus,
984 2657 1050 2678 non
1067 2647 1185 2687 procul
1203 2648 1321 2678 Roma.

945 2700 986 2728 70
1012 2697 1196 2732 Quindecim
1224 2696 1331 2728 Diana
1342 2707 1449 2737 preces
1463 2698 1600 2731 virorum

904 2747 1015 2787 Curet]
1039 2747 1306 2780 Qnindecimviri
1336 2747 1531 2780 sacerdotes
1563 2760 1597 2781 e-

902 2802 989 2837 rant,
1019 2807 1159 2839 quorum
1183 2797 1251 2837 jus,
1280 2802 1442 2837 potestas,
1472 2803 1507 2829 et
1527 2798 1599 2830 offi-

902 2848 989 2880 cium
1007 2851 1092 2887 erat,
1108 2846 1286 2887 Sibyllinos
1304 2847 1406 2880 libros
1422 2850 1599 2880 consulere
