1930 3242
425 259 508 300 962

427 360 579 402 Clarus
596 361 690 410 erit,
710 361 848 409 sortis,
863 359 1302 412 justus-Sapiensne
1315 360 1334 399 ‘t
1393 358 1561 400 Etiam!
1591 362 1634 400 et
1651 371 1744 409 rex,

426 426 483 466 Et
502 426 708 479 quicquid
730 426 858 464 volet.
918 424 1035 473 Hoc,
1055 425 1192 466 veluti
1213 425 1364 465 virtute
1383 430 1601 476 paratum,

426 491 631 544 Speravit
651 501 817 539 magnae
839 487 958 528 laudi
977 488 1082 528 fore.
1140 488 1261 538 Quid
1281 490 1422 530 simile
1441 490 1515 530 isti

425 555 606 596 Graecus
627 554 892 606 Aristippus,
915 554 989 606 qui
1010 566 1159 595 servos
1174 554 1384 607 projicere
1405 567 1553 596 aurum

425 621 478 661 In
496 619 635 660 media
649 619 784 670 jussit
805 619 957 671 Libya,
978 620 1080 672 quia
1099 620 1262 660 tardius
1277 621 1380 660 irent

426 685 607 736 Propter
626 695 736 723 onus
756 684 943 735 segnes?
973 688 1063 724 uter
1083 689 1149 724 est
1168 684 1355 724 insanior
1374 684 1526 725 horum
1541 685 1560 724 'l

425 748 501 788 Nil
519 748 606 800 agit
625 748 888 800 exemplum,
906 748 1026 788 litem
1047 749 1161 800 quod
1181 749 1258 789 lite
1279 750 1467 790 resolvit.

425 813 473 854 Si
495 813 595 866 quis
615 817 731 853 emat
751 813 953 862 citharas,
970 816 1108 854 emtas
1128 818 1368 867 comportet
1387 815 1597 863 inunum,

898 272 940 308 Q.
971 268 1175 300 HORATH
1211 267 1381 297 FLAccr

1757 555 1839 596 100

416 928 533 966 justus,
547 929 680 967 prudens
695 938 820 968 quoque,
836 939 948 960 necnon
962 940 1030 968 rex,
1043 934 1074 961 et
1088 932 1290 971 quodcumque
1302 932 1434 963 libuerit.
1479 932 1589 971 Itaque
1603 932 1654 963 ille
1673 930 1732 962 sibi
1751 930 1843 970 polli-

422 970 502 1000 citus
526 972 572 999 est
598 969 651 999 hoc
676 979 785 1008 magno
810 971 915 1001 honori
929 971 1074 1008 futurum
1088 975 1231 1011 tanquam
1247 983 1266 1002 a
1287 973 1400 1003 virtute
1420 973 1596 1012 prefectum.
1640 973 1722 1007 Quid
1741 972 1840 1002 simile

422 1011 491 1041 huic
505 1010 570 1048 egit
585 1009 712 1041 Graecus
726 1011 914 1050 Aristippus,
929 1014 981 1051 qui
986 1012 1118 1048 famulis
1131 1012 1289 1053 imperavit
1303 1014 1336 1044 in
1350 1015 1448 1044 media
1460 1013 1559 1052 Libya
1573 1022 1679 1044 aurum
1702 1012 1840 1050 abiicere,

422 1061 455 1081 eo
483 1051 561 1091 quod
589 1051 699 1081 lentius
723 1054 978 1091 progrederentur
1002 1053 1038 1083 ob
1066 1063 1140 1083 onus
1162 1053 1296 1091 graues?
1354 1055 1430 1084 Uter
1455 1054 1561 1084 horum
1584 1054 1683 1092 magis
1704 1051 1840 1092 desipit?

423 1092 568 1122 DAMAS.
585 1091 676 1122 Nihil
689 1094 812 1131 prodest
827 1095 996 1132 exemplum
1009 1095 1088 1133 quod
1103 1096 1335 1125 controuersiam
1348 1095 1554 1125 controuersia
1568 1094 1698 1125 dirimit.
1729 1094 1842 1124 Sum-

425 1141 501 1165 TlN.
525 1133 563 1164 Si
577 1132 644 1172 quis
657 1137 736 1164 emat
749 1134 896 1174 citharas,
910 1139 1063 1174 emtasque
1077 1144 1169 1166 unum
1188 1135 1221 1166 in
1242 1136 1338 1166 locum
1357 1136 1486 1174 deferat,
1502 1145 1554 1167 nec
1572 1136 1693 1176 peritus
1713 1134 1840 1166 cithara

1019 1216 1252 1228 OOOOWNJO

421 1270 475 1299 44.
506 1269 598 1300 Nihil
623 1269 724 1309 igitur
747 1269 802 1299 hie
829 1268 1096 1300 immutandum.'
1117 1269 1226 1300 Bentl.
1266 1270 1276 1287 ⁴
1294 1269 1430 1308 Cruquii
1457 1269 1590 1300 codices
1616 1277 1691 1300 cnm
1714 1269 1841 1300 Vetere

421 1309 608 1341 Scholiaste
623 1320 684 1350 pro
699 1311 904 1340 construxerit
919 1311 1070 1349 legerunt
1085 1311 1285 1348 contraxerit,
1303 1311 1388 1350 quod
1407 1310 1538 1341 videtur
1550 1310 1745 1350 elegantius.
1781 1308 1840 1340 Al-

421 1354 496 1381 tera
512 1352 627 1382 Lectio
643 1360 683 1381 ex
699 1351 1006 1390 Interpretamento
1019 1351 1096 1382 est!
1123 1351 1218 1383 Baxt.
1261 1352 1451 1383 contraxerit
1474 1353 1573 1382 etiam
1599 1351 1694 1381 Harl.
1707 1353 1739 1382 2.
1759 1350 1838 1381 Bos.

422 1391 506 1423 Exc.
520 1392 600 1422 Sax.
617 1397 651 1422 et
667 1392 776 1422 Zarot.
792 1391 895 1421 Gesn.
911 1392 1014 1421 Zenn.
1032 1392 1168 1432 Bipont.
1183 1397 1219 1422 et
1233 1393 1348 1423 Comb.
1384 1391 1591 1423 construxerit
1605 1391 1700 1422 Harl.
1716 1394 1746 1422 3.
1763 1393 1793 1421 4.
1808 1394 1840 1422 6.

422 1432 550 1464 aL—97
572 1433 743 1463 Bentleins
760 1437 834 1471 post
851 1431 1048 1463 Lambinnm
1064 1437 1164 1473 atque
1180 1433 1361 1473 Cruqnium
1375 1433 1506 1472 posuit:
1528 1432 1684 1472 sapim
1702 1431 1794 1463 etiam
1808 1435 1839 1462 et

419 1482 500 1510 rex‚·
522 1474 609 1514 quod
632 1482 706 1503 cum
724 1473 816 1503 nobis
832 1472 964 1503 videtur
978 1477 1013 1503 et
1029 1473 1145 1503 durum
1162 1477 1196 1503 ct
1211 1474 1448 1513 importunum,
1463 1474 1527 1504 levi
1548 1473 1681 1513 quidem
1706 1473 1841 1513 negotio

421 1515 627 1553 reposuimus
641 1515 818 1553 sapiensque
832 1514 925 1544 etiam
945 1518 976 1544 et
988 1514 1065 1545 rex!
1088 1515 1188 1545 Baxt.
1233 1515 1243 1532 ‘
1256 1515 1338 1545 Mihi
1354 1515 1465 1552 placet
1479 1515 1579 1546 etiam
1595 1514 1648 1544 hic
1663 1513 1785 1550 vivide,
1801 1519 1839 1545 et

420 1563 483 1593 per
499 1561 624 1594 puncta
638 1554 963 1593 interrogatiunculae
978 1564 1016 1585 ac
1033 1555 1256 1595 responsionis
1280 1555 1506 1595 disputantem
1529 1555 1640 1586 induci
1662 1555 1811 1586 Stoicum
1827 1565 1837 1586 τ

421 1595 510 1634 quod
538 1596 625 1626 illius
648 1599 751 1625 sectae
775 1595 944 1634 proprium
975 1596 1022 1626 ait
1047 1595 1117 1626 Cic.
1143 1596 1264 1627 Parad.
1289 1596 1349 1636 pr!
1373 1597 1468 1627 Gesn.
1511 1597 1676 1636 Sapiensnc
1702 1595 1789 1627 Han.
1807 1598 1840 1626 1.

421 1636 506 1667 Exc.
520 1636 599 1667 Sax.
614 1636 710 1666 Harl.
725 1638 757 1666 2.
771 1637 801 1665 3.
818 1641 853 1665 et
869 1635 982 1666 Zarot.
1027 1635 1212 1675 Sapiensque
1228 1637 1322 1668 Harl.
1337 1639 1368 1668 4.
1412 1637 1576 1676 Sapiensve
1591 1637 1686 1667 Harl.
1701 1638 1732 1667 6.
1777 1635 1838 1667 Sa-

418 1677 563 1716 piensne?
587 1676 716 1707 Etiam!
738 1679 768 1706 et
792 1685 848 1706 rex
872 1677 974 1707 etiam
1000 1677 1104 1707 Zeun.
1120 1677 1257 1716 Bipont.
1274 1677 1416 1709 Wetzel.
1438 1683 1473 1708 et
1496 1677 1611 1708 Comb.
1653 1676 1839 1717 sapiensne?

424 1718 530 1750 Etiam
543 1722 574 1750 et
589 1728 645 1750 rex
659 1718 769 1749 Bentl.
783 1717 904 1750 Sauad.
921 1718 1069 1759 Francis,
1079 1723 1113 1749 et
1128 1718 1336 1750 Kidd.-100
1353 1718 1492 1759 Cuning.
1503 1728 1604 1750 servos
1618 1718 1671 1760 qui
1680 1718 1839 1759 projicere.

1055 1800 1086 1831 N
1093 1801 1193 1832 01*AE

462 1865 503 1893 98
526 1863 608 1903 Hoc,
626 1863 721 1894 veluti
741 1864 854 1894 virtute
865 1866 1019 1910 paratum,
1032 1864 1102 1902 ξω]

419 1911 511 1942 Hinc
533 1912 633 1950 igitur
655 1915 750 1942 tanta
771 1921 851 1942 cura
871 1912 1004 1942 divitias
1024 1920 1101 1942 con-

1155 1863 1343 1894 mereedem
1359 1864 1485 1903 exegit.
1518 1863 1683 1895 Gestabat
1700 1864 1772 1904 ejus
1786 1863 1837 1896 fa·

1154 1912 1260 1942 mulus
1284 1913 1316 1942 in
1343 1912 1463 1943 itinere
1484 1912 1678 1952 pecuniam3
1703 1916 1738 1943 et
1760 1922 1836 1944 cum

421 1960 524 2000 gessit
550 1969 588 1990 ac
612 1960 769 1997 servavit,
795 1959 883 1999 quod
906 1967 948 1989 ex
971 1959 1021 1989 his
1041 1959 1102 1990 sibi

419 2008 638 2047 provenirent
668 2006 795 2038 affatim
817 2006 944 2038 fructus
969 2008 1101 2039 virtutis

418 2057 576 2088 uberrimi
587 2061 622 2088 et
635 2056 910 2096 praestantissimi,
920 2060 957 2086 ut
968 2056 1102 2096 quidem

419 2105 635 2136 existimabat
649 2103 753 2135 fatue.
774 2104 929 2136 Juvenal.
941 2104 1010 2134 Sat.
1024 2113 1103 2135 xiv.

419 2155 491 2184 136.
515 2153 524 2170 ‘
543 2153 625 2183 Cum
651 2152 745 2183 furor
769 2151 855 2182 haud
880 2152 1010 2192 dubius,
1026 2162 1102 2184 cum

419 2202 464 2232 sit
487 2200 662 2231 manifesta
682 2201 863 2240 phrenesis,
884 2201 931 2231 Ut
950 2201 1101 2241 iocuples

420 2250 581 2288 moriaris,
594 2250 704 2288 egenti
719 2249 830 2280 vivere
845 2248 937 2280 fato.’
1014 2274 1020 2278 .

460 2299 503 2328 99
527 2297 611 2332 Quid
623 2297 720 2327 simile
735 2297 789 2327 isti
808 2297 948 2334 Graecus,
962 2297 1031 2338 ξω]
1047 2297 1103 2329 Sic

420 2346 512 2376 varia
526 2350 602 2377 sunt
615 2346 750 2377 insaniae
767 2355 899 2385 genera.
930 2347 1102 2378 Staberius

418 2394 609 2425 insaniebat
637 2395 786 2434 pecunias
815 2404 950 2425 amore:
983 2400 1102 2426 contra

419 2442 546 2482 desipit
576 2441 766 2482 Aristippus
796 2443 897 2473 nimio
923 2443 993 2482 ejus
1022 2452 1100 2474 con-

420 2495 549 2529 temtu,
573 2491 698 2531 qnippe
719 2491 775 2531 qui
798 2491 1019 2522 necessarium
1043 2491 1098 2522 ab·

412 2539 516 2579 jiciat
531 2539 702 2577 viaticum,
711 2538 798 2570 futili
816 2548 948 2579 prorsus
960 2539 1096 2570 ratione.

463 2589 523 2618 100
541 2587 730 2627 Aristippus]
753 2587 787 2618 Is
803 2596 926 2627 genere
942 2587 1099 2628 Cyrenai-

418 2643 488 2673 cus,
505 2635 654 2666 Athenas
673 2636 764 2667 venit
780 2636 952 2666 Socratem
967 2635 1099 2667 auditu-

418 2690 498 2719 rus;
530 2687 632 2714 sectae
662 2683 854 2722 Cyrenaicae
877 2687 993 2715 auctor
1012 2682 1095 2715 fuit:

419 2731 543 2771 primus
588 2732 836 2764 Socraticorum
883 2731 1096 2765 institutionis

1154 1968 1252 1990 onere
1273 1969 1307 1990 se
1322 1969 1469 1999 pressum
1485 1964 1621 2001 questus
1643 1963 1754 1991 esset:
1777 1959 1837 1991 Ef-

1153 2006 1257 2038 funde
1274 2007 1361 2047 quod
1376 2008 1472 2038 nimis
1487 2013 1552 2049 est,
1565 2008 1674 2050 inquit
1693 2007 1837 2048 Aristip-

1155 2064 1235 2094 pus;
1261 2060 1295 2087 et
1320 2055 1371 2087 fer
1395 2057 1484 2097 qnod
1510 2061 1616 2098 potes.
1653 2056 1765 2089 Laert.
1792 2066 1837 2089 ex

1154 2104 1275 2144 Bione,
1297 2105 1428 2145 Suidas,
1443 2108 1505 2136 ὅτε.
1550 2104 1620 2136 Alii
1645 2105 1744 2136 aliter
1764 2113 1836 2137 rem

1152 2157 1296 2183 narrant.
1340 2153 1447 2184 Porro
1462 2153 1550 2194 quod
1576 2154 1704 2184 Groecus
1718 2154 1833 2194 appel-

1152 2200 1239 2230 latur
1264 2201 1331 2240 hic,
1360 2202 1444 2232 ratio
1471 2202 1563 2232 varia
1588 2200 1747 2232 affertur:
1780 2201 1833 2231 vel

1152 2248 1238 2288 quod
1265 2248 1387 2279 Graece
1418 2249 1664 2289 philosophatus
1690 2249 1755 2287 εἰη
1778 2249 1832 2279 vel

1153 2297 1240 2338 quod
1255 2297 1399 2327 Socratis
1414 2297 1571 2328 audiendi
1583 2305 1681 2328 cansa
1692 2296 1833 2328 Athenis

1154 2350 1372 2378 commoratus
1394 2345 1458 2384 εἰη
1486 2346 1538 2378 vel
1562 2345 1653 2386 quod
1676 2350 1766 2376 esset
1788 2354 1831 2376 ex

1153 2394 1259 2425 insula
1281 2393 1404 2432 Thera,
1428 2402 1501 2433 quae
1531 2392 1654 2424 Graeca
1678 2398 1750 2424 erat
1775 2403 1831 2424 co-

1153 2443 1251 2474 Ionia.

1193 2494 1253 2523 102
1279 2490 1371 2530 Uter]
1403 2489 1456 2521 An
1477 2489 1664 2530 Staberius,
1687 2499 1730 2521 an
1756 2490 1831 2522 Ari·

1151 2539 1304 2580 stippus?
1783 2560 1785 2565 -

1194 2591 1253 2619 108
1278 2588 1334 2619 Nil
1350 2587 1416 2626 agit
1430 2589 1611 2627 exemplum,
1625 2586 1693 2627 sse]
1714 2587 1830 2621 Incer-

1151 2641 1219 2668 tum
1233 2635 1366 2676 quidem
1381 2644 1423 2666 ex
1442 2635 1581 2675 incerto,
1596 2635 1771 2668 obscurum
1787 2645 1829 2667 ex

1150 2685 1291 2717 obscuro
1305 2684 1437 2714 minime
1452 2684 1624 2716 elucescit.

1193 2735 1253 2764 104
1273 2732 1311 2763 Si
1324 2732 1392 2773 quis
1404 2736 1483 2764 emat
1492 2733 1720 2775 citharachj
1741 2732 1827 2764 Cou-
