1890 3256
352 266 436 308 986
832 279 875 316 Q.
906 277 1113 308 noRA'rn
1151 275 1320 306 FLAcci

348 369 433 410 Dis
454 370 611 410 etenim
630 370 758 411 facile
779 374 863 417 est,
885 370 1067 419 orabat3
1099 381 1228 409 sanus
1247 370 1435 421 utrisque

352 433 542 476 Auribus
561 440 691 487 atque
711 434 852 474 oculis
869 446 880 483 ;
911 437 1108 483 mentem,
1128 435 1214 474 nisi
1234 435 1468 486 litigiosus,

353 500 587 553 Exciperet
604 499 818 547 dominus,
841 511 939 539 cum
959 499 1182 550 venderet3
1211 499 1294 541 hoc
1314 511 1492 553 quoque
1518 498 1670 551 vulgus

354 565 622 618 Chrysippus
643 564 768 615 ponit
786 564 991 606 soecunda
1009 566 1053 605 in
1074 569 1198 617 gente
1221 565 1414 606 Meneni.

354 631 544 683 Jupiter,
563 630 752 680 ingentes
771 629 844 682 qui
865 630 944 670 das
964 630 1204 683 adimisque
1226 630 1414 679 dolores,

357 695 500 735 Mater
521 694 582 733 ait
598 694 721 746 pueri
742 709 914 736 menses
929 698 1021 750 jam
1042 696 1232 749 quinque
1253 697 1466 746 cubantis,

357 758 532 811 Frigida
551 759 590 799 si
610 772 791 812 puerum
812 766 1020 814 quartana
1039 762 1273 815 reliquerit,
1295 762 1373 803 illo

1691 434 1784 475 235.

1693 761 1778 802 290

357 883 435 925 bat,)
449 894 551 933 unum,
566 886 700 926 inquam,
713 886 751 917 ab
767 887 895 918 interitu
908 887 1073 926 vindicate,
1094 897 1111 917 o
1123 887 1201 924 Dii;
1223 896 1294 918 nam
1306 888 1444 927 potestis.
1477 887 1511 918 Is
1523 895 1613 918 aures
1626 886 1732 917 ambas
1746 889 1777 916 et

356 927 456 957 oculos
469 930 606 966 integros
621 928 748 958 habebat
757 938 768 958 .·
788 932 820 959 at
836 932 965 960 mentem
979 929 1132 968 exciperet
1147 939 1213 960 eum
1225 930 1407 960 venumdans
1421 929 1526 966 herus,
1548 929 1576 959 si
1589 929 1659 959 lites
1670 928 1780 966 sugis-

354 972 421 999 set:
443 972 534 1007 atque
559 970 613 999 hoc
635 970 727 1000 etiam
751 969 906 1001 hominum
927 979 1027 1009 genus
1051 974 1183 1001 recenset
1211 970 1398 1011 Chrysippus
1416 971 1449 1001 in
1463 979 1620 1001 numeroso
1641 969 1780 1000 Menenii

354 1019 457 1049 grege.
483 1010 590 1042 Mater
602 1011 690 1051 pueri
703 1021 722 1042 a
736 1011 866 1051 quinque
882 1011 1031 1042 mensibus
1045 1011 1225 1051 oegrntantis
1237 1011 1282 1042 ita
1296 1011 1402 1043 orabat
1413 1022 1423 1042 .·
1442 1013 1471 1042 0
1483 1011 1621 1052 Jupiter,
1631 1011 1684 1051 qui
1695 1019 1781 1049 mag·-

951 1103 987 1114 aee
994 1102 1186 1115 aeeemaeeeae

359 1171 393 1197 et
410 1167 491 1197 Exc.
508 1166 694 1197 Sam—‘285
718 1166 816 1198 Harl.
831 1169 861 1197 4.
875 1167 908 1197 ni
923 1167 1194 1206 litigiosus.—287
1217 1166 1337 1197 Meneti
1357 1165 1452 1196 Harl.
1469 1167 1501 1196 6.
1517 1168 1551 1195 et
1569 1164 1649 1196 Vet.
1666 1163 1783 1194 Comb-

359 1211 463 1239 —288
487 1208 692 1247 Cuning.qui
711 1209 823 1248 dasque
842 1209 1011 1248 adimisque
1032 1209 1158 1239 dolores.
1181 1208 1282 1238 ‘Duo
1305 1206 1440 1238 codices
1460 1205 1585 1237 labores.
1627 1204 1694 1236 Sed
1721 1205 1784 1235 hoc

358 1250 431 1280 leve
447 1260 454 1280 :
479 1249 558 1280 illud
582 1259 649 1280 non
671 1250 730 1288 ita,
751 1249 839 1290 quod
865 1259 925 1289 pro
939 1249 992 1280 illo
1006 1259 1095 1280 mane
1108 1250 1170 1285 die,
1190 1249 1244 1280 illo
1257 1258 1367 1287 magne
1381 1249 1432 1279 die
1446 1248 1571 1278 habent
1587 1250 1654 1277 tres
1666 1247 1785 1285 optimi

358 1291 460 1329 libri;
482 1296 630 1322 veterem
659 1295 769 1322 tamen
796 1291 976 1322 lectionem
1005 1300 1122 1322 servo:
1160 1290 1210 1322 sic
1237 1291 1324 1321 enim
1355 1289 1396 1319 de
1419 1289 1517 1320 simili
1545 1287 1782 1328 superstitione

359 1333 482 1365 Juven.
509 1334 578 1364 Sat.
610 1341 660 1364 vr.
689 1332 776 1364 621.'
808 1333 916 1364 Lamb.
971 1333 1140 1372 minutisque
1164 1333 1280 1363 dolores
1304 1331 1419 1362 Zarot·
1448 1336 1484 1362 et
1518 1330 1596 1361 Vet.
1625 1328 1785 1362 Comb.—-

1003 1426 1145 1458 NOTAE

298 1495 301 1496 ’
363 1489 488 1520 Contra
518 1492 630 1519 tamen
661 1492 788 1528 pugnat
818 1476 976 1519 Lactantj
1003 1487 1046 1519 de
1098 1495 1227 1518 noxave
1253 1495 1317 1517 non
1341 1486 1484 1516 solutum
1510 1484 1695 1524 ignorasset
1719 1493 1786 1514 em·

361 1538 452 1568 Vera
466 1537 545 1576 Sap.
569 1545 617 1567 ιν.
644 1540 696 1568 28.r
729 1537 855 1568 Saltem
873 1537 978 1577 liquet
993 1546 1046 1567 su-

363 1585 576 1625 perstitionis
592 1585 787 1615 vocabulum
803 1585 879 1615 olim
896 1590 1046 1625 aptatum

362 1635 401 1665 iis
417 1633 603 1664 hominibus
618 1633 672 1673 qui
689 1633 886 1672 superstites
902 1642 977 1663 esse
992 1642 1049 1663 cu-

364 1682 500 1723 piebant
517 1681 757 1721 vehementius,
771 1685 910 1712 mortem
931 1681 1050 1712 abbor-

365 1735 479 1762 rentes
513 1729 711 1771 plnseulum‚
741 1737 776 1761 et
804 1730 906 1761 vitam
933 1739 952 1761 a
977 1730 1051 1762 Diis

369 1780 468 1810 enixe
484 1778 688 1818 flagitantes.

410 1831 472 1859 285
497 1827 718 1867 Mentem,nisi
738 1827 904 1866 litigiosus,
917 1828 1052 1867 Excipe—

367 1880 416 1908 ret
430 1876 658 1915 dominaeque]
681 1875 719 1906 Id
733 1882 796 1913 est,
808 1877 983 1907 libertinus
998 1878 1053 1908 ille

366 1926 436 1957 sive
462 1925 616 1963 libertus,
633 1934 729 1954 sanus
742 1924 876 1964 quidem
893 1930 965 1955 erat
979 1934 1053 1955 cor-

369 1983 463 2015 pore,
479 1978 513 2004 at
530 1977 642 2003 mente
654 1982 862 2013 nequaquam
876 1985 884 2005 z
898 1973 1054 2013 quocirca

370 2024 398 2054 si
414 2032 489 2054 eum
506 2022 613 2053 adhuc
628 2031 760 2052 servum
776 2021 926 2052 dominus
941 2021 1054 2052 vendi-

369 2072 487 2111 disset,
514 2071 631 2102 vitium
654 2071 774 2102 mentis
794 2071 908 2102 dicere
923 2071 1056 2102 debuis-

370 2126 425 2152 set
453 2121 590 2159 ementi,
621 2120 647 2150 si
673 2119 751 2151 lites
776 2119 899 2151 habere
924 2130 999 2152 cum
1015 2130 1056 2152 eo

372 2170 500 2208 nollet;
534 2173 635 2209 atque
665 2168 750 2200 adeo
780 2178 896 2200 sanum
925 2179 1056 2201 asseve-

371 2228 462 2258 rans,
477 2222 622 2249 mentem
634 2217 780 2249 debebat
792 2218 962 2258 excipere.
986 2219 1057 2251 Cic.

373 2266 474 2298 Offic.
499 2275 555 2297 ιιι.
581 2275 613 2296 u.
640 2268 693 2296 91.
715 2265 773 2296 ‘In
794 2267 964 2307 mancipio
981 2277 1059 2298 ven·

375 2315 487 2347 dendo
516 2314 658 2345 dicenda
688 2314 745 2345 illa
775 2315 868 2354 vitia,
897 2326 971 2356 quae
999 2316 1059 2346 nisi

375 2363 510 2402 dixeris,
535 2362 751 2394 redhibeatur
766 2364 965 2404 mancipium
982 2365 1060 2405 jure

376 2414 490 2445 civili.'
532 2413 619 2444 Vide
633 2412 721 2444 Gen.
739 2421 787 2443 rv.
802 2416 832 2443 2.
849 2413 904 2443 ubi
919 2414 966 2444 sic
983 2414 1062 2444 scri-

379 2464 450 2495 bit:
474 2464 537 2494 ‘In
560 2462 672 2493 edicto
699 2461 853 2492 AEdilium
877 2462 1064 2500 Curulium,

379 2522 446 2553 qua
475 2516 571 2552 parte
602 2510 644 2541 de
673 2509 848 2549 mancipiis
877 2509 1064 2541 vendundis

379 2567 515 2594 cautum
531 2565 596 2599 est,
612 2560 774 2600 scriptum
791 2560 838 2590 sic
855 2559 919 2590 fuit
933 2570 941 2591 :
969 2561 1066 2591 'ritu-

381 2611 432 2641 lus
447 2619 618 2641 servorum
635 2609 841 2648 singulorum
866 2613 903 2640 ut
919 2610 1065 2650 scriptus

381 2658 426 2689 sit
439 2663 570 2695 curato,
581 2659 630 2689 ita
642 2657 691 2688 uti
703 2657 845 2697 intelligi
857 2662 950 2690 recte
962 2658 1065 2698 possit

381 2706 462 2746 quid
487 2706 590 2736 morbi
607 2705 746 2746 vitiique
769 2706 888 2746 cuique
914 2705 978 2747 sit,’
1001 2709 1064 2738 &c-

384 2753 481 2786 Unde
524 2754 551 2783 si
588 2754 776 2784 morbosum
814 2758 872 2785 aut
909 2755 1063 2786 vitiosum

1100 1542 1166 1574 tor,
1183 1536 1361 1567 redhibere
1379 1539 1514 1575 poterat
1529 1543 1570 1565 ex
1586 1535 1672 1573 lege.

1142 1587 1206 1616 286
1228 1585 1299 1615 Hoc
1325 1593 1440 1624 quoque
1461 1583 1584 1622 vulgus,
1598 1581 1667 1622 Gya]
1691 1582 1789 1612 Hanc

1103 1633 1412 1673 superstitiosorum
1458 1632 1589 1662 turbam
1633 1633 1791 1660 accenset

1103 1681 1311 1722 Chrysippus
1336 1689 1522 1711 numerosae
1545 1678 1638 1719 genti
1655 1687 1694 1709 ac
1709 1677 1792 1708 mul-

1104 1729 1241 1762 titudini
1257 1729 1445 1760 insanorum
1461 1728 1532 1759 sive
1548 1727 1702 1759 similium
1716 1726 1791 1758 Me-

1105 1779 1207 1810 nenii.
1251 1779 1307 1810 De
1324 1777 1512 1818 Chrysippo
1526 1785 1551 1807 ι.
1564 1776 1636 1807 Sat.
1652 1777 1684 1806 3.
1697 1777 1769 1806 127.

1146 1829 1209 1858 287
1235 1826 1388 1858 Foecunda
1398 1825 1431 1856 in
1443 1823 1550 1864 gente]
1572 1824 1650 1863 Sap.
1678 1825 1687 1840 ‘
1702 1823 1792 1854 Stul-

1106 1882 1214 1909 torum
1229 1875 1378 1907 infinitus
1395 1879 1445 1906 est
1459 1874 1638 1906 numerus.’

1148 1925 1290 1965 Meneni]
1313 1925 1380 1956 Hic
1394 1934 1511 1965 parum
1526 1924 1666 1964 integrm
1687 1933 1791 1955 sanae-

1109 1985 1147 2006 ve
1168 1974 1291 2006 mentis
1318 1974 1454 2005 vivebat
1480 1973 1615 2004 Horatii
1633 1977 1796 2012 tempore,

1108 2029 1281 2064 superstes
1308 2032 1392 2054 unus
1414 2031 1455 2053 ex
1480 2022 1537 2053 illa
1561 2022 1794 2053 Meneniorum

1108 2071 1236 2104 familia
1257 2071 1387 2112 pridem
1403 2070 1542 2108 celebri,
1556 2071 1703 2112 quamvis
1724 2072 1794 2112 ple-

1109 2121 1197 2153 beia.
1232 2121 1338 2152 Notus
1354 2119 1501 2161 inprimis
1516 2120 1632 2151 extitit
1647 2118 1796 2159 Agrippa

1109 2171 1165 2202 ille
1181 2170 1433 2210 Menenius‚qui
1445 2169 1560 2200 solerti
1575 2167 1794 2199 membrorum

1111 2228 1151 2250 ac
1174 2218 1299 2249 ventris
1323 2217 1554 2248 dissidentium
1577 2217 1716 2256 apologo
1741 2225 1797 2255 pa-

1112 2272 1179 2299 tres
1202 2271 1236 2298 et
1261 2266 1394 2306 plebem
1418 2267 1579 2297 alienatos
1603 2266 1636 2296 in
1657 2274 1795 2296 concor-

1113 2316 1201 2347 diam
1217 2315 1364 2346 reduxit.
1408 2314 1479 2345 Liv.
1494 2313 1552 2344 lib.
1566 2322 1606 2345 n.

1155 2366 1218 2396 288
1239 2363 1366 2403 Jupiter
1379 2362 1531 2402 ingentes,
1542 2361 1612 2402 ξω]
1627 2361 1729 2394 Aliud
1747 2372 1799 2393 su·

1114 2412 1324 2456 perstitionis
1336 2420 1438 2451 genus
1454 2416 1490 2442 et
1501 2411 1703 2451 exemplum.
1723 2412 1797 2442 Ma-

1115 2470 1169 2496 ter
1203 2463 1306 2494 stulte
1338 2466 1451 2492 votum
1485 2460 1568 2492 facit
1595 2470 1635 2492 ac
1660 2462 1797 2493 stultius

1114 2512 1289 2552 adimplet.
1333 2510 1444 2554 Vovet
1477 2518 1538 2549 pro
1573 2509 1800 2541 incolumitate

1114 2561 1196 2599 filii;
1220 2559 1286 2590 voti
1316 2559 1374 2590 rea
1401 2557 1600 2590 incolumem
1625 2558 1697 2598 ipsa
1721 2556 1799 2590 ene-

1115 2614 1182 2642 cat.

1158 2659 1222 2688 290
1250 2656 1381 2694 Frigida
1390 2654 1555 2695 quartana]
1577 2655 1629 2687 Ex
1644 2660 1718 2687 atra
1735 2657 1800 2687 bile

1118 2711 1280 2747 quartana
1296 2705 1402 2736 febris
1426 2705 1649 2745 proficiscitur
1666 2714 1675 2735 ε
1698 2710 1799 2743 atque

1117 2756 1213 2796 liujus
1242 2763 1441 2795 paroxysmo
1469 2753 1666 2794 incipiente,
1695 2758 1799 2784 totum
