1904 3256
394 286 476 328 690
857 300 901 336 Q.
933 296 1139 327 nonnil
1174 293 1342 324 FuAcci

617 389 811 430 Illiterati
831 399 935 427 num
955 386 1099 425 minus
1119 384 1238 424 nervi
1257 384 1425 435 rigent?

671 452 871 491 Minusve
884 450 1058 501 languet
1077 447 1324 489 fascinum-‘l

611 514 751 566 Quod
771 519 822 554 ut
841 515 1029 566 superbo
1049 525 1263 566 provoces
1283 514 1339 554 ab
1358 513 1543 566 inguine,

675 580 760 620 Ore
780 578 1104 620 allaborandum
1124 582 1193 619 est
1218 578 1310 619 tibi.
1753 577 1810 617 20

990 683 1223 696 oooooooooo

397 751 447 782 ita
463 749 563 781 etiam
580 747 657 779 edd.
674 746 792 778 Lamb.
809 747 910 786 Cruq.
923 746 1081 777 'ron-ent.
1103 750 1139 777 et
1154 746 1196 777 al.
1210 748 1392 777 vem—17.
1415 747 1454 776 18
1478 744 1625 775 uenerati
1635 753 1708 775 num
1719 744 1818 783 magis

398 792 486 822 nervi
500 792 616 829 rigent,
630 787 775 819 Minime
790 788 914 827 languet
921 787 1098 824 fascinum?
1141 787 1217 818 Nic.
1234 786 1393 818 Heinsius
1408 786 1448 816 ad
1467 786 1567 817 Ovid.
1584 785 1697 816 Amor.
1713 793 1770 816 ιιι.
1785 787 1816 815 7.

397 835 450 864 67.
474 832 484 849 ‘
496 830 685 862 Infeliciter
702 829 789 860 hunc
809 829 919 860 locum
936 829 1081 859 tentavit
1102 828 1178 860 Nic.
1195 827 1367 865 Heinsius,
1385 827 1437 858 hic
1451 827 1484 857 in
1500 827 1576 857 libri
1592 827 1643 857 sui
1657 825 1818 865 margine,

397 878 435 904 et
447 873 489 904 ad
513 871 627 903 Ovidii
642 870 756 902 Amor.
773 871 796 901 l.
811 870 833 900 l.
854 875 891 901 et
916 869 1079 900 infelicius
1102 869 1206 900 multo
1225 869 1419 900 Dacierius.
1461 868 1600 898 Accedo
1621 867 1663 898 ad
1688 867 1817 906 Guyeti

396 914 611 948 sententiam,
625 912 681 952 qui
705 911 793 942 notis
815 911 858 941 ad
881 911 1032 942 Terentii
1057 911 1215 942 Andriam
1231 918 1284 941 lv.
1299 913 1328 940 1.
1350 909 1398 940 sic
1419 908 1630 948 corrigebat:
1654 908 1818 939 quentio

393 964 466 985 num
479 955 579 985 minus
591 963 623 984 n.
639 962 666 983 r.
682 951 849 990 Magisve:
862 954 915 992 ᾅτ.
938 952 1052 983 Bentl.
1097 951 1263 984 Dacerins
1280 950 1322 981 de
1339 960 1399 981 suo
1414 950 1548 990 ingenio
1563 949 1690 981 edidit:
1715 948 1816 980 luite-

394 999 474 1027 ναίω
485 1005 557 1026 num
571 1004 603 1024 n.
617 1004 644 1024 r.
660 993 815 1034 Minusve,
825 995 878 1032 ᾃτ.
1059 1006 1062 1009 ·

1033 1054 1173 1087 ΝΟΤΙΕ

395 1136 476 1158 nare
500 1125 687 1166 aggrediar,
709 1135 819 1166 neque
836 1126 899 1157 alia
912 1126 1024 1158 multis
1038 1127 1085 1157 lo-
1137 1125 1191 1157 ri.’
1234 1125 1352 1157 Pudor
1379 1134 1500 1165 nempe
1522 1128 1626 1156 vetat.
1669 1123 1756 1156 Quin
1781 1126 1817 1155 et

395 1176 444 1207 cis
462 1174 592 1206 similia.
635 1173 841 1206 Quintiliano
872 1183 996 1205 morem
1026 1184 1082 1214 ge·
1133 1174 1283 1213 Scaliger
1302 1173 1498 1213 Hypercrit.
1521 1172 1570 1203 ita
1585 1175 1723 1203 censet:
1752 1170 1818 1201 ‘E-

395 1233 467 1255 ram
482 1223 588 1254 libens
602 1231 627 1254 1.
643 1225 674 1254 8.
687 1222 735 1254 sic
749 1223 927 1254 scribenti:
951 1224 962 1241 ‘
974 1223 1082 1254 Hora·
1135 1222 1214 1262 pod.
1229 1231 1311 1253 vm.
1331 1227 1368 1253 et
1384 1230 1452 1253 ιιι.
1477 1221 1654 1253 nebulonis
1676 1229 1819 1262 nequam

396 1272 479 1303 tium
501 1271 535 1303 iu
556 1271 752 1313 quibusdam
768 1271 869 1303 nolim
883 1271 1083 1312 interpreta-
1136 1280 1210 1303 esse
1225 1271 1388 1312 oportuit,
1403 1279 1468 1302 non
1485 1269 1639 1302 Horatii!

984 1399 1111 1440 ODE
1149 1400 1243 1440 IX.

894 1484 960 1512 AD
993 1483 1326 1514 MAEcENA'rEM.

396 1559 510 1592 Allata
525 1559 677 1593 Actiacae
698 1559 850 1591 victoriae
865 1558 966 1594 fama,
979 1557 1089 1590 Poeta
1103 1568 1139 1590 se
1163 1558 1307 1598 publicae
1323 1557 1450 1589 loetitiae
1463 1565 1588 1588 moram
1606 1556 1821 1597 impatienter

437 1610 528 1642 ferre
553 1611 713 1642 ostendit.
756 1610 896 1641 Interim
912 1609 1063 1640 insanum
1079 1608 1220 1640 Antonii
1235 1617 1380 1640 amorem
1396 1608 1520 1639 lambis
1536 1608 1604 1639 suis
1626 1608 1749 1648 tangit,
1765 1607 1820 1639 AE=

439 1663 656 1702 gyptiamque
671 1661 823 1692 militiam
838 1660 983 1692 deridet.

559 1722 785 1774 ‘QUANDO
804 1726 1025 1776 repostum
1046 1721 1288 1768 Caecubum
1308 1722 1365 1764 ad
1384 1722 1523 1763 festas
1543 1721 1692 1774 dapes,

621 1789 802 1829 Victore
822 1789 951 1828 laetus
971 1787 1161 1837 Gaesare,

438 1895 604 1935 Ecquando
618 1895 721 1924 vinum
735 1893 895 1924 Caecubum
909 1894 950 1923 ad
962 1894 1099 1923 solennes
1113 1893 1216 1931 epulas
1228 1895 1427 1930 reservatum,
1442 1892 1530 1923 laeaeus
1543 1900 1598 1930 ego
1612 1891 1648 1921 ob
1661 1888 1820 1922 victoriam

988 1973 1007 1985 Ο
1011 1972 1124 1984 θοοκο
1130 1971 1163 1983 ee
1167 1971 1226 1985 ece

432 2027 520 2059 'Ode
548 2026 679 2057 decima
708 2029 826 2066 quarta
851 2025 944 2056 Libri
969 2025 1107 2056 secundi
1133 2026 1167 2056 in
1193 2025 1254 2056 Ed.
1277 2024 1464 2055 Sanad.—l
1488 2025 1599 2063 ‘Lege
1619 2032 1663 2054 ex
1685 2023 1820 2063 conjec-

397 2074 478 2101 t'ura>
487 2067 727 2108 elegantissimi
748 2067 826 2098 Nic.
842 2066 971 2098 Heinsii
985 2077 993 2097 ς
1018 2067 1147 2101 Quando
1165 2067 1193 2096 0
1209 2069 1362 2106 repostum
1378 2065 1539 2096 Caecubum
1552 2064 1702 2102 adsestas
1714 2065 1817 2104 dapes.

397 2109 486 2142 Illud
504 2110 532 2140 0
546 2108 644 2140 facile
659 2117 679 2138 a
694 2107 909 2148 praecedente
924 2107 1093 2138 absorberi
1111 2111 1257 2148 poterat,
1274 2111 1310 2138 et
1334 2116 1354 2138 a
1375 2106 1518 2137 librariis
1534 2105 1664 2138 omitti:
1686 2105 1822 2136 restitu-

399 2155 563 2183 t'umvero
579 2149 751 2181 mirificam
766 2149 833 2180 vim
854 2154 889 2180 et
911 2149 1157 2180 vehementiam
1180 2148 1357 2180 sententiae
1373 2147 1545 2188 impertit.'
1567 2147 1676 2179 Βοιαὶ.
1716 2146 1823 2177 Bent-

1039 2222 1071 2253 N
1077 2221 1182 2253 OTAE

438 2284 588 2316 Meti-um
603 2284 709 2315 simile
726 2283 835 2324 Epod.
846 2291 874 2314 ἰ.
1000 2287 1004 2290 ’
1135 2287 1217 2321 tem,
1232 2280 1388 2321 gaudium
1404 2289 1498 2311 suum
1518 2277 1676 2319 exprimit
1697 2286 1740 2308 ex
1756 2277 1823 2317 pri-

441 2337 460 2365 1
485 2334 614 2369 Quando
640 2336 804 2373 repostum,
836 2331 904 2371 εγω]
939 2331 1004 2362 Vel
1038 2340 1082 2362 ex
1134 2339 1187 2361 mo
1210 2329 1326 2361 nuntio
1348 2327 1437 2368 fugae
1460 2327 1600 2359 Antonii
1623 2330 1659 2357 et
1681 2325 1821 2365 Cleopa-

399 2384 466 2415 ista
480 2382 557 2414 Ode
575 2382 691 2423 liquet,
714 2390 776 2412 nec
792 2380 895 2411 libros
911 2389 973 2410 uec
989 2378 1082 2411 Odas
1135 2383 1210 2410 troe.

400 2430 536 2463 Horatii
550 2439 590 2461 eo
605 2429 784 2470 dispositas
805 2428 921 2460 ordine
936 2437 1001 2468 quo
1014 2426 1083 2458 fac·
1180 2424 1355 2464 coecubum]
1376 2423 1499 2455 Vinum
1514 2423 1687 2463 optimum,
1698 2421 1741 2453 de
1757 2432 1822 2463 quo

402 2485 447 2511 tae
462 2483 560 2510 sunt:
584 2478 747 2519 siquidem
761 2478 815 2508 hic
830 2477 948 2508 laetitia
963 2485 1084 2516 expro-
1136 2475 1231 2515 plura
1249 2482 1274 2505 1.
1290 2473 1357 2504 Od.
1373 2475 1427 2504 20.
1441 2475 1473 2503 9.

401 2528 503 2559 mitur
517 2527 559 2558 de
570 2525 686 2558 futura
697 2535 773 2558 mox
782 2526 921 2557 victoria
933 2524 1085 2562 Actiaca,
1180 2522 1340 2560 Adsestas
1352 2521 1458 2561 dapes]
1491 2520 1532 2551 In
1547 2519 1649 2551 sacris
1665 2523 1700 2550 et
1715 2518 1822 2554 festis,

405 2586 478 2617 quae
493 2577 562 2616 jam
591 2579 819 2607 consummata
840 2573 1031 2606 celebratur
1051 2573 1086 2603 in
1138 2572 1173 2602 in
1204 2572 1360 2602 honorem
1391 2570 1541 2600 Deorum
1570 2566 1823 2598 instruebantur

406 2634 431 2656 1.
448 2624 515 2656 Od.
531 2627 583 2655 37.
614 2623 694 2663 Hic,
709 2624 855 2664 inquam,
875 2621 994 2660 Poeta,
1010 2622 1088 2652 scri-
1139 2621 1247 2661 epulae
1269 2618 1431 2660 epipam,
1456 2621 1492 2650 et
1512 2616 1725 2658 ponebantur
1747 2616 1823 2648 vina

402 2674 486 2704 bens
516 2673 559 2704 ad
589 2673 813 2704 Maecenatem
839 2672 927 2703 inter
949 2670 1087 2701 bellicos
1140 2668 1285 2700 melioris
1298 2671 1398 2698 notae.

405 2722 566 2753 tumultus
589 2721 633 2752 ad
661 2720 795 2753 Actium
825 2719 931 2752 adhuc
955 2726 1086 2751 vei-san-
1181 2720 1201 2748 2
1227 2716 1349 2749 Victore
1361 2713 1496 2755 Coesare]
1509 2713 1700 2756 xiphilinus
1710 2713 1744 2746 in
1757 2711 1822 2744 Au-
