1890 3256
354 267 461 309 1054
813 282 859 318 Q.
892 279 1097 311 HonAru
1133 278 1301 308 rmocr

352 371 537 412 Fervida
556 371 669 423 quod
692 370 850 411 subtile
866 368 1099 409 exsurdant
1117 369 1218 410 vina
1237 369 1442 423 palatum.

350 437 570 477 Invertunt
589 435 790 476 Allifanis
813 434 980 474 vinaria
1000 437 1089 474 tota

347 501 555 542 Vibidius
577 502 856 552 Balatroque,
875 500 1035 540 secutis
1056 499 1254 540 omnibus
1274 513 1284 541 z
1316 500 1392 540 imi

349 567 558 609 Convivae
578 566 683 607 lecti
702 565 881 606 nihilum
898 577 1082 606 nocuere
1103 565 1280 617 lagenis.

1712 503 1804 542 40>

349 681 420 721 quia
434 683 499 713 vini
514 683 597 712 calor
611 682 730 713 hebetat
742 685 867 720 gustum
882 680 1058 713 acutiorem.
1102 681 1176 712 Jam
1193 681 1334 713 Vibidius
1347 686 1378 714 et
1393 683 1525 714 Balatro
1538 681 1697 722 cunctique
1715 690 1771 720 pu-

348 724 427 754 riter
441 733 536 755 umas
551 724 688 763 integrus
701 723 887 755 exhauriunt
904 723 1021 763 poculis
1035 723 1195 760 Allifanis.
1231 723 1337 765 Inflmi
1351 734 1420 755 vero
1434 724 1495 755 ton·
1507 723 1641 755 homines
1650 722 1772 754 minime

942 805 1003 818 m
1004 804 1179 817 ““““““

347 859 454 896 lisanis
477 865 545 891 tres
571 860 665 891 Vatt.
691 859 837 891 Chisian.
854 863 883 891 1.
910 869 930 890 a
951 869 996 890 m.
1023 869 1090 890 sec.
1116 859 1171 890 alii
1194 858 1293 890 codd.
1318 868 1372 899 ap.
1389 858 1502 890 Pulm.
1518 858 1620 898 Cruq.
1642 857 1772 888 Valart.

348 901 428 932 item
450 901 527 932 edd.
551 902 654 942 Cruq.
676 902 788 932 Bentl.
811 901 953 941 Cuning.
974 901 1097 933 Sanad.
1118 901 1247 931 Valart.
1278 901 1358 939 Fea,
1387 901 1508 940 Bothe,
1535 899 1654 935 smack,
1679 899 1767 929 Wet-

350 944 413 974 zel.
445 942 620 974 Heindorf.
660 942 764 974 Kidd.
801 948 837 974 et
873 943 1025 982 Doering.
1057 942 1279 982 probantibus
1311 943 1407 973 Cluv.
1443 942 1521 972 Ital.
1557 941 1637 973 Ant.
1663 948 1712 971 iv.
1739 942 1770 971 7.

349 994 427 1024 pag.
444 987 537 1015 1195.
561 985 639 1015 Nic.
665 985 785 1015 Heius.
807 984 848 1015 ad
871 984 930 1014 Sil.
955 984 1033 1015 Ital.
1054 993 1135 1014 vm.
1151 986 1226 1014 537.
1253 988 1288 1014 et
1314 993 1356 1014 ex
1380 983 1524 1023 antiquis
1549 991 1704 1013 marmor.
1727 981 1772 1012 G.

349 1026 480 1056 Fabric.
502 1030 538 1056 et
562 1026 757 1063 Manutius;
781 1026 860 1056 item
885 1026 1013 1065 Dansq.
1035 1026 1067 1056 in
1091 1025 1252 1064 Ortliogr.
1269 1034 1299 1054 v.
1323 1026 1332 1042 ‘
1349 1023 1484 1054 Allifae.’
1526 1023 1593 1055 Alii
1617 1022 1716 1054 codd.
1739 1027 1774 1053 et

348 1067 424 1097 edd.
439 1067 617 1106 Alliphcmis
633 1068 683 1097 vel
699 1066 960 1106 Mimanta—4⁰
983 1067 1140 1106 Quinque
1158 1066 1252 1096 Vatt.
1269 1065 1415 1096 Cbisian.
1432 1068 1462 1095 1.
1479 1064 1632 1104 Angelic.
1649 1066 1679 1095 1.
1693 1073 1713 1094 a
1726 1073 1771 1095 m.

349 1118 399 1147 pr.
417 1112 452 1138 et
467 1107 620 1145 Angelic.
635 1111 666 1138 2.
681 1108 832 1138 omnibus.-
855 1108 932 1144 imi3
954 1108 1002 1138 ita
1018 1116 1150 1148 quoque
1165 1107 1219 1137 alii
1235 1106 1333 1136 codd.
1347 1106 1436 1146 apud
1455 1106 1564 1136 Pulm.
1580 1104 1775 1145 Cruquium‚

347 1150 504 1181 Torrent.
520 1149 618 1181 Talb.
636 1150 718 1180 edit.
737 1150 876 1180 Ascens.
894 1149 983 1181 Frib.
1001 1150 1094 1180 1536.
1116 1148 1222 1179 Henr.
1239 1147 1357 1187 Steph.
1373 1147 1469 1178 Talb.
1485 1148 1651 1186 Desprez,
1664 1145 1775 1184 Bond,

347 1191 435 1222 Dae.
450 1191 550 1221 Baxt.
565 1191 750 1230 Remmius,
766 1190 910 1230 Cuning.
925 1190 1048 1221 Sanad.
1063 1190 1165 1221 Gesn.
1178 1190 1265 1220 Phil.
1280 1189 1430 1229 Sandby,
1445 1189 1540 1219 Batt.
1557 1188 1633 1219 Val.
1657 1187 1775 1218 Oberl.

350 1234 455 1265 Zeun.
470 1231 602 1267 Wakef.
626 1233 765 1272 Bipont.
779 1233 921 1263 wetzel.
943 1231 1121 1268 Heindorf,
1148 1231 1251 1262 Kidd.
1267 1231 1348 1270 Fen,
1364 1230 1486 1268 Bothe,
1509 1229 1629 1270 Jaeck,
1645 1233 1681 1260 et
1696 1229 1775 1260 Dae-

347 1275 431 1314 ring.
448 1273 633 1305 defendunt
648 1274 770 1305 Talbot
786 1279 822 1305 et
837 1275 924 1305 Dae.
936 1273 1093 1314 quicquid
1110 1272 1414 1305 dicatTorrentius.
1436 1274 1446 1289 ‘
1459 1270 1511 1303 cf.
1524 1272 1663 1303 Petron.
1677 1279 1708 1302 c.
1721 1272 1775 1301 38.

346 1316 466 1347 Senec-
482 1315 525 1348 de
541 1317 658 1348 Coust.
681 1317 762 1356 Sap.
786 1325 862 1356 cap.
877 1318 927 1346 10.
950 1316 1063 1347 Plaut.
1078 1315 1184 1347 Stich.
1201 1323 1256 1346 111.
1271 1317 1302 1347 2.
1318 1317 1371 1347 82.
1393 1313 1471 1344 Vid.
1485 1322 1512 1347 1.
1527 1313 1639 1353 Epist.
1657 1314 1707 1345 18.
1724 1314 1774 1344 10.

347 1367 381 1388 se
409 1380 415 1387 .
449 1358 582 1389 Ceteris
596 1357 683 1388 enim
700 1357 825 1389 acriter
840 1357 1050 1398 potantibus,
1065 1361 1103 1390 ut
1120 1358 1204 1388 bene
1220 1357 1269 1387 ait
1284 1355 1370 1386 idem
1386 1355 1596 1394 Torrentius,
1619 1353 1696 1385 ideo
1718 1353 1775 1385 imi

346 1399 398 1429 lec
417 1398 425 1428 i
442 1399 590 1430 convivae
602 1399 844 1437 Nomentanus,
859 1404 894 1429 et
910 1399 1050 1429 Porcius
1066 1399 1272 1438 abstinuere,
1286 1397 1373 1438 quod
1384 1396 1599 1428 Nasidienum
1614 1394 1778 1426 timebant

347 1439 530 1479 offendere,
544 1441 622 1480 quia
645 1440 802 1480 parasiti:
826 1439 970 1471 maxime
985 1449 1060 1470 cum
1077 1439 1307 1470 Nomentanus
1324 1442 1360 1468 ut
1376 1447 1530 1478 saporum
1554 1436 1656 1467 index
1672 1435 1774 1468 advo-

347 1486 443 1514 catus
459 1481 683 1516 accumberet,
699 1491 764 1522 quo
780 1490 918 1514 munere
930 1481 1043 1511 ebrius
1060 1489 1124 1510 non
1142 1485 1232 1510 recte
1248 1479 1466 1519 fungeretur3
1488 1479 1572 1510 alter
1588 1487 1667 1509 vero
1682 1478 1774 1508 cibo-

346 1523 582 1594 irnlllnbgnssluzie
595 1522 1186 1594 ¹2³?ssfluamssi”3411-''3'⁸‘git³²i⁰⁰1{³
1201 1526 1378 1594 ἵζει-81111·
1390 1531 1409 1592 ;ι
1423 1521 1470 1552 sic
1485 1530 1566 1592 erigo
1580 1519 1707 1560 lagenis
1724 1519 1772 1590 ng·

346 1605 413 1636 ...ῑ
439 1573 615 1652 ηῖῖῗιε...
630 1573 907 1644 Ἕωζῖῗέῗςηῗῑὲ
930 1573 1026 1637 ἑῑῖῗῗ
1039 1572 1164 1637 ῗῖιὲἱὲἒ
1184 1572 1346 1634 ἱοῖεῑὲζὲ
1359 1570 1776 1648 ὲὲἒῖρῗορῖἱὶἰέἓῗῖἳξί

347 1645 457 1686 ceptis
472 1647 549 1684 illis,
563 1655 616 1687 qui
633 1645 665 1676 in
682 1646 747 1676 imo
763 1647 852 1676 lecto
864 1645 1122 1677 accumbebant.
1145 1645 1184 1676 In
1198 1646 1306 1676 altera
1320 1645 1464 1676 lectione
1480 1645 1630 1683 vulgata,
1642 1644 1777 1682 sequutus

347 1687 483 1723 omnibus
498 1688 587 1719 imis:
609 1688 742 1722 convivae
756 1687 828 1723 lecti
837 1697 850 1724 ;
872 1687 953 1719 illud
969 1687 1068 1719 etiam
1083 1686 1217 1718 absurdi
1233 1686 1445 1727 probaretur,
1459 1689 1497 1717 ut
1511 1684 1673 1716 Horatius
1687 1684 1778 1716 lectos

990 1773 1134 1805 NOTAE

389 1838 432 1868 88
457 1836 592 1868 Fervida
620 1838 699 1877 quod
727 1837 848 1875 subtile,
875 1835 944 1875 ὅπη]
982 1836 1034 1866 Ex

347 1894 493 1925 persona
514 1886 605 1916 avari
630 1886 802 1916 honestam
826 1884 960 1915 dolendi
983 1894 1033 1914 ra-

346 1933 471 1964 tionem
496 1934 664 1974 praetexit‚
681 1934 775 1973 quasi
802 1934 950 1972 palatum
974 1932 1033 1962 im·

347 1982 472 2013 modici
487 1986 586 2022 potus
597 1983 708 2013 calore
720 1981 872 2012 obtusum
882 1981 952 2020 jam
966 1980 1032 2011 viui

347 2030 531 2063 bonitatem
549 2040 665 2069 sapere
681 2034 837 2070 nequeat.

389 2083 431 2111 39
446 2079 611 2119 Allifanis]
631 2079 814 2118 Majoribus
831 2082 866 2109 et
881 2077 1033 2118 capacio-

349 2129 442 2160 ribus
465 2128 605 2168 pocnfis,
619 2136 661 2157 ex
680 2126 784 2158 Allifa
800 2127 882 2158 urbe
897 2126 1035 2165 Samnii,

348 2178 390 2209 ad
402 2186 532 2208 amnem
542 2177 754 2214 Vulturnum,
766 2176 799 2206 in
813 2176 950 2216 planitie
961 2176 1036 2213 sita,

350 2236 416 2258 non
436 2226 536 2264 longe
561 2225 602 2255 ab
619 2224 814 2264 Apennino:
840 2235 915 2265 quae
938 2224 1036 2255 modo

349 2275 383 2306 in
394 2273 570 2305 ruderibus
575 2274 679 2313 jacet.
695 2273 833 2305 Allifani
845 2274 914 2314 agri
924 2274 1037 2306 memi—

349 2325 401 2356 nit
413 2323 542 2355 Tullius
557 2331 597 2354 11.
613 2327 731 2354 contra
747 2323 877 2355 Rullum
892 2333 900 2354 ι
925 2329 958 2354 et
976 2332 1037 2364 pro

351 2372 506 2406 Plancio.

393 2424 436 2452 40
459 2421 522 2452 Imi
538 2421 681 2452 Convivae
695 2420 858 2461 leoti,&c.]
882 2420 1035 2451 Nasidie-

351 2478 413 2499 nus
429 2468 571 2509 ejusque
594 2469 730 2500 asseclae
750 2469 827 2508 duo,
855 2469 1038 2501 Nomenta-

351 2528 414 2550 nus
429 2523 465 2549 et
480 2519 635 2560 Porcius,
652 2519 685 2549 in
709 2519 775 2550 imo
793 2519 882 2550 lecto
898 2518 1040 2549 discum·

352 2567 471 2599 bentes
483 2577 601 2607 parum
613 2568 758 2600 autnihil
771 2567 948 2605 biberunt;
964 2567 1042 2608 quia

353 2626 414 2647 nos
429 2617 611 2657 majoribus
632 2618 766 2657 scyphis
790 2616 884 2647 brevi
906 2617 1041 2656 lagenas

354 2667 578 2706 exhausimus,
600 2673 636 2698 et
659 2666 785 2697 vinaria
810 2670 881 2697 tota
903 2665 1039 2696 inverti·

353 2723 438 2753 mus,
451 2720 488 2746 ut
501 2716 599 2755 paulo
610 2720 686 2746 ante
702 2715 841 2746 dictum.
863 2714 940 2746 Sive
951 2714 1038 2755 quod

352 2764 401 2796 illi
417 2764 553 2796 attoniti
567 2769 759 2804 spectarent
776 2764 856 2794 alios
873 2767 940 2795 tam
957 2762 1039 2794 acri-

1087 1839 1140 1866 ter
1163 1839 1197 1866 et
1222 1839 1358 1866 strenue
1388 1836 1570 1874 potantes:
1602 1839 1660 1862 seu
1686 1830 1772 1870 quod

1087 1883 1315 1914 Nomentanus
1347 1886 1383 1912 et
1413 1880 1554 1912 Porcius
1585 1878 1772 1910 Nasidieno

1085 1929 1239 1961 familiari
1253 1930 1403 1970 suo‚jam
1417 1927 1558 1969 pallenti
1568 1936 1611 1958 ex
1621 1927 1774 1961 avaritia,

1086 1988 1206 2009 novum
1231 1979 1379 2010 dolorem
1405 1986 1520 2008 creare
1540 1974 1774 2012 formidarent,

1086 2028 1113 2058 si
1129 2028 1244 2058 saltem
1260 2027 1324 2066 ipsi
1337 2027 1412 2058 vino
1425 2026 1496 2065 ejus
1507 2024 1593 2055 haud
1607 2023 1775 2064 pepercis—

1087 2082 1173 2110 sent.
1218 2077 1351 2108 Horatii
1373 2077 1482 2107 locum
1503 2075 1592 2106 hunc
1607 2073 1663 2104 alii
1679 2073 1775 2104 aliter

1089 2128 1348 2166 interpungant:
1386 2124 1499 2155 secutis
1529 2122 1666 2154 omnibus
1692 2121 1774 2154 imis.

1091 2175 1234 2206 Convivae
1257 2175 1339 2214 lecti,
1357 2175 1408 2213 ξε.
1431 2178 1532 2212 atque
1548 2172 1774 2211 interpreten-

1090 2228 1144 2255 tur
1160 2226 1196 2253 ut
1212 2222 1366 2253 libuerit:
1384 2220 1552 2260 judicabit
1565 2228 1678 2260 aeqnns
1695 2219 1776 2248 Lec-

1090 2278 1143 2304 tor
1157 2281 1288 2304 sensum
1305 2270 1376 2302 fore
1391 2269 1564 2302 confusum
1581 2274 1616 2300 et
1631 2267 1774 2308 ineptio-

1090 2331 1172 2353 rem.
1195 2320 1314 2360 Apage
1330 2319 1386 2359 qui
1401 2319 1559 2349 convivas
1572 2318 1678 2348 lectos
1689 2326 1775 2348 com-

1091 2370 1286 2403 miniscitur,
1301 2366 1335 2398 id
1355 2371 1406 2398 est
1427 2367 1570 2396 selectos
1585 2370 1619 2396 et
1634 2365 1775 2399 honora-

1091 2425 1154 2450 tos.
1192 2418 1292 2450 Certe
1309 2425 1390 2447 unus
1406 2415 1576 2447 Maecenas
1590 2414 1638 2445 ibi
1655 2414 1775 2455 primn-

1091 2468 1159 2499 rius
1185 2467 1245 2498 vir.
1291 2465 1398 2495 Porro
1423 2473 1499 2504 quae
1526 2463 1776 2503 interpretatio,

1091 2517 1219 2548 nihilum
1247 2523 1372 2548 nocuere
1398 2513 1528 2552 lagenis,
1555 2523 1575 2544 a
1602 2517 1685 2553 potu
1709 2512 1773 2543 sibi

1093 2567 1333 2605 temperarunt,
1347 2572 1405 2593 seu
1428 2561 1680 2602 temperantiam
1705 2570 1773 2592 ser-

1095 2614 1230 2648 varunt!
1265 2612 1384 2652 Neque
1407 2621 1486 2642 vero
1507 2611 1617 2652 aptius
1638 2611 1703 2642 huc
1725 2611 1773 2642 in·

1092 2662 1270 2694 truduntur
1292 2661 1348 2691 imi
1372 2660 1523 2691 subsellii
1537 2660 1700 2697 homines,
1714 2669 1774 2700 ps-

1092 2711 1356 2749 rasiti‚scurrae:
1381 2719 1518 2751 quorum
1543 2709 1634 2740 nulla
1653 2713 1706 2740 est
1729 2707 1772 2741 ibi

1092 2761 1226 2795 mentio.
