1904 3256
347 257 431 298 596
815 272 859 308 Q.
888 270 1095 301 Horu-ru
1130 269 1300 301 ηΑοοι

513 358 692 400 Gaudes
710 360 970 400 carminibus
981 372 1009 400 :-
1022 358 1214 399 carmina
1230 371 1468 411 possumus

514 425 706 472 Donate,
728 428 773 463 et
793 424 976 475 pretium
997 423 1141 463 dicere
1162 424 1336 464 muneri.

515 490 618 529 Non
635 490 774 529 incisa
790 489 902 528 notis
921 500 1131 529 marmora
1148 489 1353 541 publiciS‚

512 553 598 593 Per
617 566 715 605 quae
738 554 915 606 spiritus
933 557 976 594 et
996 553 1087 594 vita
1106 554 1218 594 redit
1236 555 1364 595 bonis

513 618 620 658 Post
638 623 818 659 mortem
839 618 1046 670 ducibus;
1075 632 1161 660 non
1181 620 1342 660 celeres
1361 619 1491 672 fugae,

511 683 793 736 Rejectaeque
815 687 1041 724 retrorsum
1064 684 1326 726 Hannibalis
1346 685 1501 734 minae;

1705 596 1769 662 15¹

345 808 448 829 versus
461 801 534 830 dare
545 809 712 839 possumus,
724 804 753 831 et
764 801 837 831 doni
850 801 1082 831 «estimationem
1096 802 1204 841 eloqui.
1238 802 1309 832 Non
1322 804 1435 833 statuoe
1447 809 1622 833 marmoree
1632 800 1761 840 publicis

342 839 592 879 inscriptionibus
606 842 775 880 insculpta»,
796 851 849 880 per
870 851 944 881 quas
968 841 1054 871 bonis
1069 842 1306 882 Imperatoribue
1317 844 1390 881 fato
1404 843 1525 880 functis
1544 842 1684 874 redditur
1696 842 1761 882 spi-

343 880 424 911 ritus
447 886 478 913 et
501 883 577 922 vita,
591 892 650 914 mm
666 883 853 914 Hannibalis
866 883 950 922 fug-a
972 892 1108 922 proeceps
1128 884 1276 924 minoeque
1302 888 1384 915 retro
1405 885 1586 925 pulsa-,non
1605 884 1760 915 scelerata

937 974 1168 987 OOOOOOOOOOOO

343 1025 398 1046 nec
419 1015 574 1048 riba—12
598 1016 676 1047 Aer.
700 1017 867 1056 Porphyr.
892 1027 976 1048 unus
994 1018 1072 1049 Vat.
1088 1019 1188 1050 Torn.
1207 1018 1331 1058 aliique
1347 1018 1460 1048 Lamb.
1479 1017 1575 1048 Harl.
1591 1020 1622 1048 1.
1637 1019 1668 1048 2.
1681 1020 1714 1047 5.
1727 1019 1759 1047 6.

343 1056 489 1088 Helmst.
505 1067 524 1088 a
539 1067 581 1087 m.
597 1068 622 1089 s.
640 1058 760 1088 Venet.
777 1061 871 1089 1492.
887 1059 1026 1089 Locher.
1052 1059 1191 1090 Ascens.
1206 1060 1324 1090 Heius.
1346 1060 1446 1090 Baxt.
1461 1059 1568 1090 Gesn.
1588 1063 1622 1089 et
1640 1057 1759 1089 Comb.

342 1098 486 1128 muneris.
529 1099 648 1129 Plures
665 1099 777 1129 Lamb.
796 1108 909 1129 omnes
931 1100 1088 1130 Torrent.
1105 1100 1213 1131 Puim.
1231 1104 1267 1131 et
1283 1101 1412 1130 Bersm.
1429 1105 1497 1131 tres
1520 1099 1640 1130 Biand.
1657 1099 1759 1138 Cruq.

310 1160 314 1162 -
342 1138 455 1169 Benti.
474 1142 501 1169 l.
513 1142 544 1170 2.
562 1140 698 1179 aliique,
710 1140 806 1170 Harl.
821 1143 851 1170 3.
867 1142 898 1170 4.
911 1140 992 1170 Sax.
1008 1149 1122 1171 omnes
1138 1141 1292 1180 ap.Jani,
1309 1142 1386 1171 Zar.
1401 1141 1521 1171 venet.
1537 1143 1629 1172 14⁷8.
1641 1139 1758 1171 Basili.

341 1179 441 1209 Fabr.
469 1180 558 1210 Mur.
576 1181 690 1210 Lamb.
715 1181 817 1220 Cruq.
835 1181 929 1212 Tor-r.
948 1181 1066 1220 Steph.
1093 1182 1192 1220 Rutg.
1214 1181 1295 1212 Fab.
1309 1182 1431 1212 Dacer.
1446 1181 1560 1212 Bentl.
1581 1182 1664 1212 Cun.
1679 1180 1758 1211 San.

340 1219 458 1250 Jones.
475 1220 566 1257 Jani,
581 1221 717 1251 Mitsch.
734 1221 879 1252 Wetzei.
897 1221 1036 1260 Bipont.
1049 1221 1300 1252 Zeun.Wakef.
1316 1226 1350 1252 et
1364 1221 1468 1252 Kidd.
1481 1222 1611 1252 muneri.
1655 1221 1759 1252 With.

342 1261 474 1292 emend.
497 1262 633 1298 Donare,
645 1265 691 1292 est
702 1262 834 1302 pretium
847 1271 901 1292 nec
922 1262 986 1293 leve
999 1263 1144 1301 muneris,
1160 1262 1371 1303 improbante
1385 1262 1407 1294 J
1411 1263 1563 1294 auh—14
1579 1261 1669 1303 Lips.
1682 1263 1714 1294 4.
1729 1264 1761 1292 et

980 1343 1117 1375 NOTAE

339 1413 402 1436 nee
428 1405 572 1445 plurium
594 1405 735 1445 cupidus
758 1409 810 1436 est
843 1409 919 1436 tuns
951 1405 1022 1436 ani-

340 1463 425 1484 mus.
469 1453 613 1484 Tabulas
638 1455 742 1492 pictas
765 1458 799 1484 et
817 1454 911 1492 signa
933 1454 1022 1493 apud

340 1501 508 1532 Romanos
523 1502 555 1532 in
571 1501 699 1532 deliciis
721 1501 836 1542 fnisse,
857 1511 952 1532 nemo
969 1511 1022 1532 ne-

339 1551 415 1580 scit.
459 1550 577 1581 Cicero
601 1551 634 1580 in
652 1551 787 1581 Verrem
812 1551 908 1582 testis
931 1551 1022 1582 locu-

340 1598 557 1638 pletissimus,
572 1600 636 1628 διο.

382 1649 423 1676 12
446 1647 586 1676 Pretium
609 1646 709 1676 dicere
724 1646 842 1676 muneri
862 1646 1024 1686 [muneris]

340 1694 501 1725 Eruditus
514 1693 655 1734 quisque
666 1693 746 1734 legit
760 1694 899 1728 muneri‚·
923 1698 1024 1734 atque

337 1744 616 1781 interpretantur,
643 1742 786 1781 pretium
814 1741 938 1781 facere,
966 1751 1023 1782 po-

339 1800 433 1830 nere,
462 1790 676 1821 constituere.
719 1789 817 1822 Quod
855 1790 907 1820 hic
939 1789 1024 1821 facit

337 1838 459 1878 Poeta,
490 1847 564 1868 cum
589 1846 724 1868 carmen
751 1837 850 1867 rebus
872 1837 1022 1868 omnibus

339 1885 505 1918 antefert:
529 1885 674 1925 dicitque
691 1885 763 1924 plus
777 1884 889 1915 valere
900 1884 941 1915 ad
954 1895 1021 1916 me-

337 1927 474 1966 moriam
510 1934 572 1964 viri
613 1933 724 1972 magni
760 1934 1021 1974 propagandam,

338 1992 437 2025 quam
453 1983 597 2022 tabulas,
610 1983 715 2022 sigua,
731 1985 873 2021 statuas,
888 1986 923 2012 et
939 1982 1020 2022 pub-

335 2033 401 2064 lica
423 2034 650 2063 monumenta.

381 2083 420 2110 13
458 2080 564 2110 Incisa
590 2079 671 2109 notis
705 2087 857 2108 marmora
880 2077 1023 2118 publicis]

337 2129 504 2170 Imagines
531 2137 599 2159 aere
625 2128 677 2159 vel
705 2136 868 2158 marmore
893 2127 1022 2165 incisae,

338 2188 412 2210 cum
425 2178 604 2218 epigraphe
615 2175 798 2208 honorifica
806 2176 839 2206 in
851 2176 934 2214 basi,
945 2185 1019 2216 quae

337 2228 487 2259 breviter
511 2232 546 2258 et
568 2225 803 2266 compendiose
819 2225 928 2264 elogia
943 2233 1020 2255 con-

339 2277 457 2308 tineat.

380 2324 532 2364 Publicis]
552 2324 640 2357 Quia
654 2324 728 2354 loco
742 2323 877 2364 publico
890 2326 924 2353 et
936 2322 1020 2362 pub-

338 2374 403 2405 liea
415 2374 619 2405 auctoritate
641 2375 764 2403 erectae
781 2375 816 2402 et
834 2371 962 2411 posit-11³.

382 2421 492 2462 Notis]
515 2421 573 2452 Διὰ
585 2420 734 2460 σημείωνε
759 2418 926 2460 prioribus
937 2419 1018 2450 dun-

339 2475 431 2502 taxat
455 2475 491 2502 et
512 2470 701 2511 majusculis
724 2469 830 2501 literis
853 2468 1022 2508 ascriptis,

340 2523 378 2549 ut
393 2520 427 2549 S.
444 2521 484 2552 P.
502 2520 544 2553 Q.
559 2520 597 2551 R.
640 2519 681 2549 P.
698 2517 847 2558 Scipioni
860 2516 1021 2548 Africano

340 2568 384 2598 P.
407 2567 444 2597 C.
489 2569 634 2599 Senatus
660 2568 876 2608 Populusque
902 2567 1021 2597 Roma-

339 2624 414 2653 nus,
429 2618 490 2645 ὅτε.
505 2617 582 2655 poni
598 2617 650 2647 vel
669 2616 856 2656 ponendum
880 2616 1021 2646 curavit.

341 2663 495 2696 Observa
532 2664 769 2704 intelligendas
807 2665 861 2696 hic
893 2668 1020 2695 statuas

340 2717 470 2746 mortno
485 2713 631 2753 Scipioni
647 2718 792 2746 erectas.
826 2714 911 2745 Nam
928 2713 1020 2744 vivus

1075 1405 1322 1446 repudiaverat,
1347 1410 1382 1437 et
1404 1414 1446 1436 ex
1466 1404 1583 1436 Africa
1604 1414 1758 1442 reversus

1074 1453 1205 1494 Populo
1219 1454 1365 1485 Romano
1377 1453 1510 1494 erigere
1522 1453 1644 1484 volenti
1657 1453 1760 1486 obsti·

1075 1501 1118 1533 tit
1134 1502 1206 1541 ipse
1221 1512 1283 1542 per
1299 1501 1508 1534 modestiam.

1116 1551 1155 1580 14
1177 1550 1243 1580 Per
1262 1559 1329 1589 quae
1349 1549 1478 1589 spiritus
1491 1553 1520 1580 el
1534 1550 1694 1582 vitai-edit
1707 1552 1758 1582 bo·

1075 1598 1135 1637 nis,
1148 1598 1217 1638 assa]
1239 1600 1310 1629 Cic.
1336 1599 1377 1628 de
1394 1598 1516 1638 Arusp.
1537 1599 1640 1638 Resp.
1663 1600 1758 1631 ‘Sta-

1077 1651 1142 1677 tuae
1171 1652 1204 1676 et
1230 1647 1389 1686 imagines
1418 1656 1481 1676 non
1507 1647 1691 1678 animorum
1714 1649 1758 1679 si·

1076 1695 1222 1724 mulacra
1257 1698 1346 1733 sunt,
1378 1694 1436 1726 sed
1466 1694 1666 1734 corporum!
1709 1695 1758 1728 At

1075 1752 1211 1774 carmen
1227 1743 1328 1774 animi
1345 1744 1486 1774 virtutes
1500 1743 1638 1774 exhibet
1657 1747 1694 1774 et
1707 1754 1758 1776 re-

1075 1796 1268 1830 praesentat.
1313 1792 1403 1823 Hinc
1433 1791 1535 1823 ovid.
1572 1792 1583 1810 ‘
1595 1792 1757 1824 Scinden-

1076 1842 1131 1868 tur
1147 1844 1268 1878 vestes,
1280 1849 1417 1879 gemmae
1431 1839 1628 1880 frangentur
1650 1845 1686 1872 et
1700 1850 1757 1872 au-

1075 1895 1156 1918 rum.
1199 1887 1354 1918 Carmina
1377 1897 1474 1928 quam
1498 1888 1647 1920 tribuent
1668 1888 1757 1921 fama

1075 1936 1229 1974 perennis
1257 1936 1347 1967 erit)
1386 1938 1430 1967 Et
1455 1937 1582 1968 Noster
1606 1937 1696 1968 infra
1715 1947 1755 1972 n.

1076 1983 1184 2023 Epist.
1196 1983 1236 2014 ad
1256 1983 1463 2024 Augustum:
1480 1983 1490 2001 ‘
1501 1984 1576 2015 Nec
1585 1985 1687 2024 magis
1699 1994 1758 2016 ex-

1075 2032 1182 2070 pressi
1207 2032 1318 2062 vultus
1334 2041 1394 2072 per
1416 2032 1520 2063 aiinea
1534 2032 1630 2072 signa
1647 2033 1756 2065 Quam

1075 2088 1135 2118 per
1151 2080 1235 2110 vatis
1251 2089 1335 2119 opus
1359 2090 1467 2111 mores
1488 2080 1656 2121 animique
1671 2080 1758 2112 viro-

1073 2136 1143 2158 rum
1160 2128 1332 2159 Clarorum
1348 2127 1538 2168 apparent!

1116 2179 1152 2206 15
1179 2177 1299 2207 Celeres
1314 2177 1418 2216 sugae,
1440 2177 1628 2218 Rejeoeoeque
1640 2181 1755 2209 retror-

1069 2234 1136 2255 sum
1155 2224 1348 2262 Hannibalis,
1367 2224 1438 2264 asa]
1461 2225 1602 2258 Quando
1624 2226 1754 2256 Hanni-

1071 2273 1124 2303 bal
1147 2272 1327 2303 ‘incubans
1349 2272 1483 2310 Italiae,’
1505 2273 1646 2314 ejusque
1665 2273 1752 2304 ‘vis-

1071 2323 1204 2354 ceribus
1220 2322 1410 2358 inhaerensss
1438 2321 1659 2354 ‘summotus'
1679 2326 1753 2354 tau—

1071 2371 1146 2402 dem
1171 2375 1206 2402 et
1230 2376 1368 2402 coactns
1390 2375 1443 2402 est
1464 2371 1531 2402 cito
1553 2371 1587 2401 in
1602 2369 1752 2402 Africam

1071 2419 1183 2450 redire
1198 2420 1239 2450 ad
1254 2429 1349 2459 opem
1363 2418 1534 2450 ferendam
1546 2419 1752 2459 Carthagini,

1072 2468 1168 2507 cujus
1198 2472 1311 2507 portas
1340 2467 1514 2508 quatiebat
1541 2467 1672 2507 Scipio;
1694 2468 1750 2508 qui

1074 2516 1121 2547 sic
1149 2515 1191 2546 ad
1220 2517 1332 2547 hostes
1360 2515 1511 2547 traduxit
1544 2515 1751 2557 ‘rejecitque

1073 2565 1178 2596 minas
1189 2564 1199 2580 '
1221 2569 1256 2596 et
1271 2564 1348 2596 beili
1363 2565 1448 2595 maia
1460 2571 1560 2606 atque
1572 2565 1752 2596 incommo-

1073 2616 1127 2655 da,
1140 2615 1258 2656 quibus
1278 2615 1327 2646 sui
1354 2615 1443 2645 cives
1466 2619 1566 2646 antea
1587 2614 1752 2647 vexaban-

1074 2669 1140 2694 tur.
1183 2662 1268 2694 Vide
1295 2663 1366 2695 Liv.
1390 2671 1519 2695 xxvnr.
1543 2670 1649 2694 xxix·
1663 2671 1750 2695 xxx.

1073 2712 1162 2744 Flor.
1179 2721 1216 2743 ιι.
1232 2714 1263 2743 6.
