1904 3256
311 286 395 328 630
776 301 818 338 Q.
851 300 1054 330 HonA‘ru
1089 299 1258 330 FLAccl

531 392 727 433 Fortuna
746 393 883 433 lustro
903 405 1110 445 prospera
1128 392 1250 433 tertio

531 458 648 498 Belli
669 458 884 498 secundos
904 457 1094 498 reddidit
1111 458 1269 508 exitus,

582 523 865 575 Laudemque
886 527 931 563 et
947 527 1138 576 optatum
1159 524 1343 576 peractis

641 587 842 640 Imperiis
862 588 997 629 decus
1016 590 1242 641 arrogavit.

529 652 594 692 Te
616 651 831 694 Cantaber
847 666 930 694 non
950 657 1047 694 ante
1068 654 1310 702 domabilis,

529 717 786 770 Medusque,
806 722 850 759 et
870 718 1019 768 Indus,
1041 723 1081 759 te
1102 718 1307 772 profugus
1328 719 1514 771 Scythes

585 782 780 832 Miratur,
799 796 826 823 o
846 784 982 825 tutela
1002 797 1196 837 praesens

637 848 780 890 Italiae
800 850 1072 902 dominaeque
1093 850 1271 890 Romae!

526 914 604 963 Te,
626 915 804 954 fontium
825 915 902 967 qui
922 915 1037 957 celat
1055 916 1251 967 origines,

1669 591 1724 630 40

1668 917 1724 956 45

306 1048 382 1089 daus
403 1067 580 1107 prosperum
594 1060 715 1107 militia
726 1062 824 1102 finem
845 1063 987 1102 proebuit,
1001 1066 1031 1094 et
1045 1063 1170 1093 honores
1191 1062 1413 1102 eal-petitumque
1431 1062 1563 1101 gloriam
1582 1059 1727 1098 confectis

305 1101 548 1139 expedztzombus
570 1102 690 1133 trzbm't.
744 1103 786 1133 Te
809 1103 963 1134 Cantaber
983 1107 1073 1134 antea
1097 1104 1240 1140 invicta-3,
1267 1107 1299 1134 et
1325 1105 1436 1134 Medus
1458 1106 1546 1142 atque
1568 1103 1674 1141 Indus,
1695 1105 1726 1131 te

307 1139 422 1180 Scytha
435 1151 532 1180 vagus
546 1146 712 1182 reveretur,
728 1152 744 1172 ο
762 1145 866 1174 Coesar
883 1149 998 1175 certum
1013 1145 1148 1175 columen
1164 1145 1267 1175 Italia»
1286 1154 1321 1175 ac
1338 1145 1443 1175 Romae
1457 1141 1640 1183 Principis!
1685 1142 1725 1172 Te

891 1242 1130 1258 eeeuemeoae

309 1328 430 1360 Sauad.
445 1329 594 1366 Towers,
611 1333 646 1360 et
662 1329 812 1360 Francis.
856 1329 922 1360 Sed
939 1330 1051 1369 plures
1067 1333 1102 1360 et
1116 1329 1282 1368 meliores,
1303 1332 1339 1359 ut
1362 1328 1458 1359 Harl.
1473 1331 1501 1359 1.
1512 1330 1543 1359 2.
1557 1330 1588 1359 3.
1604 1330 1634 1358 4.
1649 1330 1680 1357 5.
1694 1330 1724 1358 6.

308 1369 514 1409 Alexandrea,
540 1380 676 1410 quorum
704 1370 940 1401 auctoritatem
966 1376 1150 1410 sequuntur
1175 1371 1315 1400 Venett.
1339 1370 1480 1400 Locher.
1504 1368 1584 1400 Asc.
1609 1368 1725 1398 Basili.

306 1410 396 1441 Mur.
421 1411 519 1442 Fabr.
536 1412 637 1452 Cruq.
657 1412 752 1442 Torr.
767 1412 884 1451 Steph.
906 1411 1024 1442 Heius.
1039 1412 1142 1451 Rutg.
1159 1411 1239 1441 Fab.
1257 1412 1379 1441 Dacer.
1396 1411 1496 1441 Baxt.
1510 1409 1622 1440 Bentl.
1639 1410 1723 1440 Cun-

306 1450 388 1483 Jon.
416 1452 518 1482 Gesn.
542 1453 646 1483 Zeun.
670 1452 762 1492 Jani,
785 1453 922 1492 Bipont.
948 1453 1085 1483 Mitscb.
1107 1453 1247 1483 Wetzel.
1264 1450 1397 1482 Wakef.
1421 1451 1538 1482 Comb.
1561 1455 1596 1481 et
1621 1450 1725 1481 Kidd.

309 1492 531 1524 ‘Alexandrea
556 1495 658 1524 etiam
685 1494 718 1524 in
743 1494 883 1524 nummis
910 1498 946 1524 et
972 1503 1148 1524 monumm.
1192 1492 1270 1523 vid.
1285 1491 1410 1523 Annon.
1431 1492 1613 1532 Augustin.
1628 1491 1727 1522 Ansst.

307 1533 410 1564 Num.
429 1535 517 1565 Dial.
534 1543 589 1566 ιιι.
606 1545 639 1574 p.
651 1537 704 1566 42.
750 1535 889 1566 Gruter.
903 1535 1009 1566 Inscr.
1026 1543 1216 1566 cccnxxvi.
1231 1536 1261 1564 3.
1284 1542 1399 1564 nxxv.
1416 1536 1447 1564 2.
1492 1532 1639 1564 Praefert
1653 1541 1726 1563 eam

307 1575 509 1614 scripturam
521 1576 623 1607 etiam
634 1577 820 1606 Broukbus.
834 1577 875 1607 ad
887 1577 1044 1616 Propert.
1061 1585 1117 1607 111.
1134 1579 1186 1606 11.
1201 1578 1253 1606 33.
1266 1581 1301 1605 et
1313 1578 1424 1605 nostro
1437 1575 1469 1605 in
1480 1575 1554 1605 loco
1563 1574 1729 1605 Priscian.

306 1615 365 1646 lib.
380 1625 418 1647 ιι.
432 1626 464 1655 p.
476 1619 549 1648 588.
566 1626 639 1648 curn
656 1617 736 1647 alias
751 1623 893 1657 utraque
907 1617 1073 1657 scriptura
1087 1617 1211 1647 usitata
1226 1617 1283 1654 sit,
1297 1626 1316 1646 e
1329 1616 1388 1646 Gr.
1401 1614 1630 1656 ’meedvspeuzss
1640 1615 1727 1645 Jam'.

306 1659 392 1688 —42
414 1657 509 1688 Indus
525 1658 732 1698 profugusque
747 1658 876 1698 Scythes
899 1659 992 1698 Lips.
1009 1661 1124 1690 3.—45
1147 1657 1268 1689 Faeru.
1285 1663 1320 1688 et
1334 1656 1490 1690 Januoct.
1505 1656 1666 1692 Lambini,
1681 1665 1727 1686 ce-

947 1752 978 1783 N
985 1750 1084 1783 01·AE

346 1837 385 1864 35
411 1834 543 1874 Portus]
567 1834 711 1866 Quidam
729 1835 846 1875 legunt
857 1839 974 1875 portas.

346 1882 560 1923 Alexandrea]
584 1882 766 1914 Alexandri
782 1893 877 1923 opus,
894 1884 936 1914 ab
948 1893 989 1915 eo

303 1931 430 1970 Magna
446 1931 546 1962 etiam
563 1932 640 1963 olim
653 1932 759 1972 dicta,
773 1933 853 1964 urbs
867 1934 990 1973 AEgyp·

303 1979 330 2010 ti
347 1979 515 2018 primaria,
530 1984 663 2019 portum
679 1980 781 2012 habet
796 1982 988 2013 commodis-

303 2028 421 2059 simum
438 2029 684 2070 emporiumque
701 2030 848 2061 celebre.

345 2080 388 2108 36
415 2077 550 2108 Vacuam
561 2079 705 2118 patffecit
719 2080 835 2120 aulam]
859 2080 940 2111 Cum
954 2080 986 2111 in

303 2134 376 2156 eam
393 2125 506 2157 urbem
529 2126 756 2166 confugissent
773 2129 937 2160 Antonius
953 2134 989 2160 et

305 2174 498 2214 Cleopatra,
511 2175 745 2207 invadentibus
764 2177 918 2209 Romanis
931 2178 988 2210 de·

303 2231 407 2261 mum,
420 2223 475 2254 ille
487 2224 550 2254 sibi
563 2234 678 2256 manus
691 2227 804 2257 attulit
817 2227 989 2268 violentas,

304 2272 542 2314 deportarique
580 2276 781 2307 semianimis
821 2278 924 2308 voluit
955 2279 990 2309 in

303 2321 514 2353 Mausoleum
545 2333 565 2353 a
594 2324 775 2364 Cleopatra
809 2326 991 2366 conditum,

306 2379 373 2410 quo
389 2374 424 2401 et
438 2371 508 2402 haec
525 2381 560 2402 se
576 2373 715 2412 recepit.
759 2373 893 2404 Vacuam
911 2383 989 2414 ergo

305 2420 406 2450 aulam
419 2420 526 2451 victor
539 2420 711 2461 Augustus
727 2423 862 2462 reperit.

347 2471 389 2499 39
411 2469 552 2500 Peractis
566 2470 720 2510 Imperiis,
731 2469 802 2510 δμη]
825 2469 989 2502 Confecto

299 2517 372 2557 jam
387 2518 474 2549 bello
491 2519 645 2550 Ruaetico
661 2524 696 2550 et
712 2519 898 2556 Vindelico,
910 2520 988 2550 item

305 2565 502 2598 Pannonico
524 2572 625 2607 atque
641 2567 863 2598 Germanico:
887 2567 990 2599 finitis

305 2618 583 2657 expeditionibus,
599 2617 810 2660 feliciterque
831 2618 910 2650 orbe
932 2628 989 2659 pa-

305 2670 393 2698 cato.
419 2667 506 2697 Vide
523 2667 590 2698 Od.
606 2678 676 2708 seq.

350 2715 497 2754 Optatam
506 2715 610 2754 decus]
627 2717 701 2747 Hoc
713 2716 768 2747 alii
784 2715 934 2747 referunt
946 2715 988 2746 ad

305 2762 485 2803 Tiberium,
504 2763 561 2803 qui
585 2763 627 2794 ob
650 2773 701 2794 res
724 2764 808 2795 bene
827 2768 939 2804 gestas
955 2767 990 2794 et

1043 1834 1228 1874 confectas,
1237 1844 1338 1866 ovans
1350 1834 1465 1866 urbem
1476 1834 1644 1874 ingressus
1656 1838 1727 1865 ert:

1043 1883 1157 1914 melius
1176 1884 1231 1913 alii
1254 1883 1295 1913 ad
1311 1882 1512 1923 Angustum,
1527 1884 1579 1914 cui
1599 1883 1727 1914 decreti

1043 1937 1113 1962 tum
1130 1932 1261 1963 demum
1283 1936 1361 1962 sunt
1383 1933 1523 1963 bonores
1540 1932 1656 1971 divini,
1669 1931 1727 1962 do-

1042 1981 1253 2021 minatnsque
1271 1985 1464 2020 perpetuus.

1082 2032 1122 2061 41
1148 2031 1189 2061 Te
1207 2029 1371 2069 Cantaber,
1383 2029 1453 2069 de]
1479 2028 1642 2067 Adverte,
1657 2033 1726 2060 stu-

1040 2079 1133 2110 diose
1156 2080 1274 2117 lector,
1295 2078 1519 2118 amplificandi
1538 2077 1726 2110 ubertatem

1041 2132 1076 2159 et
1097 2127 1307 2164 felicitatem,
1329 2127 1506 2158 verborum
1529 2127 1727 2158 dictionum·

1041 2185 1105 2217 que
1121 2176 1250 2216 copiam
1267 2181 1303 2206 et
1318 2176 1438 2206 lumen.
1481 2176 1532 2206 De
1549 2169 1740 2206 Cantabris*

1042 2234 1081 2256 ιι.
1099 2224 1166 2256 Od.
1179 2227 1209 2255 6.
1227 2224 1299 2254 init.
1324 2232 1379 2254 ιιι.
1397 2223 1464 2254 Od.
1481 2225 1512 2254 8.
1536 2222 1604 2262 ubi,
1625 2223 1636 2239 ‘
1650 2222 1726 2253 Ser-

1041 2275 1089 2305 vit
1117 2274 1277 2314 Hispanae
1301 2276 1397 2302 vetus
1419 2272 1524 2302 hostis
1546 2280 1614 2302 orae
1637 2271 1724 2302 Cau-

1042 2325 1151 2363 taber,
1166 2332 1241 2354 sera
1254 2322 1396 2352 domitus
1412 2320 1558 2352 catena!

1081 2376 1123 2404 42
1146 2373 1327 2410 Medusque,
1353 2373 1383 2400 et
1406 2369 1518 2408 Indus]
1545 2378 1570 2400 1.
1593 2368 1659 2400 Od.
1674 2372 1727 2402 12.

1040 2430 1098 2452 ιιι.
1115 2421 1183 2451 od.
1199 2423 1229 2451 8.

1082 2468 1225 2510 Scythes]
1248 2477 1272 2499 ι.
1289 2467 1356 2499 Od.
1371 2469 1422 2497 19.
1438 2471 1471 2497 et
1488 2469 1540 2498 35.
1559 2474 1599 2497 ιι.
1615 2466 1682 2498 Od.
1693 2470 1725 2500 9.

1041 2520 1074 2550 in
1090 2519 1165 2549 tine.
1190 2526 1247 2547 ιιι.
1263 2516 1329 2547 Od.
1345 2518 1375 2546 8.
1393 2519 1428 2545 et
1442 2518 1496 2545 24.

1082 2571 1122 2599 43
1142 2567 1248 2597 Tutela
1258 2574 1392 2605 proesens
1406 2562 1524 2602 Italiae]
1540 2571 1598 2594 111.
1611 2562 1678 2594 od.
1690 2567 1722 2596 5.

1040 2618 1050 2634 ‘
1065 2617 1218 2647 Praesens
1228 2613 1332 2645 Divus
1344 2612 1520 2643 habebitur
1533 2610 1728 2652 Augustus:

1043 2665 1165 2704 virgil.
1181 2663 1253 2694 Ecl.
1268 2671 1292 2692 1.
1307 2665 1359 2693 42.
1375 2662 1384 2678 ‘
1397 2670 1503 2701 neque
1518 2660 1656 2692 servitio
1671 2670 1725 2693 me

1042 2715 1133 2748 exire
1146 2713 1267 2744 licebat
1284 2713 1356 2743 Nec
1370 2716 1437 2743 tam
1451 2714 1633 2752 praesentes
1645 2710 1725 2743 aiibi

1041 2771 1246 2804 cognoscere
1264 2759 1390 2792 Divos!
