1890 3256
389 289 498 331 1068
852 303 896 337 Q.
928 299 1130 330 nonam
1166 299 1334 329 FLAcci

390 392 574 433 Nodosa
595 404 748 444 corpus
765 391 875 431 nolis
896 390 1120 442 prohibere
1140 390 1358 442 cheragra.

391 458 474 498 Est
493 458 680 510 quadam
702 457 871 509 prodire
893 461 1030 504 tenus,
1052 456 1090 495 si
1107 467 1191 495 non
1210 455 1334 496 datur
1353 455 1476 497 ultra.

392 522 550 563 Fervet
569 522 750 563 avaritia
769 521 1013 573 miseroque
1033 520 1236 573 cupidine
1253 522 1438 573 pectus?

391 588 502 628 Sunt
524 588 654 628 verba
673 590 716 626 et
736 598 882 635 voceS,
903 587 1060 639 quibus
1081 586 1190 626 hunc
1211 587 1342 627 lenire
1362 586 1554 627 dolorem

392 652 560 700 Possis,
582 657 627 691 et
646 664 845 704 magnam
862 653 999 692 morbi
1017 651 1228 704 deponere
1252 657 1430 704 partem.

391 717 556 758 Laudis
575 730 720 758 amore
738 718 907 758 tumes‘l
937 722 1037 758 sunt
1057 722 1176 758 certa
1196 718 1383 771 piacula,
1405 731 1503 771 quae
1525 722 1567 757 te

1748 650 1805 691 35

390 853 450 873 non
463 847 623 883 propterea
636 846 775 884 negligas
789 855 807 876 a
821 855 942 885 corpore
957 855 1060 876 arcere
1074 845 1247 884 chiragram
1262 845 1468 876 innodantem.
1506 844 1602 874 Juvat
1617 843 1808 882 aliquatenus

388 886 543 922 progredi,
566 887 688 917 tametsi
711 897 770 917 non
793 888 884 918 liceat
904 887 1043 926 amptius,
1093 887 1284 918 Verumem‘m
1305 887 1333 917 si
1354 887 1473 917 animus
1490 888 1601 916 oestuat
1619 883 1753 914 avaritia
1775 886 1806 914 et

388 926 560 964 cupiditate
583 928 706 958 miseros
716 929 866 965 faciente,
888 929 921 959 in
941 932 1061 967 promtu
1074 930 1184 958 adsunt
1198 937 1359 968 sermones,
1373 928 1478 967 quibus
1491 927 1637 965 mitigare
1650 935 1740 965 queas
1754 924 1809 955 hoc

390 968 513 1007 malum,
529 971 560 998 et
573 978 715 1007 maguam
729 970 821 1000 istius
833 970 1032 1008 (egritudinis
1047 973 1167 1009 partem
1179 970 1335 1009 depellere.
1381 969 1418 999 Si
1430 970 1540 1007 gloriae
1553 968 1654 998 studio
1669 967 1806 997 inardes-

994 1070 1033 1082 Ν

1195 1069 1217 1082 O

391 1140 472 1171 diol.
502 1143 593 1172 1476.
617 1144 708 1173 1477.
730 1143 865 1174 Venett.
882 1146 973 1174 1478.
990 1145 1083 1175 1479.
1101 1145 1195 1174 1481.
1214 1145 1306 1174 1483.
1326 1145 1417 1173 1490.
1434 1143 1527 1172 1492.
1545 1142 1638 1172 1495.
1662 1139 1810 1171 Florent-

392 1184 486 1213 1482.
511 1182 707 1222 Lips.1499.
729 1184 807 1215 Ald.
821 1187 911 1215 1501.
933 1185 1131 1217 Jnnt.1503.
1177 1184 1249 1215 Neu
1263 1185 1334 1224 quia
1345 1184 1487 1223 Cuning.
1509 1184 1650 1222 desperas
1664 1181 1809 1212 Schoen-

392 1223 527 1256 born.2.
539 1230 575 1255 et
586 1224 738 1265 Angelic.
750 1229 782 1257 2.
804 1227 933 1257 Milonis
948 1228 1025 1257 Vat.
1037 1229 1086 1257 10.
1103 1235 1172 1258 am.
1187 1228 1341 1256 sem—31
1360 1225 1439 1256 Vat.
1456 1227 1506 1255 10.
1521 1234 1540 1254 a
1554 1233 1598 1254 ιιι.
1615 1231 1666 1263 pr.
1681 1226 1718 1253 et
1733 1222 1812 1252 Vnt.

392 1265 486 1296 Rom.
499 1269 531 1296 9.
554 1268 703 1305 podagra.
726 1267 906 1308 Bamberg.
927 1268 1089 1308 chymgra.
1119 1267 1348 1299 Schoenborn.
1361 1266 1515 1304 chiragra.
1545 1263 1624 1296 vid.
1639 1272 1678 1295 u.
1694 1264 1763 1294 Sat.
1778 1265 1811 1294 7.

392 1308 528 1338 15.-32
541 1309 599 1338 Est
614 1309 762 1348 quoddam
776 1310 870 1340 Vett.
884 1313 915 1341 5.
933 1311 985 1340 10.
1002 1319 1021 1339 a
1035 1319 1078 1339 m.
1095 1318 1146 1349 pr.
1163 1309 1337 1339 Barberin.
1353 1311 1382 1339 1.
1407 1307 1501 1338 Harl.
1513 1309 1544 1337 1.
1556 1308 1587 1337 4.
1597 1307 1628 1336 6.
1641 1307 1672 1336 7.
1694 1305 1810 1336 Zarot.

391 1348 530 1379 Mediol.
547 1351 640 1381 1477.
661 1350 801 1381 Venett.
815 1353 906 1382 1479.
918 1353 1012 1381 1481.
1027 1353 1118 1381 1490.
1135 1352 1228 1381 1495.
1271 1349 1349 1380 Ald.
1365 1352 1458 1380 1501.
1479 1348 1573 1380 Junt.
1589 1348 1683 1378 1503.
1709 1345 1812 1377 Basil.

393 1391 486 1420 1527.
501 1393 595 1422 1531.
617 1391 706 1429 quod
733 1396 932 1431 receperunt
958 1393 1039 1430 Fea,
1059 1393 1178 1429 Bothe,
1193 1396 1228 1422 et
1250 1390 1370 1423 Jaeck.
1416 1391 1474 1420 Est
1492 1389 1642 1428 quondam
1663 1386 1812 1418 nonnulli

390 1438 444 1467 ap.
464 1431 570 1461 Feam.
616 1433 675 1462 Est
687 1433 817 1471 quadam
832 1433 896 1463 dno
916 1433 1015 1463 codd.
1031 1442 1086 1472 ap.
1102 1433 1206 1472 Cruq.
1222 1437 1258 1463 et
1270 1432 1317 1462 sic
1331 1431 1415 1470 conj.
1434 1430 1548 1461 Lamb.
1570 1438 1682 1468 recep.
1697 1427 1810 1458 Bentl.

391 1471 535 1511 Cuning.
553 1473 653 1503 Baxt.
673 1474 795 1503 Sanad.
818 1474 905 1504 Phil.
931 1474 1075 1509 Francis,
1096 1474 1242 1513 Sandby‚
1263 1473 1367 1504 Gesn.
1390 1472 1495 1502 Zeun.
1511 1470 1665 1502 oberlin.
1681 1469 1811 1499 Valart.

391 1512 524 1543 Wakef.
541 1513 676 1554 Bipont.
694 1514 833 1545 wetzel.
849 1515 964 1546 Comb.
980 1515 1082 1545 Kidd.
1093 1519 1126 1545 et
1141 1515 1290 1554 Doering.
1318 1514 1378 1544 Est
1392 1514 1518 1552 quodam
1534 1510 1761 1542 Schoenborn.
1779 1511 1812 1539 8.

391 1555 423 1582 4.
437 1554 569 1592 plurimi
584 1565 637 1594 ap.
654 1555 768 1594 Femu,
781 1556 824 1586 al.
839 1561 873 1586 et
891 1557 1025 1595 vulgata
1040 1555 1112 1587 fere
1124 1555 1201 1587 lect.
1215 1555 1303 1595 apud
1315 1555 1397 1585 alios
1413 1554 1654 1584 editorem—33
1667 1550 1812 1589 Cnning.

390 1595 974 1668 {2‘0³„'2{5¹32’11¹322‚”32};;'xmzz‘zzffssi
989 1596 1226 1678 3.?‡‚¹3.⁰g¹¹¹',3‘;;¹;
1236 1591 1815 1678 35„5?3³²”“÷¹?3·}{23“223⁶'3·432‘

1035 1740 1176 1773 NOTAE

1131 1802 1356 1843 Philosophiae
1367 1810 1487 1833 arcana
1495 1797 1652 1836 scrutari,
1665 1800 1700 1828 at
1713 1795 1815 1837 prod-

1131 1858 1183 1883 est
1203 1858 1315 1883 tamen
1339 1850 1515 1891 plurimum
1538 1847 1589 1877 vel
1615 1845 1729 1886 primis
1747 1845 1815 1876 ele-

392 1803 438 1844 gii
459 1804 591 1835 dicitur.
625 1803 767 1837 Quidam
783 1805 913 1844 legunt,
926 1804 1078 1840 Miloniu

393 1861 513 1892 nempe
542 1853 747 1883 Crotoniatis
785 1853 986 1892 mentionem
1023 1853 1079 1883 hic

392 1909 467 1930 esse
483 1901 609 1935 volunt,
625 1901 682 1940 qui
693 1904 825 1931 taurum
841 1901 950 1931 vivum
966 1900 1079 1930 hume·

391 1948 437 1978 ris
455 1947 543 1987 tulit,
565 1957 663 1978 manu
680 1949 852 1986 mactavit,
875 1957 914 1979 ac
937 1948 1078 1979 devora-

393 1996 455 2034 vit,
481 1996 514 2026 in
539 1995 724 2035 olympicis
754 1996 872 2027 victor.
918 1995 1077 2026 Heinsius

394 2044 566 2084 ingeniose
579 2049 614 2074 et
625 2043 757 2074 erudite
769 2043 943 2075 contendit
958 2044 1079 2075 intelli-

395 2092 540 2132 gendum
562 2101 636 2123 esse
657 2092 709 2123 hic
726 2092 910 2131 Glyconem
926 2092 1080 2123 Philoso-

397 2141 507 2180 phum,
523 2150 621 2181 quem
638 2139 792 2171 Laenius
814 2141 930 2172 scribit
956 2143 965 2158 ‘
983 2141 1079 2172 firmo

394 2199 548 2228 corpore,
562 2194 598 2219 et
622 2188 733 2219 habitu
759 2198 891 2229 prorsus
909 2189 1080 2220 athletico’

395 2238 562 2269 extitisse.

437 2290 476 2317 31
502 2288 626 2318 Nndvsa
649 2286 813 2326 cheragra]
851 2287 902 2318 De
917 2288 1081 2329 chiragra,

395 2336 453 2367 lib.
469 2344 508 2366 11.
521 2336 594 2366 Sat.
608 2338 638 2366 7.
653 2336 775 2366 Nodosa
790 2335 866 2375 quia
878 2335 972 2366 nodis
988 2337 1081 2376 quasi

395 2383 562 2424 praepedit
590 2388 715 2414 motum
741 2387 776 2414 et
797 2393 891 2414 usum
913 2393 1080 2415 manuum.

395 2435 463 2464 Seu
489 2433 577 2474 qnod
608 2433 723 2463 humor
745 2442 876 2463 crassus
899 2433 1082 2473 digitorum

395 2481 588 2512 internodia
617 2489 786 2520 occupans
815 2486 1008 2521 turgescere
1033 2480 1082 2512 fa-

397 2531 466 2562 ciat
482 2531 574 2561 velut
588 2529 693 2560 nodos
710 2534 746 2560 et
761 2529 891 2570 lapillos
909 2530 1084 2571 quosdam.

398 2579 497 2611 Unde
513 2579 647 2610 Persius
673 2579 683 2596 ‘
695 2578 897 2618 lapidosam'
921 2579 1002 2610 dicit
1015 2579 1083 2610 cui-

399 2637 541 2667 ragram.
585 2628 656 2669 Sat.
671 2636 703 2658 v.
716 2630 768 2659 58.

424 2683 426 2685 ’
441 2679 482 2707 32
503 2678 564 2707 Est
576 2677 707 2717 quadam
728 2676 886 2716 [quodam]
900 2677 1024 2716 prodire
1036 2680 1082 2709 te-

398 2734 468 2764 nue,
495 2724 562 2764 ἔξω]
593 2724 646 2756 ΑΙ.
675 2726 814 2765 quadam.
859 2725 982 2756 Sensus
1007 2730 1082 2756 estt

399 2775 600 2815 Quanquam
628 2783 695 2805 non
718 2774 798 2805 licet
818 2774 1082 2806 reconditissima

1130 1901 1250 1930 mentis
1264 1898 1380 1938 imbui,
1395 1901 1430 1928 et
1445 1897 1564 1927 saltem
1573 1893 1724 1925 delibare
1735 1901 1816 1923 non-

1130 1948 1211 1978 nihil
1231 1957 1274 1978 ex
1289 1946 1360 1977 istis
1378 1942 1631 1975 medicamentis
1646 1941 1814 1972 vitiorum.

1132 1997 1312 2036 Expugnat
1335 1992 1498 2024 Horatius
1525 1999 1583 2021 eos
1602 1989 1659 2031 qui
1685 1988 1816 2029 sapien-

1133 2044 1188 2074 tiae
1204 2042 1348 2073 studium
1362 2041 1440 2072 hinc
1456 2037 1707 2077 dissuadebant,
1726 2035 1816 2078 quod

1131 2101 1203 2122 eam
1219 2090 1346 2131 assequi
1363 2087 1516 2130 perfecte
1531 2095 1628 2118 nemo
1644 2085 1762 2126 possit.

1174 2143 1215 2171 34
1236 2139 1317 2170 Sunt
1330 2137 1422 2169 verba
1434 2140 1464 2168 et
1477 2145 1572 2172 voces,
1587 2133 1655 2174 ξω]
1682 2132 1815 2164 Doctri-

1130 2198 1171 2220 na
1201 2197 1329 2219 morum
1357 2186 1457 2217 habet
1485 2184 1633 2216 remedia
1659 2182 1816 2214 adversu-

1132 2236 1314 2279 qnemlibet
1331 2235 1430 2265 animi
1446 2233 1606 2264 morbum.

1174 2289 1215 2317 36
1239 2284 1377 2320 Piucula,
1405 2292 1470 2322 quae
1498 2283 1528 2311 ee
1552 2280 1611 2311 Ter·
1626 2287 1705 2319 pure
1725 2279 1814 2316 lecto,

1131 2333 1201 2375 ξω]
1224 2332 1376 2364 Advorte
1399 2331 1463 2360 tria
1482 2328 1583 2359 verba
1606 2336 1626 2358 a
1647 2327 1748 2358 rebus
1763 2335 1814 2358 sa-

1134 2384 1200 2415 cris
1215 2388 1250 2414 et
1272 2380 1430 2421 religione
1451 2378 1612 2409 translata
1625 2376 1668 2408 ad
1682 2376 1815 2417 sapien-

1135 2433 1190 2464 tioe
1205 2431 1361 2462 studium.
1381 2430 1391 2446 ‘
1405 2425 1569 2466 Piacnla,'
1588 2435 1614 2458 1.
1630 2424 1699 2457 Od.
1713 2428 1746 2457 2.
1761 2427 1815 2456 29.

1135 2486 1171 2512 et
1197 2479 1305 2519 Epod.
1330 2486 1362 2508 v.
1392 2479 1444 2508 90.
1464 2476 1473 2492 ‘
1495 2474 1568 2515 tei-,³
1595 2474 1638 2506 de
1666 2474 1816 2505 ternario

1135 2537 1270 2560 numero
1295 2527 1328 2557 in
1355 2525 1460 2557 sacris
1481 2523 1622 2564 solenni,
1637 2522 1706 2554 dixi
1721 2521 1815 2554 alibi.

1134 2576 1287 2611 Juvenal.
1302 2575 1373 2606 Sat.
1390 2583 1439 2605 vi.
1453 2576 1527 2605 522.
1569 2573 1668 2604 Pers.
1682 2572 1755 2604 Sat.
1770 2579 1814 2603 ιι.

1137 2630 1188 2659 16.
1231 2626 1331 2666 Pure]
1349 2624 1439 2655 Pura
1451 2626 1573 2654 mente.
1594 2621 1704 2653 Tibul.
1716 2619 1816 2652 ‘cta-

1133 2681 1169 2706 ta
1195 2675 1326 2714 placent
1352 2673 1502 2713 superis:
1526 2679 1610 2713 pura
1633 2679 1708 2701 cum
1725 2672 1814 2700 vente

1134 2725 1266 2755 venite:
1311 2723 1355 2754 Et
1384 2721 1534 2754 manibus
1570 2719 1661 2761 puri·
1695 2717 1813 2751 siimiie

1132 2772 1234 2804 fontis
1248 2769 1389 2813 aquam?
