1890 3256
373 263 456 304 996

835 278 878 314 Q.
910 275 1111 306 ΗοκΑΤιι
1147 275 1318 306 rcAccr
1358 282 1359 285 ¹

372 365 567 406 AEstates
587 369 772 417 peraget,
791 366 863 416 qui
884 365 1014 415 nigris
1034 365 1216 416 prandia
1234 367 1367 407 moris

373 429 528 478 Finiet,
549 435 649 470 ante
668 441 839 480 gravem
860 440 958 479 quae
978 428 1129 479 legerit
1149 431 1299 471 arbore
1321 432 1469 471 solem.

377 493 572 535 Aufidius
591 496 685 534 forti
704 494 916 533 miscebat
932 494 1063 534 mella
1084 494 1285 544 Falerno,

374 559 583 600 Mendose
601 571 611 607 ;
642 558 842 609 quoniam
867 560 1021 599 vacuis
1041 561 1308 601 committere
1328 562 1450 601 venis

1729 564 1786 604 25

373 624 451 664 Nil
469 625 552 663 nisi
572 624 663 662 lene
685 623 838 664 decet:
867 624 954 664 leni
977 626 1214 676 praecordia
1233 627 1369 666 mulso

374 688 594 728 Prolueris
615 688 782 727 melius.

841 688 890 728 Si
910 689 1019 730 dura
1038 691 1274 732 morabitur
1294 692 1431 740 alvus,

372 811 542 842 metiuntur.
567 812 601 842 Is
610 816 732 843 «estates
737 822 828 844 sanus
836 814 989 852 traducet,
999 815 1052 854 qui
1060 816 1188 854 prandia
1193 815 1289 856 finiet
1297 817 1390 846 morie
1399 816 1501 855 nigris
1511 826 1550 847 ex
1557 817 1663 847 arbore
1671 817 1793 856 decerp-

371 851 415 882 tis
428 855 500 883 ante
509 853 602 883 solem
614 855 783 885 ardentem.
818 855 959 895 Aufidius
970 857 1027 886 mel
1038 857 1223 887 immiscebat
1236 857 1367 888 Falerno
1378 858 1553 894 valentiori,
1565 859 1643 888 nmle
1652 858 1772 897 quidem
1779 868 1791 893 ,-

373 902 445 923 nam
458 894 565 925 vacuis
576 895 661 925 venis
673 895 752 926 nihii
765 896 852 926 debet
866 896 988 933 infundi
1002 897 1063 928 nisi
1082 899 1179 928 dulce.
1221 898 1347 929 Viscera
1361 899 1449 930 mvi
1463 899 1617 929 melicrato
1630 899 1792 938 perfundes

373 934 487 972 aptius.
531 935 569 966 Si
579 936 671 974 piger
684 946 720 967 uc
734 938 827 967 duum
833 936 936 974 suerit
949 942 1065 978 venter,
1077 938 1174 970 obices
1184 939 1376 970 removebunt
1387 940 1514 980 mytilus
1527 943 1556 971 et
1571 940 1690 970 concha
1705 940 1794 969 vilio·

967 1038 1198 1051 ΜΝΙΝΟΟ

377 1100 430 1140 qui
446 1103 557 1136 musto,
571 1105 649 1132 sumt
663 1100 879 1133 delicatiores
895 1112 903 1132 :
927 1102 1132 1134 luxuriosum
1145 1103 1240 1134 mulso
1255 1102 1421 1134 Iamdini.²
1445 1103 1628 1134 Genu-22
1650 1102 1795 1144 Cuning.

1012 1207 1154 1240 NOTAE

416 1281 457 1309 22
482 1278 545 1313 Qui
562 1277 663 1317 nigris
679 1278 812 1318 prandia
826 1279 920 1310 moris
934 1279 1057 1320 Finiet]

372 1325 492 1366 Immo,
508 1331 593 1358 teste
609 1327 752 1367 Galeno,
766 1328 854 1368 quod
870 1327 969 1360 facile
984 1338 1057 1359 cor-

373 1379 569 1414 rumpuntur
581 1385 684 1411 mora,
693 1376 794 1407 noxia
803 1381 879 1407 sunt
890 1382 967 1416 post
975 1378 1057 1408 alios

374 1423 465 1454 cibos
488 1428 617 1457 sumta;
642 1424 738 1455 initio
760 1434 841 1456 vero
859 1434 964 1456 coenoe
982 1434 1057 1465 pro-

374 1477 452 1502 sunt
467 1472 582 1512 magis.
618 1471 724 1503 Aliter
735 1472 844 1503 locum
859 1472 946 1504 hunc
960 1473 1058 1504 intel-

374 1519 478 1560 ligere
503 1529 690 1560 possumus,
711 1530 754 1551 ex
778 1530 869 1552 more
895 1525 1059 1561 veterum,

374 1568 432 1607 qui
456 1568 564 1598 levem
590 1572 626 1598 et
646 1567 810 1599 modicum
827 1569 992 1600 duntaxat
1014 1570 1059 1600 ci-

375 1616 455 1647 bum
467 1625 566 1647 mane
581 1615 780 1656 capiebant:
803 1616 957 1648 nimirum
974 1627 992 1648 e
1009 1626 1060 1648 re-

374 1663 614 1705 frigerantibus
638 1665 735 1696 valde
761 1666 861 1697 moris
886 1666 1061 1706 prandium

375 1714 458 1744 utile
472 1722 545 1745 esse
558 1718 694 1746 aestate:
713 1714 786 1746 haec
799 1718 835 1746 et
850 1715 939 1755 apud
954 1724 1012 1747 nos
1028 1716 1062 1746 in

370 1763 545 1802 jentaculo
559 1763 709 1804 plerique
725 1768 852 1794 amant.

418 1813 459 1841 23
483 1811 567 1842 Ante
585 1821 710 1850 gravem
732 1822 801 1851 quoe
821 1813 932 1851 legerit
955 1813 1062 1844 arbore

375 1858 483 1897 solem]
504 1859 600 1890 Tunc
621 1860 708 1890 enim
727 1860 885 1890 virtutem
902 1869 994 1890 suam
1010 1864 1060 1891 to-

377 1911 445 1937 tam
461 1910 624 1937 nocturno
639 1905 764 1945 frigore
778 1907 936 1937 inclusam
953 1908 1060 1938 conti-

376 1959 460 1986 nent
475 1955 658 1985 teneriores
670 1953 811 1985 fructus.
857 1955 984 1986 Contra
1000 1955 1059 1985 dn-

375 2003 480 2034 riores
495 2003 614 2034 ardore
630 2003 706 2034 solis
721 2004 816 2043 quasi
831 2004 920 2035 cocti
935 2010 969 2035 et
987 2013 1061 2044 per-

376 2051 461 2082 fecti
484 2060 526 2082 ex
546 2052 664 2082 arbore
686 2052 823 2092 decerpi
846 2052 972 2084 debent
992 2052 1060 2084 fer-

377 2104 476 2130 vente
493 2099 699 2140 potissimum
715 2099 780 2131 die.

419 2150 461 2178 2⁴
482 2147 641 2188 Aufidius]
663 2148 744 2188 Ejus
757 2149 906 2180 meminit
923 2148 1010 2180 Plin.
1025 2157 1061 2180 x.

378 2200 430 2229 20.
455 2197 465 2214 ⁴
484 2197 570 2227 Mar.
598 2196 750 2228 Aufidius
775 2198 884 2229 Lurco
910 2198 1061 2237 saginare

377 2247 505 2287 primus
518 2246 665 2277 instituit
681 2255 840 2286 pavones,
852 2247 941 2278 circa
954 2247 1063 2278 novis·

379 2297 498 2334 sim-um
525 2295 700 2334 piraticum
724 2295 868 2326 bellum:
892 2306 934 2326 ex
957 2305 1062 2337 eoque

380 2348 510 2384 quaestu
532 2343 657 2375 reditus
680 2343 870 2374 sestertium
888 2345 1064 2384 sexaginta

379 2391 484 2422 millia
498 2391 638 2423 habuit.'

423 2440 516 2471 For-ti
539 2440 684 2472 miscebat
709 2442 798 2472 mella
819 2442 965 2482 Falerno]
986 2443 1063 2475 Jam

379 2494 458 2519 ante
484 2493 538 2520 est
568 2490 780 2521 observatum
805 2499 846 2522 ιι.
863 2491 934 2522 Sat.
956 2494 986 2522 2.
1011 2494 1063 2523 15.

381 2538 496 2568 solitos
526 2542 657 2569 veteres
680 2539 834 2571 inchoare
860 2540 1013 2571 convivia
1045 2550 1064 2570 a

382 2587 584 2625 promulside
607 2596 665 2618 seu
681 2588 817 2627 potione
833 2589 942 2628 mulsi,
957 2588 991 2619 id
1012 2592 1065 2619 est

380 2634 451 2664 vini
476 2644 551 2667 cum
573 2636 670 2666 melle
697 2636 815 2667 mixti:
840 2646 860 2667 a
887 2637 1063 2668 mulcendo

381 2681 505 2712 factum
531 2692 650 2714 nomen
680 2684 768 2724 quod
794 2694 895 2716 venas
919 2685 1063 2716 mulceat

381 2730 524 2763 lenitate
539 2741 611 2764 sua.
653 2733 760 2764 Varro
769 2732 812 2764 de
830 2733 881 2765 Re
895 2733 994 2765 Rust.
1008 2741 1064 2764 ur.

1109 1283 1161 1312 16.
1176 1280 1188 1298 ‘
1201 1280 1304 1312 Venit
1318 1280 1413 1311 favus
1427 1281 1467 1311 ad
1483 1280 1613 1320 altaria,
1626 1284 1662 1312 et
1675 1281 1740 1311 mel
1753 1279 1796 1311 ad

1109 1329 1274 1369 principia
1287 1329 1455 1360 convivii.’
1500 1330 1607 1360 Porro
1621 1329 1720 1360 mulsi
1737 1338 1796 1370 po-

1110 1378 1233 1408 tionem
1249 1378 1437 1408 confectam
1461 1378 1628 1409 interdum
1650 1387 1796 1418 appone-

1110 1425 1211 1464 bant;
1234 1425 1411 1466 aliquando
1427 1426 1536 1456 vinnm
1560 1430 1596 1457 et
1618 1427 1681 1457 mei
1699 1435 1795 1466 sepa-

1111 1472 1209 1504 ratim
1225 1483 1235 1511 3
1251 1478 1288 1504 ut
1304 1475 1455 1509 conviva,
1476 1478 1651 1514 utrumque
1668 1478 1796 1514 tempe-

1111 1532 1201 1562 rans,
1226 1523 1288 1553 sibi
1318 1523 1458 1554 mulsum
1486 1524 1624 1555 arbitrio
1653 1524 1794 1565 quisque

1112 1580 1171 1601 sno
1200 1569 1340 1602 faceret.
1390 1572 1537 1602 Mulsum
1568 1572 1683 1603 laudat
1705 1571 1796 1603 Prin.

1114 1627 1208 1649 xxii.
1231 1621 1285 1650 211.
1318 1621 1327 1636 ‘
1345 1619 1446 1650 Multi
1469 1624 1638 1651 senectam
1662 1621 1796 1659 longam

1115 1668 1212 1698 mulsi
1228 1671 1355 1698 tantum
1378 1667 1508 1698 nutritu
1528 1668 1728 1705 toleravere,
1741 1677 1798 1698 ne-

1114 1724 1178 1756 que
1200 1716 1263 1746 alio
1285 1716 1354 1747 ullo
1373 1715 1463 1752 cibo,
1485 1716 1613 1747 celebri
1636 1716 1797 1747 Pollionis

1114 1765 1280 1805 exemplo.
1320 1765 1546 1796 Centesimum
1563 1768 1682 1794 annum
1698 1772 1797 1794 exce·

1113 1813 1246 1844 dentem
1261 1822 1337 1843 eum
1354 1814 1397 1844 D.
1414 1813 1586 1852 Augustus
1607 1812 1727 1852 hospes
1747 1813 1797 1843 in-

1114 1861 1307 1900 terrogavit,
1330 1869 1472 1899 quanam
1502 1860 1644 1891 maxime
1668 1861 1797 1892 ratione

1112 1909 1257 1947 vigorem
1274 1908 1365 1939 inum
1381 1908 1482 1939 animi
1495 1909 1711 1949 corporisque
1726 1919 1798 1940 cns-

1113 1957 1265 1988 todisset.

1113 2006 1231 2043 mulso,
1245 2005 1326 2035 foris
1341 2005 1436 2036 oleo?

1154 2055 1194 2084 25
1220 2053 1387 2090 Mendose5
1419 2053 1560 2094 quoniam
1586 2054 1702 2094 omnis,
1728 2055 1799 2094 ζα]

1114 2102 1222 2133 Immo
1253 2102 1349 2134 bene.
1399 2102 1534 2143 Quippe
1563 2112 1606 2134 ex
1632 2104 1690 2134 cit.
1719 2112 1798 2134 mox

1115 2151 1204 2182 Plin.
1219 2151 1228 2168 ‘
1245 2151 1389 2181 Mulsum
1406 2160 1447 2182 ex
1463 2156 1579 2182 vetere
1599 2151 1676 2182 vino
1691 2151 1798 2182 utilis·

1115 2199 1244 2238 simum,
1258 2198 1482 2239 facillimeque
1505 2209 1579 2230 cum
1602 2200 1701 2230 melle
1720 2208 1796 2231 con-

1116 2250 1327 2286 corporatur,
1346 2247 1434 2286 quod
1457 2247 1490 2276 in
1513 2247 1602 2278 dulci
1626 2255 1795 2287 nunquam

1115 2295 1238 2326 evenit.
1281 2294 1331 2324 Ex
1353 2298 1487 2325 austero
1505 2293 1626 2325 factum
1649 2303 1714 2325 non
1738 2295 1798 2325 im-

1117 2345 1188 2384 plet
1215 2342 1432 2380 stomachum,
1449 2351 1557 2382 neque
1586 2351 1627 2372 ex
1653 2342 1797 2374 decocto

1116 2392 1227 2431 melle,
1238 2391 1411 2431 minusque
1422 2389 1527 2429 inflat,
1538 2390 1626 2431 quod
1639 2389 1709 2422 fere
1719 2401 1796 2422 eve-

1117 2441 1179 2472 nit.
1222 2438 1413 2479 Appetendi
1430 2447 1560 2480 quoque
1577 2445 1714 2470 revocat
1729 2441 1797 2470 avi-

1117 2489 1257 2522 ditatem
1272 2486 1358 2519 cibi!
1394 2487 1478 2518 Vide
1495 2487 1680 2520 Dioscorid.
1694 2497 1729 2519 v.
1745 2492 1796 2521 16.

1118 2542 1154 2568 et
1168 2536 1319 2568 Macrob.
1337 2545 1403 2568 vu.
1421 2539 1473 2567 12.

1155 2589 1197 2618 26
1219 2585 1296 2616 Leni
1321 2586 1490 2625 precordia
1517 2587 1611 2617 mulso
1639 2586 1798 2618 Prolurt‘s

1114 2634 1232 2674 mlius]
1270 2634 1425 2665 Delicato
1452 2638 1488 2665 et
1509 2632 1684 2666 fastidioso
1709 2634 1797 2666 Catii

1115 2684 1229 2724 palato
1245 2683 1384 2714 mulsum
1400 2692 1419 2714 e
1436 2683 1581 2715 Massico
1596 2683 1714 2714 leniori
1725 2683 1796 2724 pln-

1116 2732 1242 2764 cuisset
1264 2731 1366 2773 magis
1382 2741 1479 2773 quam
1495 2742 1514 2764 e
1529 2731 1612 2764 forti
1631 2732 1791 2764 Falerno:

1321 1956 1366 1987 At
1394 1957 1451 1987 ille
1481 1957 1674 1996 respondit:
1707 1957 1797 1988 intus
1860 1955 1862 1957 ’
