1890 3256
641 304 921 337 SERMONUM
956 304 1054 335 mn.
1087 303 1141 334 11.
1169 292 1214 333 4.
1554 291 1668 333 1005

214 405 378 446 Pressa
396 400 660 444 Venafranae
683 400 804 453 quod
825 400 967 441 bacca
994 397 1160 440 remisit
1177 396 1329 439 olivae.

216 470 402 512 Picenis
422 467 582 511 cedunt
601 467 750 520 pomis
769 466 975 507 Tiburtia
995 477 1128 506 succo
1146 477 1158 515 3

216 537 336 578 Nam
355 535 471 576 facie
491 535 717 586 praestant.
777 531 1009 573 Venucula
1034 530 1236 572 convenit
1252 529 1382 581 ollis;

215 601 407 644 Rectius
427 599 647 641 Albanam
664 598 786 638 fumo
806 597 1035 638 duraveris
1054 609 1216 637 uvam:

217 668 353 709 Hanc
373 680 455 721 ego
475 678 579 707 cum
599 665 746 714 malis,
770 676 852 718 ego
872 663 1032 705 faecem
1053 663 1230 717 primus·
1240 667 1284 703 et
1302 662 1444 710 halec,

217 734 394 775 Primus
414 737 459 774 et
475 732 670 774 invenior
690 732 820 785 piper
841 731 1006 780 album,
1026 743 1127 771 cum
1143 729 1239 770 sale
1260 732 1385 783 nigro

218 799 452 849 Incretum,
475 799 601 852 puris
621 797 996 852 circumposuisse
1017 796 1199 838 catillis.

219 867 414 907 Immune
432 869 501 906 est
522 865 693 913 vitium,
715 863 821 905 dare
843 863 984 904 millia
1003 867 1124 904 terna
1142 862 1347 909 macello,

217 931 508 985 Angustoque
529 943 668 984 vagos
688 931 840 984 pisces
860 941 1015 983 urgere
1039 930 1199 971 catino.

1613 461 1670 502 70

222 1040 354 1081 Corycio
368 1050 453 1071 croco
467 1040 626 1080 perfusum
642 1039 828 1080 conquievit,
843 1037 994 1078 adiunges
1015 1041 1167 1078 preterea
1181 1038 1260 1078 quod
1273 1037 1463 1077 exprimitur
1477 1046 1493 1067 e
1508 1035 1599 1068 bacca
1619 1035 1676 1067 Ve-

218 1083 363 1120 nafrano.
406 1082 577 1113 Picentina
598 1093 688 1123 poma
712 1091 801 1113 succo
824 1084 978 1121 prestant
997 1080 1172 1111 Tiburtinis
1196 1081 1268 1111 licet
1288 1078 1529 1118 pulchrioribus.
1578 1078 1677 1109 Venu-

219 1125 291 1156 cula
303 1134 364 1155 uva
377 1124 448 1155 ouis
461 1127 536 1164 apta
550 1128 596 1155 est
607 1135 617 1155 .-
641 1124 794 1155 Albnnam
807 1124 912 1164 aptius
922 1123 1010 1158 sumo
1025 1122 1236 1153 indurat-eris.
1271 1122 1343 1160 Ego
1355 1121 1476 1162 primus
1490 1120 1630 1152 invenior
1643 1120 1678 1151 in

221 1166 346 1197 mundis
365 1166 484 1205 patinis
505 1166 593 1197 illam
614 1166 866 1206 circumposuisse
891 1175 962 1196 cum
982 1165 1095 1206 pomis,
1116 1164 1192 1196 item
1203 1165 1319 1203 soecem
1334 1168 1428 1204 aeque
1444 1163 1544 1202 halec,
1562 1171 1679 1193 necnon

218 1208 309 1248 piper
332 1209 499 1239 candidum
520 1218 590 1239 cum
610 1209 674 1240 sale
697 1208 790 1247 nigro
814 1208 960 1239 mixtum.
1006 1206 1135 1238 Gra-de
1158 1210 1204 1238 est
1218 1205 1387 1247 flagitium
1404 1206 1529 1237 mucello
1544 1204 1681 1236 tribaoen

221 1250 286 1281 trin
299 1249 400 1281 millia
415 1250 603 1291 sestertium,
614 1254 644 1282 et
657 1250 757 1291 pisces
770 1249 967 1290 vagabundos
980 1252 1069 1281 arcta
1081 1249 1193 1290 patina
1207 1258 1382 1288 congerere.
1426 1248 1589 1288 Ingentem
1603 1255 1680 1277 nau·

829 1344 1078 1359 mmuffuo

223 1411 264 1440 71
281 1411 290 1428 ‘
310 1406 497 1442 Venueutam
508 1420 519 1441 .·
533 1410 716 1451 aliquando
732 1410 925 1450 suspicatus
938 1418 1011 1440 snm
1027 1407 1237 1441 vermiculum.
1269 1405 1336 1437 Sed
1352 1405 1438 1437 locis
1453 1405 1550 1436 nimis
1567 1403 1682 1435 multis

223 1450 384 1483 facienda
399 1452 449 1483 vis
465 1457 569 1483 esset.
615 1451 739 1493 Itaque
762 1452 846 1482 nihil
869 1455 963 1483 certe
989 1455 1129 1482 mutem.
1173 1448 1391 1480 Conditivam
1409 1457 1485 1478 esse
1500 1446 1682 1478 verruculum

223 1503 251 1523 s.
264 1494 448 1534 amiculam,
463 1493 566 1525 docet
582 1494 686 1524 etiam
705 1493 795 1524 Plin.
811 1502 888 1525 xiv.
903 1496 936 1524 2.
952 1496 984 1524 4.
1001 1497 1037 1523 et
1053 1491 1095 1523 6.¹
1115 1492 1302 1522 Gesn.—-74
1320 1490 1421 1521 Harl.
1435 1491 1468 1521 3.
1483 1492 1516 1521 4.
1532 1492 1564 1520 6.
1601 1489 1682 1519 Vet.

225 1534 344 1567 Comb.
361 1536 485 1568 Venet.
502 1538 597 1567 1559.
620 1536 784 1568 Glarean.
800 1536 844 1568 al.
866 1535 1070 1567 invenie-⁷6
1092 1534 1175 1565 Vet.
1190 1532 1310 1565 Comb.
1334 1533 1410 1563 dare
1425 1531 1526 1562 millia
1541 1532 1683 1562 trina.—

883 1617 1028 1651 NOTAE

269 1686 312 1715 70
337 1684 460 1715 Picenis
474 1684 585 1715 cedunt
600 1683 713 1724 pomis,
727 1682 797 1723 ξω]
819 1681 927 1713 Dein-

227 1742 309 1773 ceps
321 1737 495 1774 praecepta
510 1733 570 1764 dat
585 1733 627 1763 ad
639 1731 821 1763 secundnm
834 1740 928 1762 men-

228 1792 299 1814 sam
317 1782 536 1823 pertinentia.
581 1782 713 1813 Picena
738 1790 837 1822 poma
855 1781 928 1822 jam

226 1832 382 1864 nudavit
406 1831 569 1863 Horatius
593 1831 626 1862 in
648 1831 764 1862 Satira
778 1829 929 1872 praeced.

228 1887 265 1914 et
286 1882 440 1914 meminit
465 1881 599 1912 Plinius
624 1889 682 1912 xv.
710 1883 762 1912 15.
806 1880 858 1911 De
873 1879 930 1911 Ti·

228 1931 314 1964 bure
329 1941 369 1964 ac
384 1931 566 1962 Tiburtino
580 1939 665 1971 ,agro
680 1929 752 1961 dixi
769 1938 795 1961 ι.
813 1928 883 1960 Od.
898 1930 931 1960 7.

232 1988 269 2013 et
284 1985 336 2014 1-8.
353 1982 434 2013 item
450 1990 492 2012 ιι.
508 1980 577 2013 Od.
590 1983 623 2012 6.

274 2033 315 2061 '11
342 2029 498 2062 Venucula
522 2029 665 2060 convenit
689 2027 773 2067 ollis]
799 2026 932 2058 Albana

233 2088 304 2110 uva
325 2079 453 2118 optime
478 2082 634 2109 servatur
660 2086 761 2117 passa
782 2081 818 2107 et
839 2075 932 2107 fumo

233 2128 412 2160 indurata:
438 2131 474 2158 at
484 2126 664 2157 Venucula
676 2126 709 2156 in
721 2125 797 2156 ollis
815 2125 933 2156 melius

233 2175 437 2209 custoditur.
466 2175 557 2208 Hinc
572 2176 582 2192 ‘
593 2175 716 2206 ollares
730 2183 805 2205 uvae
817 2173 826 2187 ’
843 2173 934 2215 apud

233 2225 387 2258 Martini.
411 2234 474 2258 vu.
507 2227 561 2256 19.
606 2224 695 2255 Item
715 2223 807 2264 apud
834 2223 934 2255 Colu-

234 2276 326 2307 mell.
343 2274 411 2306 Hie
425 2283 481 2306 in.
496 2276 527 2305 2.
541 2274 550 2291 ‘
562 2272 674 2313 Uvoe,’
688 2273 812 2315 iuquit,
828 2274 838 2291 ⁴
850 2277 935 2304 tem-

234 2324 373 2366 poribus
399 2324 531 2364 hyemis
552 2323 724 2354 durabiles
748 2323 837 2354 vasis
853 2331 935 2354 con-

234 2375 373 2411 duntur,
389 2380 428 2406 ut
444 2372 653 2406 Venucnlael
698 2372 787 2404 Vide
808 2377 844 2404 et
865 2380 934 2409 xit.

234 2427 290 2456 ⁴³.
310 2424 507 2456 Macrobius
522 2424 661 2456 Seturn.
676 2431 735 2454 111.
748 2425 801 2455 20.
817 2423 935 2463 appel-

235 2474 285 2505 lat
313 2475 323 2491 ⁸
349 2472 609 2505 Venunculam.²
653 2471 788 2504 Plinius
821 2476 935 2503 etitem

237 2523 248 2540 ‘
266 2522 486 2562 Veniculam‚’
521 2523 619 2559 dicit,
655 2524 666 2540 ‘
687 2522 764 2554 ollis
800 2521 936 2562 aptissi-

239 2570 348 2610 mem,’
377 2579 456 2602 xiv,
476 2574 510 2603 2.
537 2572 652 2613 capite
688 2580 769 2602 vero
804 2571 936 2611 primo:

238 2621 248 2637 ‘
277 2619 434 2661 Durant,'
459 2620 581 2661 inquit,
609 2621 620 2638 ‘
641 2621 717 2653 aliie
749 2625 827 2662 post
855 2620 937 2661 hye-

242 2678 346 2707 mem,
361 2668 483 2709 pensili
498 2674 731 2702 concatenatae
744 2670 848 2709 nodo,
862 2669 938 2700 aliae

242 2719 278 2750 in
294 2727 356 2749 sua
371 2722 501 2751 tautum
511 2719 730 2752 continentur
742 2721 851 2752 anima
863 2720 939 2751 ollis

242 2767 415 2804 fictilibus.
441 2772 477 2800 et
505 2769 646 2809 insuper
670 2770 768 2802 doliis
796 2770 938 2802 inclusae

245 2841 255 2850 .
267 2839 275 2849 .
290 2841 297 2850 .
310 2840 319 2851 .
333 2818 407 2850 aliis
424 2818 582 2859 gratiam,
597 2818 704 2859 quiet
718 2820 816 2859 vinis,
826 2818 939 2851 fumus

982 1678 1084 1711 affert
1096 1677 1253 1717 fabrilis,’
1268 1680 1333 1709 &c.

1025 1731 1066 1760 73
1091 1728 1187 1759 Hanc
1211 1738 1268 1768 ego
1297 1737 1367 1758 cum
1393 1726 1494 1765 malis,
1517 1725 1587 1766 esa]
1611 1726 1685 1767 Ego

983 1778 1112 1820 primns
1129 1778 1230 1809 docui
1246 1778 1279 1808 in
1303 1777 1393 1808 vasis
1407 1775 1526 1807 nitidis
1542 1776 1684 1807 circum-

984 1837 1114 1870 ponere
1129 1827 1299 1859 Albanam
1314 1837 1414 1858 uvam
1429 1826 1521 1858 fumo
1535 1826 1686 1857 exsicca-

984 1882 1077 1916 tam3
1111 1878 1194 1909 item
1223 1878 1297 1909 alec
1334 1886 1394 1908 seu
1431 1876 1586 1916 muriam,
1621 1878 1686 1907 &c-

982 1927 1266 1967 circumposuisse
1280 1937 1289 1958 ι
1312 1927 1366 1957 vel
1381 1926 1521 1966 singulis
1536 1926 1687 1957 convivis

984 1981 1044 2009 aut
1069 1981 1164 2007 certe
1196 1975 1282 2006 binis
1314 1975 1468 2006 catillum
1493 1983 1607 2010 unum,
1631 1975 1687 2006 vel

984 2026 1090 2057 certis
1117 2026 1203 2057 locis
1230 2024 1525 2066 catinarqnaedam
1541 2034 1689 2056 commu-

985 2075 1040 2106 nia
1055 2075 1252 2115 disponere,
1267 2075 1357 2106 unde
1371 2074 1474 2106 facile
1489 2074 1688 2115 acciperent

986 2124 1114 2165 plures.

1032 2173 1154 2204 Foecem
1183 2177 1215 2204 et
1246 2172 1347 2212 halec]
1392 2172 1547 2204 Deuotat
1575 2171 1610 2203 ἓν
1638 2171 1688 2203 διὸ

988 2223 1094 2254 δυοῖνι
1117 2230 1241 2262 nempe
1258 2222 1312 2253 vel
1329 2221 1440 2262 pisces
1463 2221 1606 2253 faecstos
1627 2231 1688 2253 seu

988 2271 1076 2304 faece
1091 2271 1268 2304 conditos:
1296 2272 1351 2303 vel
1371 2272 1611 2312 pisciculorum
1628 2271 1688 2303 fae-

989 2332 1076 2363 cem,
1091 2331 1152 2354 seu
1166 2332 1185 2354 e
1199 2321 1381 2354 tabefactis
1406 2323 1538 2354 illorum
1555 2323 1688 2354 intesti-

990 2373 1054 2404 nis.
1098 2373 1281 2404 Enimvero
1308 2373 1393 2404 halec
1419 2381 1486 2403 non
1516 2377 1571 2402 est
1600 2371 1690 2402 certi

990 2422 1092 2463 piscis
1108 2431 1250 2461 nomen3
1273 2422 1376 2453 immo
1397 2420 1570 2461 significat
1592 2419 1689 2450 mini-

989 2482 1061 2504 mos
1089 2472 1226 2514 quosvis
1259 2471 1439 2513 pisciculos
1463 2481 1472 2508 ;
1505 2473 1565 2500 aut
1594 2473 1689 2501 certe

989 2521 1161 2562 liquamen
1176 2530 1219 2552 ex
1236 2520 1292 2559 iis,
1314 2519 1431 2550 muriae
1455 2517 1509 2549 vel
1523 2526 1606 2558 garo
1621 2526 1689 2549 non

991 2569 1157 2601 absimile.

1035 2621 1076 2649 75
1100 2618 1275 2658 lucr-etum]
1296 2617 1376 2656 Vel,
1386 2615 1527 2648 mixtum
1538 2627 1548 2655 ;
1562 2615 1630 2654 vel,
1639 2615 1689 2646 in-

992 2669 1165 2701 cerniculo
1187 2677 1247 2699 seu
1271 2667 1386 2698 cribro
1409 2667 1553 2708 quodum
1577 2676 1597 2698 a
1619 2665 1690 2697 fur-

993 2717 1069 2750 fure
1084 2722 1330 2758 expurgatum:
1347 2717 1391 2748 ab
1403 2717 1554 2757 iucemo,
1569 2725 1690 2758 purgo.

1034 2770 1075 2800 77
1097 2768 1303 2807 Angustoque
1313 2776 1420 2806 vagos,
1433 2766 1504 2807 Bra]
1535 2768 1690 2798 sumtuo-

994 2827 1031 2850 so
1053 2823 1089 2850 et
1114 2827 1200 2849 vano
1227 2818 1309 2849 luxu
1332 2818 1560 2850 accumulatus
1582 2817 1690 2859 pisces
