1956 3236
660 280 935 312 sermonum
971 282 1069 312 mn.
1102 281 1134 311 1.
1166 271 1206 310 4.
1565 269 1649 311 825

206 379 383 433 Scripta
400 379 538 432 legat,
550 378 682 430 vulgo
704 379 888 419 recitare
907 380 1110 428 timentis,
1131 379 1188 419 ob
1206 378 1316 419 hanc
1336 391 1442 427 rem,

208 445 340 496 Quod
363 451 464 486 sunt
483 457 595 498 quos
616 458 749 497 genus
768 446 850 485 hoe
872 446 1049 486 minime
1062 445 1209 499 juvat,
1229 449 1382 499 utpote
1402 444 1550 499 plures

207 512 390 565 Culpari
412 511 583 563 dignos.
644 510 857 560 Quemvis
878 511 1024 552 media
1045 511 1157 565 elige
1178 512 1330 563 turba3
1595 509 1651 551 25

207 577 303 619 Aut
322 578 378 618 ob
400 577 645 625 avaritiam,
668 581 743 618 aut
763 578 925 619 misera
943 578 1184 619 ambitione
1204 578 1394 620 laborat.

209 645 301 686 Hic
320 648 550 698 nuptarum
572 644 753 684 insanus
775 645 1012 694 amoribus,
1032 644 1104 686 hic
1124 657 1356 698 puerorum
1376 659 1387 697 3

208 712 340 754 Hunc
361 711 484 764 capit
504 711 671 762 argenti
694 711 924 764 splendor3

955 715 1103 764 stupet
1123 710 1284 752 Albius
1304 724 1415 763 aere3

210 777 301 818 Hic
320 782 462 818 mutat
482 789 651 817 merces
671 781 869 829 surgente
892 790 920 818 a
940 777 1047 826 sole,
1068 776 1124 818 ad
1145 790 1246 817 eum
1269 790 1359 830 quo

208 843 474 897 Vespertina
494 847 617 896 tepet
637 844 757 895 regio
774 857 785 894 ;
818 843 926 896 quin
946 856 1027 897 per
1044 844 1160 884 mala
1179 856 1382 896 praeceps
1596 843 1653 884 30

209 909 376 960 Fertur,
395 910 463 951 uti
484 911 630 963 pulvis
652 910 868 951 collectus
891 910 1081 959 turbine,
1102 923 1156 950 ne
1176 910 1283 963 quid

207 977 388 1018 Summa
405 976 620 1030 deperdat
637 982 848 1026 metuens,
869 983 947 1018 aut
968 978 1147 1030 ampliet
1169 982 1214 1018 ut
1233 990 1323 1018 rem
1341 990 1352 1027 ;

210 1043 377 1084 Omnes
397 1043 441 1083 hi
461 1047 660 1085 metuunt
682 1057 848 1093 versus,
870 1043 999 1084 odere
1019 1042 1199 1084 poetas.

210 1142 308 1172 citare
331 1142 454 1181 populo,
467 1141 611 1181 quoniam
626 1143 698 1170 suut
713 1140 824 1180 quibus
846 1151 905 1172 non
924 1142 1047 1181 placent
1062 1141 1210 1180 ejusmodi
1229 1141 1432 1181 scriptiones.-
1455 1150 1561 1182 nempe
1573 1151 1653 1173 com·

206 1183 312 1223 plures
332 1186 442 1214 extant
459 1182 692 1222 reprehensione
714 1182 817 1220 digni.
862 1183 1028 1214 Enimvero
1047 1183 1209 1223 quemlibet
1233 1192 1249 1213 e
1274 1185 1373 1214 medio
1389 1185 1498 1224 populo
1512 1193 1655 1220 assame‚·

209 1225 386 1265 inquinatas
405 1227 452 1255 est
477 1224 613 1255 avaritia
635 1225 683 1254 vel
707 1224 872 1256 ambitione
894 1226 1024 1263 infelici.
1067 1225 1127 1255 Ille
1150 1228 1273 1265 nuptas,
1294 1226 1354 1256 iste
1372 1235 1486 1265 pueros
1507 1229 1657 1257 sectatur.

211 1269 319 1298 Aliam
330 1267 518 1307 perstringit
529 1266 642 1304 fulgor
655 1270 870 1305 argenteorum
884 1277 1028 1298 vasorum
1037 1278 1048 1298 .·
1070 1266 1181 1298 Albius
1195 1271 1279 1298 amat
1293 1277 1389 1299 aenea.
1434 1267 1494 1299 Ille
1515 1268 1655 1307 negotia-

211 1313 264 1339 tur
278 1309 317 1340 ab
335 1308 464 1339 Oriente
478 1309 540 1339 sole
555 1309 595 1339 ad
609 1317 678 1338 eum
698 1318 755 1348 quo
779 1312 863 1340 terra
883 1308 1092 1340 Occidentalis
1114 1309 1272 1340 incalescit
1283 1320 1293 1339 .·
1316 1310 1408 1340 immo
1431 1310 1539 1349 rapide
1554 1310 1654 1340 currit

206 1361 265 1391 per
278 1359 441 1388 erumnae,
452 1354 598 1390 tanquam
609 1351 713 1389 pulvis
723 1355 812 1381 veneo
823 1351 963 1382 sublatus
975 1361 988 1386 ;
1010 1351 1123 1381 timens
1132 1359 1169 1380 ne
1179 1352 1218 1381 de
1233 1360 1341 1381 acervo
1353 1361 1406 1381 suo
1418 1351 1653 1390 aliquidaetra-

211 1393 317 1433 hatur,
331 1393 380 1423 vel
403 1394 437 1422 ut
466 1401 536 1431 opes
565 1395 688 1430 augeat.
733 1391 796 1422 Isti
816 1401 919 1422 omnes
938 1391 1142 1429 reformidant
1163 1392 1312 1428 carmina,
1332 1392 1444 1431 poetas
1458 1396 1654 1424 aversantur.

814 1471 832 1484 O
835 1472 871 1484 Ν
875 1470 1051 1484 ΜΟΝΟΟ

211 1522 346 1550 secutus
370 1516 561 1550 mam-25
588 1517 718 1557 Culpari
740 1517 830 1555 digni
858 1516 1005 1556 Cuning.
1042 1525 1115 1547 erue
1140 1517 1260 1548 multae
1293 1516 1374 1548 edd.
1404 1521 1483 1557 post
1514 1516 1654 1559 Aldum,

209 1561 293 1592 item
318 1559 469 1591 nonnulii
495 1559 596 1591 codd.
620 1569 675 1599 np-
702 1559 818 1590 Bentl.
845 1563 884 1590 ut
910 1558 1005 1590 Leid.
1027 1563 1063 1589 et
1083 1558 1208 1597 Regin.
1225 1568 1245 1589 a
1260 1568 1304 1590 m.
1320 1569 1390 1591 sec.
1412 1565 1448 1591 et
1467 1568 1551 1590 nnus
1572 1559 1657 1591 Pul-

209 1602 336 1641 mnmst,
351 1606 388 1633 et
400 1601 552 1642 pluribus
567 1601 696 1641 placet,
710 1602 815 1633 etiam
832 1601 909 1632 Nic.
923 1600 1078 1632 Heinsio.
1094 1600 1201 1640 arripe
1216 1601 1438 1640 conjectabat
1449 1601 1561 1633 Beati.
1573 1603 1658 1641 eripe

210 1649 280 1676 tres
302 1643 450 1676 Biandd.
467 1644 619 1684 Cruquii,
639 1647 675 1675 et
698 1653 783 1674 nnus
799 1642 992 1674 Pulmanni.
1015 1643 1096 1680 elige
1111 1649 1252 1682 quartus
1269 1642 1390 1674 Bland.
1405 1643 1505 1673 Tons.
1522 1643 1656 1675 Buslid.

211 1686 300 1718 Nan.
322 1687 403 1718 Div.
417 1690 455 1717 et
470 1685 613 1717 Martin-
629 1685 782 1726 Crnquii,
796 1694 894 1725 paene
909 1693 1026 1716 omnes
1037 1683 1220 1722 Torrentii,
1239 1683 1337 1715 Harl.
1353 1687 1386 1714 2.
1403 1686 1434 1716 3.
1446 1687 1478 1716 4.
1493 1687 1524 1714 6.
1536 1687 1568 1716 7.
1585 1685 1656 1724 alii,

210 1734 247 1761 et
262 1728 340 1760 edd.
352 1732 494 1760 vetustt.
518 1733 598 1759 ante
614 1726 740 1758 Aldum
755 1731 792 1758 et
808 1728 1040 1758 recentt.-26
1062 1725 1130 1757 Aut
1149 1725 1189 1756 ab
1203 1726 1341 1756 avaritia
1353 1725 1463 1758 Janus
1480 1727 1597 1757 Dousa
1613 1736 1657 1758 ex

210 1771 298 1812 conj.
312 1770 450 1802 Marcii.
475 1779 518 1800 ex
547 1768 771 1806 Membratim,
797 1769 884 1806 Dan.
914 1768 1029 1800 Heius.
1057 1767 1179 1807 Faber,
1214 1768 1338 1799 Dacer.
1365 1768 1511 1799 Chabot.
1542 1767 1658 1800 Benti.

210 1812 336 1845 Sanad.
364 1813 515 1851 Francis,
536 1811 720 1849 Heindorf,
744 1810 882 1843 Wakef.
909 1815 944 1842 et
979 1809 1086 1842 Kidd.
1110 1809 1326 1850 improbante
1359 1809 1584 1849 Oudendorp.
1614 1810 1658 1841 ad

211 1856 352 1887 Sueton.
367 1855 510 1896 Vespas.
531 1864 608 1894 cap.
624 1856 656 1884 9.
682 1853 786 1885 Mum
808 1852 908 1884 codd.
931 1853 1021 1893 apud
1047 1852 1206 1883 Torrent-
1226 1852 1323 1884 miser
1343 1851 1510 1882 ambitione
1525 1852 1658 1883 laborat.

212 1899 296 1929 -27
319 1897 385 1929 Hic
405 1900 570 1938 naptarum
592 1896 710 1928 insanit
735 1895 834 1927 Gott.
859 1895 957 1926 Harl.
974 1896 1006 1925 2.
1029 1896 1060 1925 3.
1082 1896 1116 1924 4.
1143 1897 1175 1925 6.
1200 1896 1232 1924 7.
1258 1893 1541 1929 zarot.,Medi01.
1562 1896 1658 1925 1477.

214 1938 353 1982 Ἷεικῃῑ.
368 1936 462 1972 1477.
484 1940 579 1970 1478.
606 1940 702 1970 1479.
719 1939 814 1969 1490.
839 1939 935 1970 1492.
958 1939 1053 1967 1569.
1075 1936 1155 1967 Vet.
1179 1935 1297 1967 Comb.
1320 1935 1483 1967 Glarenn.
1509 1935 1653 1967 Chabot.

215 1975 453 2022 Ennii-‚Crusp
476 1981 632 2012 Torrent.
647 1980 765 2021 Steph.
780 1979 897 2012 Bentl.
912 1977 1024 2010 Bond.
1039 1977 1214 2009 Schrevel.
1228 1978 1351 2018 Delph.
1370 1978 1538 2017 Dunster,
1554 1978 1657 2009 Fran-

215 2021 286 2063 cis,
297 2023 444 2063 Wetzel.
468 2021 651 2058 Heindorf,
667 2020 804 2054 Wakef.
820 2025 858 2053 et
877 2020 982 2057 Kidd.
1027 2020 1096 2051 Hic
1111 2030 1160 2051 vs.
1174 2019 1274 2051 deest
1288 2019 1430 2051 editioni
1444 2019 1654 2051 sanati—28

218 2063 336 2096 Burm.
351 2065 393 2096 nd
406 2060 535 2096 Lucan.
550 2073 633 2096 viu.
649 2066 700 2096 16.
713 2064 802 2104 conj.
817 2066 922 2104 stupet
935 2059 1048 2097 Albius
1061 2064 1222 2094 cerm—33
1244 2063 1254 2079 ‘
1269 2062 1444 2094 Bentleius
1466 2062 1510 2094 de
1529 2071 1590 2094 suo
1605 2063 1655 2094 in-

865 2125 1005 2158 NOTAE

218 2190 336 2222 tabat:
360 2189 543 2231 abhorrens
559 2188 602 2221 ab
617 2198 658 2220 ea
673 2188 809 2229 publice
826 2187 911 2220 reei-

218 2241 365 2272 tnntinm
381 2239 575 2272 ambitione.
607 2239 666 2278 De
680 2239 742 2270 hac
758 2237 911 2276 Persius,

202 2286 336 2332 §31:14
350 2292 399 2321 15.
422 2294 458 2321 et
481 2298 554 2330 seq.
574 2276 731 2323 Jdvenal.
759 2287 911 2329 pluribus

216 2338 313 2384 Ιοςὶε.
334 2338 424 2371 Ptin.
441 2339 550 2379 Epist.
561 2347 585 2370 r.
601 2340 653 2371 13.
669 2342 704 2371 et
717 2347 775 2370 nos
791 2337 833 2370 ad
850 2338 909 2370 cit.

217 2388 314 2422 Pera.
330 2386 564 2425 annotavimus
578 2389 763 2430 compiura.

223 2462 226 2467 .
260 2440 301 2473 24
327 2438 434 2474 Genus
460 2439 515 2470 lwc
544 2438 668 2470 minime
688 2438 799 2479 javat]
834 2437 911 2469 Non

220 2487 334 2528 phe-t
346 2489 459 2520 Satira
470 2488 612 2524 vitiosis,
623 2487 910 2528 reprehensiones,

220 2535 382 2578 ludibria,
400 2541 437 2569 et
452 2537 668 2578 ignominiam
691 2536 912 2568 reformidan-

265 2632 396 2664 iro-Aut
415 2633 651 2676 ohaam-istam]
676 2636 769 2667 Bene
785 2633 912 2666 Marei-

217 2680 288 2712 ,lint
303 2681 454 2723 corrigit,
467 2683 506 2714 ab
518 2685 665 2716 avaritia.

267 2732 308 2762 28
323 2731 435 2770 &qm
449 2731 561 2765 Albin
568 2734 648 2774 «ει-ε]
663 2734 802 2766 Gaudet
818 2733 914 2764 iuxu-

226 2776 275 2807 rifl
296 2784 333 2812 et
354 2779 452 2822 eopia
466 2788 619 2815 vanorum
641 2791 684 2814 ex
704 2792 773 2816 aere
794 2782 912 2815 Corin·

965 2186 1047 2219 thio.

1006 2239 1048 2268 29
1069 2237 1224 2278 Suu-gente
1238 2248 1258 2269 a
1272 2239 1347 2278 sole,
1362 2240 1402 2270 ad
1416 2248 1482 2270 eum
1502 2249 1573 2279 quo,
1585 2240 1656 2281 [fa]

964 2284 1019 2317 Ab
1047 2284 1194 2317 oriente
1207 2308 1209 2311 »
1221 2287 1269 2318 ad
1287 2287 1524 2320 Occidentem.
1562 2289 1660 2320 Pers.

963 2335 1036 2366 Sat.
1053 2343 1086 2365 v.
1099 2335 1365 2368 54..‘Mereibus
1388 2337 1444 2368 hie
1467 2337 1563 2368 Italis
1586 2347 1659 2368 mu-

964 2388 1016 2416 tat
1044 2383 1107 2415 snb
1141 2384 1212 2416 sole
1247 2386 1374 2417 recenti
1407 2386 1578 2426 Rugosum
1607 2386 1658 2425 pi-

964 2434 1049 2476 per,’
1065 2436 1128 2466 &c-

1006 2486 1047 2514 30
1064 2484 1128 2515 Per
1137 2482 1234 2522 mala]
1253 2483 1493 2523 Navigantium
1510 2486 1544 2512 et
1561 2490 1661 2521 pere-

964 2534 1167 2575 grinantium
1179 2538 1304 2574 quanta
1313 2533 1482 2563 enimvero
1495 2531 1659 2572 pericula,

964 2582 1172 2620 discrimina,
1188 2590 1343 2612 aerumnae
1356 2582 1363 2610 !

1007 2633 1046 2661 31
1073 2630 1123 2660 Ne
1149 2630 1223 2669 quid
1251 2628 1376 2661 Samma
1403 2628 1565 2669 deperdat]
1602 2627 1634 2659 N
1638 2637 1661 2659 e

965 2689 1047 2721 opes
1056 2678 1129 2719 jam
1140 2683 1312 2718 congestae
1326 2688 1389 2710 uno
1406 2678 1459 2710 vel
1473 2678 1659 2720 quadrante
1688 2686 1689 2689 ¹

967 2729 1207 2762 diminuantur.
