1890 3256
612 305 894 363 sermonum
927 303 1024 338 mn.
1054 306 1108 339 ιι.
1132 297 1179 339 ’1.
1523 295 1636 338 1041

179 404 471 458 Romanoque
490 402 663 451 habitu,
684 402 842 456 prodis
864 414 923 444 ex
937 400 1090 456 Judic'e
1109 400 1257 443 Dama

177 470 360 524 Turpio,
382 468 614 512 odoratum
636 473 772 522 caput
793 469 1063 511 obscurante
1084 469 1279 517 lacerna,

179 533 226 579 Ν
227 549 351 579 on-es
369 535 491 590 quod
510 523 696 577 e'imulas
709 536 729 577 'l
760 539 958 579 metuens
979 536 1215 587 induceris,
1235 535 1368 590 atque

177 603 435 646 Altercante
454 596 715 645 libidinibus
735 605 886 649 tremis
908 617 1016 646 ossa
1034 617 1214 659 pavore.

177 670 301 723 Quid
320 661 466 720 roffea,
486 670 555 714 uri
575 670 725 724 virgiS‚
745 670 950 726 ferroque
968 672 1122 714 necari

177 737 447 780 Auctoratus
462 749 564 789 eas;
596 747 651 779 an
673 740 793 791 turpi
815 738 995 781 clausus
1014 740 1060 780 in
1081 751 1200 790 arca,

177 805 282 857 Quo
300 809 344 847 te
363 800 542 846 demisit
562 805 742 859 peccati
761 805 948 847 conscia
971 805 1122 847 herilis

177 872 477 922 Contractum,
497 872 682 926 genibus
700 877 858 926 tangas
878 874 1046 927 caput?
1107 873 1244 915 Estne
1264 874 1421 915 marito

177 939 400 982 Matronae
419 938 647 994 peccantis
663 939 708 981 in
727 941 859 982 ambo
874 940 1000 994 Justa
1021 941 1257 995 potestas?

1580 804 1638 846 60

174 1085 288 1116 annulo
303 1085 452 1125 equestri,
467 1087 499 1116 et
514 1085 656 1116 Romana
669 1088 766 1125 veste,
781 1095 798 1116 e
812 1084 840 1115 J
840 1085 928 1116 adice
942 1084 1076 1116 mutaris
1091 1085 1124 1116 in
1139 1086 1231 1117 vilem
1255 1095 1389 1125 servum,
1402 1086 1518 1117 cucullo
1536 1085 1639 1117 obvol-

174 1130 264 1158 bente
277 1131 369 1167 eaput
385 1127 553 1167 unguentis
575 1127 757 1165 delibutum,
771 1137 812 1158 απ
827 1136 887 1158 mm
903 1136 936 1158 es
951 1127 1161 1168 quodfingis?
1182 1128 1315 1168 pavidus
1336 1129 1459 1169 quidem
1480 1129 1640 1160 nummic-

175 1170 265 1206 ten’ae,
277 1173 309 1201 et
323 1179 449 1210 corpore
463 1170 649 1208 concuteris,
663 1173 748 1201 metu
762 1171 912 1201 adversus
925 1170 1113 1209 cupiditates
1128 1171 1276 1202 luctante.
1315 1171 1386 1211 Age
1399 1181 1487 1210 vero,
1500 1171 1576 1211 quid
1590 1171 1642 1202 in·

174 1214 283 1250 terat,
308 1213 411 1252 virgis
433 1213 523 1247 coedi,
549 1216 582 1245 et
604 1213 714 1252 gladio
738 1212 895 1253 interfici?
915 1222 956 1243 an
989 1221 1102 1252 pergas
1122 1214 1278 1253 addictus,
1298 1223 1340 1245 an
1364 1214 1478 1253 infami
1499 1214 1638 1245 inclusae

174 1264 260 1295 arcu,
275 1254 310 1286 r'n
325 1265 416 1296 qnam
432 1259 463 1287 te
476 1256 629 1296 compegit
644 1255 759 1286 ancilla
772 1254 904 1296 flagitii
918 1255 1002 1286 hera·
1019 1256 1190 1296 particeps,
1205 1256 1339 1296 genibus
1354 1260 1468 1296 tangus
1481 1260 1574 1297 caput
1588 1257 1638 1288 in-

165 1296 311 1338 flatum?
355 1299 419 1330 Dic
437 1307 544 1339 porro,
560 1300 590 1330 si
604 1298 656 1330 vir
670 1301 823 1330 matronoe
844 1298 1054 1338 delinquentis
1068 1297 1125 1337 jus
1138 1299 1231 1331 habet
1244 1300 1395 1331 adoneus
1409 1303 1584 1342 utrumque,
1597 1307 1640 1331 on

788 1404 1036 1416 ‘NJOONOM

173 1481 298 1513 licitum
311 1484 457 1514 inm—55
483 1480 585 1513 Harl.
599 1483 631 1513 4.
648 1483 681 1512 6.
698 1484 736 1513 et
750 1481 831 1512 Vet.
848 1480 970 1513 Comb.
987 1482 1214 1512 lacerum—56
1236 1481 1333 1511 Unus
1349 1480 1432 1512 Vat.
1447 1480 1640 1512 educeris.—

173 1527 216 1555 58
238 1523 338 1556 Alter
353 1524 438 1555 Vat.
452 1533 537 1555 unus
563 1524 654 1564 item>
673 1523 814 1565 Cruquii
829 1528 866 1555 et
882 1524 1028 1564 Cuning.
1044 1533 1088 1555 ex
1104 1523 1192 1563 conj.
1208 1522 1311 1562 virgis
1333 1522 1404 1559 ιιι-ὴ
1429 1522 1519 1564 quod
1546 1532 1641 1554 rece—

173 1571 303 1608 perunt
317 1567 388 1598 Fea
403 1571 440 1598 et
457 1567 673 1598 Bothe—60
689 1565 798 1599 Codd.
817 1566 933 1607 plures
947 1571 982 1597 et
994 1566 1074 1597 edd.
1090 1566 1215 1598 Venet.
1228 1567 1323 1596 1509.
1337 1566 1373 1596 et
1383 1564 1530 1606 Argent.
1544 1568 1642 1597 1514.

174 1609 310 1641 dimisit.
348 1609 445 1641 Unus
459 1609 541 1641 Vat.
557 1609 802 1641 cimicum—61
827 1609 905 1640 Duo
921 1609 1022 1641 Vatt.
1036 1609 1093 1639 alii
1108 1618 1163 1649 ap.
1179 1608 1300 1640 Lamb.
1313 1612 1350 1639 et
1367 1608 1473 1648 Cruq.
1491 1612 1525 1639 et
1545 1608 1640 1640 Harl.

174 1653 209 1682 2.
221 1652 500 1691 ingenium—62
523 1652 601 1683 Duo
615 1652 714 1684 Vatt.
730 1661 816 1682 unus
833 1651 1015 1683 Cbisianus
1032 1661 1052 1682 a
1068 1661 1112 1682 m.
1129 1661 1183 1691 pr.
1201 1650 1258 1681 alii
1275 1660 1333 1690 ap.
1348 1650 1462 1681 Pulm.
1481 1651 1640 1682 Torrent-

176 1698 213 1724 et
237 1694 372 1725 Valart.
393 1695 427 1726 in
450 1694 563 1732 ambo;
592 1699 695 1735 atque
722 1694 772 1726 ita
795 1694 957 1734 Cujacius
982 1693 1089 1725 Obss.
1116 1702 1184 1724 xn.
1203 1695 1256 1725 18.
1279 1693 1362 1723 item
1387 1692 1494 1724 Zurk.
1523 1693 1640 1724 Bentl.

175 1733 280 1768 Baxt.
311 1736 416 1768 Gesn.
447 1735 556 1768 Zeun.
587 1737 730 1778 Bipont.
758 1736 906 1777 Cuning.
931 1735 1087 1768 Oberlin.
1116 1734 1301 1771 Heindorf,
1327 1735 1472 1767 Wetzel.
1502 1733 1641 1767 Wakef.

177 1778 295 1810 comb.
312 1779 418 1812 Kidd.
436 1779 519 1819 Fea,
542 1779 668 1818 Bothe,
691 1778 816 1819 Jaeck,
840 1783 877 1811 et
903 1779 1061 1820 Doering.
1097 1779 1132 1810 in
1151 1778 1254 1811 umbos
1282 1778 1380 1810 Harl.
1396 1781 1428 1810 2.
1443 1781 1474 1811 3.
1502 1783 1538 1810 et
1561 1777 1642 1811 edd.

838 1875 980 1907 NOTAE

219 1942 260 1972 54
272 1938 454 1981 Exjudice]
482 1939 663 1971 Certatum
677 1947 789 1970 rernm
799 1948 880 1980 eog-

176 1989 264 2021 nitio
293 1994 331 2021 et
350 1989 519 2030 judicium
550 1989 592 2020 ad
620 1989 755 2030 equites
778 1990 877 2021 Rom.
934 1997 1001 2020 nuo
1041 1997 1192 2030 pressus,
1230 1987 1346 2019 servili
1383 1990 1642 2019 auctoramento

935 1939 1063 1970 Sensus
1086 1942 1159 1970 est:
1195 1939 1250 1971 Tu
1271 1938 1398 1970 servuli
1420 1943 1516 1969 metu
1533 1937 1643 1969 conti·
1681 1970 1689 1977 ,

178 2039 390 2080 pertinebat:
409 2039 481 2070 sive
491 2039 580 2080 quod
593 2039 806 2079 eligebantur
817 2039 839 2072 J
843 2049 879 2070 u-

178 2088 274 2120 diee·
291 2092 360 2120 tam
375 2097 420 2119 ex
433 2089 594 2130 Equestri
605 2097 705 2129 quam
722 2097 765 2119 ex
776 2088 880 2120 Sena-

179 2138 268 2170 torio
283 2138 417 2170 ordine.

223 2191 265 2220 66
277 2187 437 2228 Lucerna]
457 2187 570 2220 Pallio
582 2191 688 2228 caput
703 2187 807 2219 etiam
824 2187 883 2219 ad-

178 2247 298 2270 versus
323 2238 451 2270 imbres
476 2242 691 2279 protegente.
730 2239 740 2255 ‘
758 2238 883 2270 Cucul-

178 2287 268 2319 im’
293 2292 395 2321 vocat
415 2287 592 2322 Juvenal'n
616 2288 688 2319 Sat.
703 2296 758 2319 ιιι.
774 2297 825 2319 νι.
845 2293 882 2321 et

178 2344 262 2371 vui.
285 2336 376 2370 Gall.
391 2347 451 2369 une
463 2346 549 2378 cape.

220 2389 264 2419 66
286 2387 434 2419 Metuens
461 2386 633 2427 induceris]
671 2387 713 2418 In
742 2387 880 2419 domum

177 2436 318 2469 noeoboe
340 2437 511 2470 induceris
533 2441 688 2470 metuens
713 2439 881 2479 pericula,

178 2487 224 2520 de
240 2487 361 2528 quibus
376 2497 403 2520 ι.
416 2489 487 2520 Sat.
503 2491 536 2520 2.

221 2540 264 2569 58
288 2538 375 2574 Quid
388 2538 502 2579 refert,
511 2539 562 2570 uri
576 2538 692 2579 virgis,
707 2537 778 2579 ξω]
798 2538 880 2570 Gla·

181 2587 332 2620 diatores
358 2597 473 2620 emens
493 2589 552 2620 bas
575 2589 642 2621 illis
665 2583 879 2621 conditiones

181 2637 411 2679 proponebat,
430 2636 572 2670 flammis
585 2640 652 2678 uri,
668 2640 772 2681 virgis
794 2640 880 2671 caedi

181 2692 219 2718 et
233 2687 464 2727 secari‚.ferro
480 2689 614 2722 necari:
635 2700 718 2732 quas
731 2700 808 2722 curu
826 2700 881 2722 ae-

182 2738 356 2778 cepissent
380 2743 476 2771 certo
498 2739 636 2780 quidem
661 2741 787 2782 pretio,
804 2751 883 2773 auc-

184 2788 287 2820 torati
303 2787 516 2830 dicebantur,
532 2799 591 2822 seu
607 2790 750 2833 obligati
765 2798 803 2825 et
824 2793 882 2824 ob-

185 2838 298 2870 stricti
334 2838 376 2870 ad
405 2839 572 2881 quidlibet
609 2843 882 2883 perpetiendum.

273 2892 387 2934 Delph.
401 2895 432 2924 et
454 2892 530 2927 Var,
549 2893 632 2926 Clas.

848 2896 964 2927 Horat.

933 2040 1032 2082 quasi
1061 2039 1232 2080 addictus,
1256 2049 1300 2071 an
1323 2049 1391 2070 non
1417 2049 1499 2071 vere
1522 2049 1642 2071 servus

935 2090 998 2120 es?
1020 2089 1103 2121 nihil
1126 2094 1221 2122 certe
1245 2090 1391 2121 interest
1417 2089 1642 2130 gladiatorem

936 2138 1027 2170 inter
1044 2142 1079 2170 et
1093 2139 1298 2171 adulterum.
1337 2138 1519 2170 Gladiator
1533 2138 1641 2180 virgis

937 2189 1152 2231 caedendum,
1187 2188 1349 2231 ferroque
1383 2189 1574 2221 necandum
1605 2199 1641 2221 se

937 2238 1090 2271 addicit:
1126 2245 1165 2271 tu
1197 2239 1325 2280 pariter
1363 2248 1441 2271 cum
1471 2239 1642 2271 adulteria

936 2289 1134 2321 committis.
1179 2289 1271 2322 Quid
1292 2289 1394 2331 enim,
1417 2299 1494 2321 cum
1518 2289 1641 2321 timens

934 2339 1103 2372 adulterae
1119 2341 1291 2382 maritum,
1315 2341 1349 2372 in
1378 2350 1459 2372 arca
1484 2340 1641 2372 reclude-

936 2390 981 2422 ris
997 2390 1009 2421 ?

977 2442 1018 2471 61
1045 2441 1146 2472 Estne
1162 2441 1275 2472 marito
1293 2440 1454 2471 Matrona·
1474 2438 1641 2479 peccantis,

933 2489 1004 2531 ὅπη]
1029 2488 1121 2521 Olim
1138 2490 1332 2521 adulterum
1349 2490 1382 2520 in
1398 2488 1569 2519 adulterio
1582 2487 1640 2519 de·

935 2540 1139 2581 prehensum
1170 2539 1290 2570 marito
1316 2539 1444 2569 licebat
1467 2538 1642 2578 occidere,

935 2590 1035 2621 simul
1050 2594 1085 2621 et
1102 2590 1303 2620 adulteram.
1330 2589 1400 2619 Lex
1417 2587 1562 2619 subinde
1576 2587 1639 2621 Ju-

933 2640 980 2672 lia
995 2640 1038 2670 de
1054 2639 1229 2671 adulteriis
1257 2638 1410 2670 nonnihil
1425 2639 1638 2677 immutavit3

935 2695 1040 2732 atque
1062 2688 1269 2730 flagitiorum
1285 2688 1456 2730 ejusmodi
1474 2687 1638 2730 cognitio-

937 2750 1016 2771 nem
1032 2739 1073 2771 ad
1090 2745 1203 2771 certos
1224 2738 1369 2772 Judices
1385 2737 1505 2775 referri
1519 2738 1639 2779 jussit.

938 2791 1027 2823 Vide
1045 2791 1126 2823 Not.
1143 2791 1185 2822 ad
1200 2800 1227 2822 1.
1241 2789 1313 2822 Sat.
1328 2791 1360 2821 2.
1411 2796 1418 2798 ’

1475 2893 1551 2924 3ῙΙ
