1930 3242
623 332 899 364 SERMONUM
935 333 1030 364 ΜΒ.
1063 333 1095 364 ι.
1121 324 1163 364 7.
1518 327 1604 367 875

154 425 380 479 Expressa
402 425 583 465 arbusto
602 426 760 477 regerit
780 426 992 475 convicia,
1008 426 1145 466 durus

151 490 474 544 Vindemiator,
495 492 539 531 et
558 490 764 540 invictus,
782 492 852 532 cui
873 504 994 545 saepe
1017 491 1157 532 viator
1547 493 1602 534 :30

153 556 391 608 Cessisset,
413 569 570 609 magna
590 557 866 610 compellans
889 571 995 598 voce
1017 557 1233 598 cuculum.

153 682 286 713 dictem
299 686 455 731 retorquet
470 695 510 716 ex
524 686 684 717 arbusta-a
697 686 760 718 cite
775 688 945 726 depromta,
959 686 1075 717 vinitor
1088 697 1159 718 acer
1172 697 1208 718 ac
1223 687 1306 718 vinci
1320 687 1452 726 nescius,
1465 685 1515 717 cui
1531 684 1600 723 fre

151 727 285 786 ¹‹fiaenter-
298 724 400 756 viator
422 728 560 759 cessisset
585 729 703 768 grandi
723 738 795 760 voce
817 730 973 769 appellans
994 730 1157 761 cuculum.
1192 730 1269 760 Tum
1287 730 1450 760 Graeculus
1464 728 1604 765 Persius,

787 822 822 834 ΙΙ
825 823 842 834 0
845 822 1002 834 ‘NOONO

152 885 325 916 venustius
339 885 416 924 hoc,
430 895 527 926 quam
546 887 574 917 si
589 888 670 918 salso
684 892 879 927 separatum
896 885 1042 918 efferas!
1065 887 1260 918 Remi-30
1289 887 1489 918 Vindemator
1503 885 1600 916 Gott.

151 924 184 956 in
201 934 306 968 marg.
329 927 470 959 Mediol.
486 931 581 960 1477.
603 929 683 962 Ald.
697 931 822 961 Venet.
842 932 936 961 1559.
960 935 993 960 et
1020 929 1182 961 Glarean.
1192 931 1269 960 -31
1294 929 1381 961 Edd.
1399 931 1484 960 vett.
1494 929 1601 959 Ucucul

805 1035 945 1068 NOTAE

903 1111 985 1141 Maii
1010 1132 1018 1141 .
1036 1133 1044 1142 .
1060 1134 1068 1142 .
1086 1133 1094 1142 .
1117 1120 1184 1152 quo
1213 1110 1376 1150 temporis
1405 1108 1600 1147 intervallo,

905 1163 953 1192 15.
969 1161 1089 1193 diebus
1112 1161 1228 1202 primis
1250 1161 1409 1200 agricolas
1434 1158 1602 1200 rapienda

901 1215 981 1241 sunt
1020 1220 1075 1249 ea,
1111 1210 1232 1252 quibus
1281 1209 1484 1250 peragendis
1522 1213 1602 1239 aute

191 1109 245 1139 29.
261 1109 416 1149 Expressa
429 1110 556 1141 arbusto
568 1111 685 1150 regerit
694 1110 846 1151 convicia]

149 1155 256 1189 Velut
270 1158 375 1190 durus
393 1159 618 1191 vindemiator
633 1162 665 1191 in
681 1162 847 1192 viatorem

150 1206 303 1239 dicteriis
329 1209 552 1241 lacessentem
583 1215 771 1242 scommata
797 1221 848 1241 re-

151 1258 244 1297 gerit
267 1267 310 1288 ex
334 1259 474 1291 arbusto
505 1269 565 1290 suo
584 1271 592 1291 :
618 1260 668 1290 ita
691 1260 846 1301 Rupilius

149 1307 275 1339 acerba
290 1309 444 1340 convicia
462 1309 612 1341 reddidit
621 1310 741 1342 Persio
754 1320 846 1351 mag-

148 1365 192 1387 na
217 1357 341 1398 liuguae
366 1358 579 1390 volubilitate
603 1363 639 1390 et
657 1359 847 1399 petulantia

148 1406 371 1437 contumelias
387 1406 569 1447 ingerenti.

189 1454 345 1496 Arba-sco]
366 1455 406 1486 Id
423 1459 486 1491 est,
502 1456 572 1487 vite
585 1456 697 1487 arbori
708 1456 822 1486 innixa
836 1466 843 1486 :

147 1502 191 1535 de
221 1513 287 1545 qua
317 1503 407 1536 Ptin.
434 1513 528 1536 xvn.
556 1508 610 1537 23.
635 1506 692 1536 ubi
714 1505 846 1545 scribit,

145 1547 295 1585 ‘nobilia
315 1554 392 1585 vina
407 1555 539 1586 nonnisi
555 1555 588 1586 iu
609 1555 756 1587 arbustis
774 1557 846 1596 gig-

146 1603 194 1644 ni,
217 1603 302 1634 etin
319 1603 370 1635 his
385 1614 521 1646 quoque
543 1605 737 1636 laudatiora
758 1615 846 1638 sum-

145 1653 220 1689 mis,
235 1653 325 1685 sicut
339 1653 497 1685 uberiora
513 1654 609 1686 imis:
633 1654 720 1686 adeo
733 1656 847 1686 excel-

145 1701 248 1734 sitate
263 1702 466 1744 proficitur,'
480 1705 544 1735 &c.
589 1703 769 1736 Columell.
787 1705 846 1737 lib.

145 1760 197 1783 ιν.
219 1752 228 1770 ‘
242 1751 352 1792 vites,'
367 1751 489 1794 iuquit.
511 1756 519 1770 ⁸
534 1753 678 1784 maxime
695 1753 847 1793 gaudent

145 1802 322 1834 arboribus
339 1825 349 1835 .
365 1824 374 1834 .
395 1823 404 1834 .
417 1823 427 1832 .
441 1802 504 1833 hoc
528 1811 636 1843 genus
659 1803 776 1834 vitium
794 1813 846 1834 ar·

144 1851 318 1883 bustivum
335 1849 519 1882 vocamus)

187 1903 229 1932 30
256 1900 487 1941 Vindemiator]
526 1900 694 1940 Observa,
721 1901 843 1941 lector,

143 1960 262 1983 vocem
287 1951 389 1982 istam
411 1960 487 1982 esse
509 1950 564 1981 hic
581 1955 727 1992 quatuor
742 1953 843 1992 sylla-

146 2000 278 2040 barum,
291 2005 393 2042 atque
409 2000 442 2032 in
459 2010 557 2032 unam
573 2000 665 2033 coire
682 2001 693 2032 i
709 2005 745 2032 et
759 2012 790 2042 a,
806 2007 844 2033 ut

147 2049 249 2082 metri
263 2054 399 2082 constet
414 2050 512 2082 ratio.

191 2098 253 2130 cui
265 2108 345 2138 soepe
359 2099 472 2138 tiator,
483 2100 554 2140 efen]
579 2099 744 2130 Solebant
756 2109 844 2140 prae-

146 2151 321 2179 terenutes
350 2157 426 2178 cum
455 2147 756 2178 vindemiatoribus
785 2157 845 2179 seu

147 2197 281 2228 vineam
300 2196 510 2238 putantibus,
522 2197 601 2228 item
619 2206 694 2228 cum
707 2195 846 2228 fronda-

131 2247 288 2287 toribus,
313 2251 448 2278 certare
464 2245 639 2278 conviciis.
670 2246 845 2277 Ausou.iu

144 2295 315 2328 Mosella:
336 2296 437 2327 ‘inde
458 2296 567 2327 viator
583 2295 748 2335 Riparum
769 2296 849 2327 sub-

139 2345 238 2386 jecta
253 2350 382 2385 tereus,
396 2346 486 2377 bunc
501 2345 617 2376 navita
632 2344 750 2376 labens
764 2346 848 2377 Pro·

147 2396 208 2427 bra
223 2400 350 2428 canunt
366 2395 449 2426 seris
465 2394 676 2426 cultoribus!

186 2446 226 2476 ⁸1
250 2445 375 2485 Magna
396 2444 581 2484 compellans
603 2453 675 2474 voce
688 2445 846 2486 cuculum]

145 2494 326 2534 Stobdum,
362 2492 510 2531 fatuum,
530 2492 699 2532 desidem,
728 2498 763 2524 et
797 2495 846 2534 pi-

147 2553 256 2585 grum,
282 2545 388 2576 instar
415 2543 547 2575 cuculi:
572 2543 625 2574 vel
648 2543 738 2584 quod
764 2544 846 2575 vini-

149 2597 253 2633 tores,
269 2593 481 2634 putationem
501 2597 537 2624 et
553 2593 721 2624 culturam
739 2593 846 2625 vineae

149 2641 259 2674 donec
273 2643 387 2674 cuculi
404 2652 468 2674 vox
483 2643 642 2674 audiatur
661 2644 767 2674 serius
781 2649 846 2675 tar-

150 2692 283 2730 dantes,
298 2692 407 2723 viator
423 2692 601 2724 deridebat
612 2695 724 2725 cuculi
735 2695 847 2734 expri-

150 2750 246 2772 mens
257 2745 407 2772 cantum.
450 2741 541 2773 Plin.
555 2751 665 2775 xvm.
678 2746 733 2775 26,
755 2744 765 2761 ‘
778 2744 847 2775 Pu-

149 2790 312 2822 tationem
328 2789 532 2830 aequinoctio
552 2797 726 2832 peractam
744 2794 846 2824 habe-

153 2839 210 2871 to.'
257 2839 301 2871 Et
325 2843 468 2879 postea:
490 2839 567 2871 ‘Sic
583 2839 654 2874 sere
671 2842 703 2874 in
722 2851 772 2875 vi.
793 2843 846 2875 Id.

901 1259 1140 1300 aequinoctium
1158 1268 1222 1290 uon
1237 1258 1427 1298 suffecerit,
1442 1258 1521 1288 dum
1537 1257 1619 1292 scia.

901 1314 936 1339 at
966 1309 1044 1340 inde
1075 1314 1189 1340 natam
1216 1309 1516 1350 exprobrationem
1541 1306 1602 1338 foe-

900 1357 976 1388 dam
993 1359 1184 1397 putantium
1200 1358 1287 1389 vites
1300 1368 1362 1398 per
1377 1358 1602 1388 imitationem

899 1411 1020 1437 cantus
1044 1407 1133 1437 alitis
1159 1407 1355 1447 temporarii
1379 1415 1479 1447 quem
1502 1415 1603 1438 cucu-

900 1455 968 1486 lum
985 1460 1122 1487 vocant.
1171 1456 1332 1487 Dedecus
1348 1456 1436 1487 euim
1455 1456 1602 1486 habetur

899 1499 1191 1547 opprobriumque
1214 1507 1386 1545 meritum,
1411 1505 1535 1537 falcem
1557 1505 1601 1536 ab

896 1555 956 1586 illa
972 1556 1108 1587 volucre
1125 1557 1156 1587 iu
1175 1556 1245 1587 vite
1260 1555 1488 1596 deprehendi,
1504 1559 1542 1587 ut
1557 1555 1601 1586 ob

896 1605 930 1637 id
949 1606 1152 1646 petulantiae
1168 1607 1256 1637 sales
1277 1605 1380 1638 etiam
1396 1615 1472 1637 cum
1490 1605 1600 1646 primo

898 1665 980 1687 vere
995 1656 1180 1687 ludantur.'

935 1705 1103 1745 Cuculum]
1117 1706 1276 1744 Cucullus,
1284 1705 1336 1735 vel
1347 1705 1459 1745 potius
1467 1705 1602 1744 cuculus,

897 1754 1011 1786 media
1024 1755 1204 1795 producta,
1220 1754 1342 1793 κόκκυξ,
1360 1754 1431 1784 avis
1447 1762 1564 1791 verna,
1580 1763 1601 1785 a

897 1813 1098 1846 voce‚quam
1108 1805 1231 1844 saepius
1242 1803 1601 1845 ingeminat,appella-

899 1856 947 1884 ta.
965 1853 1065 1885 Unde
1074 1858 1109 1885 et
1119 1853 1274 1893 κόκκυγας
1284 1853 1399 1885 Graeci
1411 1858 1535 1884 vocant
1543 1853 1599 1884 lio-

899 1903 1007 1934 miues
1020 1903 1197 1942 molestos,
1208 1903 1329 1934 eadem
1339 1902 1463 1943 saepius
1473 1902 1600 1934 insulse

899 1952 1091 1993 repetendo
1106 1958 1211 1993 caput
1225 1952 1472 1984 obtundentes.
1505 1951 1600 1983 Plin.

899 2010 936 2032 x.
960 2004 993 2032 9.
1016 2001 1204 2032 ‘Procedit
1230 2010 1311 2032 vere
1334 2010 1475 2042 coccyx,
1491 2002 1601 2033 occul-

898 2054 993 2081 tatur
1010 2049 1182 2082 Caniculae
1199 2055 1297 2082 ortu:
1322 2059 1525 2091 semperque
1542 2060 1600 2091 pa-

898 2098 944 2130 rit
970 2099 1004 2130 in
1031 2100 1151 2130 alienis
1171 2099 1270 2138 nidis,
1294 2100 1440 2130 maxime
1471 2100 1599 2139 palum-

898 2147 1002 2189 bium,
1032 2149 1153 2189 majori
1176 2158 1218 2180 ex
1248 2153 1346 2189 parte
1368 2149 1501 2188 singula
1522 2158 1599 2188 ova,

899 2198 990 2238 quod
1006 2199 1100 2229 nulla
1117 2198 1183 2229 alia
1195 2198 1267 2229 avis
1281 2208 1292 2237 3
1308 2208 1385 2229 raro
1401 2198 1489 2229 bina.
1513 2199 1599 2230 Cau-

899 2257 936 2278 sa
963 2247 1169 2288 subjiciendi
1199 2248 1324 2288 pullos,
1348 2248 1436 2288 quod
1460 2248 1547 2279 sciat
1563 2257 1598 2279 se

901 2298 1044 2329 invisam
1066 2299 1196 2330 cunctis
1212 2297 1341 2329 avibus.
1387 2298 1475 2328 Nam
1492 2297 1598 2328 minu-

901 2352 953 2379 tas
981 2358 1116 2389 quoque
1146 2346 1300 2379 infestat.
1344 2347 1401 2379 Ita
1432 2357 1499 2379 non
1524 2346 1598 2378 sore

901 2402 1011 2430 tutam
1034 2398 1152 2437 generi
1177 2408 1238 2429 suo
1262 2398 1402 2438 stirpem
1428 2397 1599 2436 opinatur,

899 2448 964 2479 nisi
994 2446 1173 2479 fefellerit.
1218 2448 1334 2480 Quare
1360 2446 1486 2476 nullum
1512 2444 1599 2477 facit

901 2496 1027 2534 nidum,
1043 2497 1189 2538 alioquin
1206 2495 1376 2536 trepidum
1399 2494 1534 2534 animal,
1546 2516 1554 2525 .
1566 2517 1575 2526 .
1590 2517 1599 2525 .

901 2547 1014 2587 pullus
1037 2546 1156 2577 avidus
1183 2554 1225 2574 ex
1243 2548 1363 2574 natura
1380 2542 1536 2582 praeripit
1551 2542 1598 2574 ci-

901 2596 964 2627 bos
977 2595 1116 2635 reliquis
1139 2593 1252 2633 pullis.
1299 2592 1421 2632 Itaque
1439 2592 1598 2632 pingues-

902 2645 964 2682 cit,
979 2648 1014 2675 et
1029 2642 1156 2673 nitidus
1172 2643 1204 2671 iu
1219 2651 1254 2671 se
1274 2641 1441 2671 nutricem
1457 2650 1598 2672 conver-

902 2695 956 2726 tit.
1003 2693 1068 2724 llla
1098 2692 1224 2733 gaudet
1245 2691 1319 2732 ejus
1343 2691 1473 2731 specie,
1497 2692 1597 2723 mira-

901 2750 1026 2785 turque
1048 2743 1191 2782 seipsam
1215 2741 1306 2782 quod
1330 2741 1431 2772 talem
1453 2750 1596 2781 pepere-

901 2795 946 2825 rit
963 2805 972 2826 :
996 2802 1074 2823 suos
1091 2791 1346 2835 comparatione
1363 2790 1435 2831 ejus
1456 2790 1597 2823 damnat

901 2849 941 2876 ut
966 2844 1108 2882 alienos,
1139 2841 1336 2882 absumique
1359 2840 1462 2872 etiam
1488 2848 1525 2872 se
1547 2841 1597 2872 iu-
