1890 3256
612 287 887 319 SERMONUM
923 287 1017 318 mu.
1049 288 1102 318 υ.
1130 279 1172 320 ’7.
1518 276 1630 319 1039

180 380 452 433 Convivam3
483 379 674 422 Nemon’
695 381 840 423 oleum
859 380 944 423 fert
961 383 1129 435 ocyus?
1161 381 1317 436 ecquis

178 447 349 493 Auditi
379 460 480 490 cum
499 459 656 500 magno
676 447 871 490 blateras
889 448 1096 498 clamore,
1114 448 1324 503 furisque.
1574 446 1630 490 35

181 514 368 556 Milvius
388 518 431 556 et
450 526 631 564 scurrae,
653 515 731 555 tibi
750 528 837 556 non
856 516 1084 557 referenda
1103 516 1286 570 precati,

179 581 441 623 Discedunt.
499 579 669 622 Etenim
687 580 828 622 fateor
847 595 932 632 me,
952 582 1111 624 dixerit
1126 583 1221 632 ille,

180 648 303 691 Duci
322 651 470 690 ventre
489 647 632 688 levem
649 660 660 699 ;
691 660 846 689 nasum
866 649 1021 690 nidore
1041 649 1256 702 supinor;

179 715 453 765 Imbecillus,
472 714 605 764 iners,
627 714 666 755 si
687 715 793 768 quid
812 715 895 766 vis,
914 715 1045 765 adde,
1067 716 1250 770 popino.

177 783 264 833 Tu,
286 795 384 824 cum
405 781 468 823 sis
488 781 610 835 quod
631 795 729 835 ego,
751 788 798 824 et
814 781 1020 823 fortassis
1040 782 1242 835 nequior,
1263 781 1377 824 ultro
1574 781 1631 823 40

178 849 418 899 Insectere,
437 847 558 889 velut
576 848 757 889 melior?
787 848 1022 902 verbisque
1043 846 1213 889 decoris

179 915 407 959 obvolvas
423 915 607 957 vitium?
669 914 807 966 Quid,
828 915 867 956 si
888 927 958 956 me
979 914 1158 956 stultior
1172 914 1275 969 ipso

169 1047 359 1085 furibundus
369 1058 380 1079 .·
403 1048 557 1080 Nullusne
571 1048 684 1090 offeret
697 1053 857 1089 unguenta
871 1049 986 1082 citius?
1000 1050 1143 1091 quisnam
1154 1049 1332 1082 auscultat?
1378 1049 1456 1081 'nam
1466 1056 1540 1081 *uero
1551 1048 1632 1080 Mil-

176 1091 246 1122 vius
257 1094 289 1122 et
300 1090 436 1131 parasiti
449 1091 573 1130 abeunt,
588 1091 645 1122 tibi
659 1091 820 1131 imprecati
835 1091 960 1124 minime
974 1094 1147 1123 narrando.
1183 1094 1228 1123 At
1243 1092 1324 1124 dicet
1338 1091 1450 1131 aliquis
1464 1102 1512 1123 me
1527 1090 1631 1122 ventri

175 1132 344 1164 obnoxium
355 1142 433 1172 esse,
442 1142 550 1164 nasum
562 1133 670 1164 tollere
679 1134 824 1173 supinum
834 1135 874 1165 ad
884 1134 1009 1166 nidores
1015 1145 1028 1172 ;
1043 1135 1203 1173 ignavum,
1212 1143 1336 1172 segnem
1347 1144 1423 1173 esse,
1433 1135 1512 1165 adde
1523 1133 1632 1171 etium,

173 1175 359 1214 popinarum
373 1178 567 1215 sectatorem,
580 1175 609 1206 si
623 1175 724 1206 lubet.-
746 1185 808 1206 non
823 1176 999 1218 inficiabor.
1047 1176 1094 1207 Tu
1107 1186 1181 1208 vero
1196 1186 1264 1207 cum
1278 1177 1322 1208 sis
1335 1186 1454 1216 servus,
1467 1179 1503 1207 ut
1518 1185 1587 1215 ego,
1598 1178 1631 1206 et

166 1216 308 1254 sortasse
325 1217 422 1258 peior,
443 1226 499 1248 eur
523 1227 571 1248 me
598 1221 704 1257 sponte
731 1218 931 1258 reprehendis
955 1218 1044 1259 quasi
1074 1219 1298 1259 proestantior?
1345 1219 1450 1254 Quare
1469 1216 1633 1259 preclari-s

175 1258 366 1291 sermonibus
386 1259 467 1300 tegis
487 1260 568 1301 quod
587 1269 719 1301 pravum
742 1260 852 1293 habes?
899 1261 984 1297 Quid
1004 1261 1033 1292 si
1054 1264 1089 1292 tu
1109 1262 1288 1301 agnosceris
1308 1261 1448 1293 insanior
1470 1270 1529 1302 me,
1542 1268 1633 1301 quem

785 1363 1022 1378 “OM“

177 1445 219 1475 34
235 1442 377 1475 Plurimi
394 1451 450 1482 ap.
465 1441 582 1479 Feam,
594 1441 651 1472 alii
672 1450 727 1481 ap.
743 1442 857 1473 Pulm.
874 1442 978 1484 Cruq.
992 1443 1150 1476 Torrent.
1168 1444 1303 1480 Tnlbot,
1314 1443 1430 1475 Bentl.
1445 1445 1482 1474 et
1495 1442 1632 1475 Valart.

175 1486 274 1517 oleum
285 1485 357 1524 sert
369 1494 382 1521 ‚·
398 1483 548 1516 restituit
558 1484 675 1514 Bentl.
687 1483 767 1514 inde
779 1484 883 1515 Baxt.
895 1484 1021 1516 Sanad.
1031 1485 1185 1526 Sandby,
1195 1486 1331 1518 Valart.
1343 1490 1379 1517 et
1392 1484 1472 1516 edd.
1484 1489 1632 1517 receutt.

166 1527 238 1564 sere
248 1530 262 1558 ?
274 1527 376 1568 ecquis
387 1526 499 1558 audis?
521 1526 666 1566 Cuning.
687 1525 753 1557 hoec
767 1526 848 1567 quis,
863 1530 894 1558 et
908 1526 989 1568 quis,
1002 1537 1039 1559 en
1054 1528 1122 1568 quis
1136 1528 1238 1560 codd.
1254 1538 1309 1570 ap.
1327 1528 1528 1559 Feam.—35
1545 1528 1631 1559 Tres

175 1569 270 1602 vm.
286 1569 383 1601 Harl.
399 1572 430 1600 2.
446 1571 480 1600 4.
495 1571 527 1600 6.
563 1569 648 1599 Exc.
674 1568 755 1599 Sax.
778 1573 814 1600 et
839 1578 925 1600 unus
951 1569 1130 1601 Barberin.
1145 1570 1315 1611 furisque,-
1338 1570 1395 1602 alii
1410 1570 1514 1601 etiam
1530 1569 1632 1600 codd.

177 1611 268 1652 apud
292 1611 408 1643 Lamb.
448 1611 557 1643 Pulm.
590 1611 696 1651 Cruq.
723 1611 882 1642 Torrent.
910 1612 1008 1643 Talb.
1036 1613 1152 1644 Bentl.
1182 1613 1232 1644 ita
1261 1621 1398 1654 quoqne
1421 1611 1500 1643 edd.
1530 1611 1631 1643 Junt.

177 1655 272 1685 1503.
301 1654 407 1695 Crnq.
424 1653 530 1684 Chab.
547 1653 715 1693 Desprez,
731 1653 854 1684 Decet.
872 1654 973 1685 Baxt.
988 1654 1108 1686 Oberl.
1125 1654 1242 1686 Comb.
1258 1653 1392 1686 Wakef.
1416 1654 1427 1671 ‘
1438 1653 1486 1684 At
1502 1658 1632 1694 praeter

176 1695 261 1727 alios
270 1695 356 1727 Mss-
370 1700 503 1727 nostros
520 1704 649 1736 omues,
666 1699 702 1726 et
713 1695 867 1731 aliorum.
884 1701 920 1727 et
936 1696 1064 1736 priscas
1078 1695 1260 1735 editiones,
1273 1695 1368 1728 favet
1388 1696 1491 1727 etiam
1504 1695 1633 1731 Acron,

177 1737 402 1811 23225225252‘
417 1740 796 1811 '34⁰1‘151⁰33‘¹r¹¹2⁶.1¹1¹¹3fr¹22²
818 1737 1631 1822 ‘53555552‘33:32³:³553312¹¹33¹¹⁵3153⁸2¹2¹²332⁸

176 1821 338 1862 tionibus,
355 1821 433 1853 dum
449 1821 585 1860 asserit,
601 1822 796 1853 Bentleium
812 1831 928 1853 ausum
945 1832 1019 1854 esse
1036 1823 1077 1854 de
1094 1833 1155 1854 suo
1172 1833 1338 1863 reponere
1350 1821 1527 1863 jugisque?
1550 1822 1632 1854 Fea.

175 1866 261 1895 —86
282 1864 418 1895 Milinus
433 1873 519 1894 unus
535 1864 613 1895 Vat.
636 1865 780 1895 Mulvius
796 1865 932 1904 plurimi
955 1865 1055 1896 codd.
1076 1875 1130 1906 ap.
1153 1866 1276 1904 Feam3
1301 1870 1336 1896 et
1353 1866 1401 1897 sic
1418 1865 1516 1897 Juut.
1534 1867 1630 1896 1503.

174 1907 301 1938 Venet.
317 1908 412 1938 1509.
432 1905 585 1937 restituit
599 1906 717 1937 Bentl.
744 1916 787 1937 ex
808 1906 875 1937 suis
900 1906 1001 1938 codd.
1024 1912 1060 1938 et
1082 1907 1204 1949 probat
1227 1907 1308 1938 inde
1335 1908 1481 1947 Cuning.
1507 1907 1633 1937 Sanad.

175 1948 268 1980 Phil.
284 1948 417 1980 Valart.
440 1947 589 1987 Francis,
613 1947 795 1988 Heindorf,
810 1949 955 1980 Wetzel.
971 1948 1078 1980 Kidd.
1110 1949 1190 1989 Fen,
1216 1950 1341 1989 Bothe,
1357 1948 1480 1988 Jaeck,
1496 1953 1530 1979 et
1546 1949 1631 1979 Doe-

176 1990 264 2031 ring.
285 1990 418 2022 Milvius
430 1989 531 2022 Harl.
545 1992 577 2023 2.
591 1991 623 2022 3.
639 1993 671 2024 4.
686 1993 718 2021 6.
736 1990 868 2023 al.—38
890 1990 1048 2022 Muretus
1066 1991 1276 2032 supina—39
1298 1990 1477 2030 Imbecillis,
1487 1990 1586 2031 iners,
1600 1994 1632 2022 et

176 2032 251 2072 quid
265 2033 314 2063 oia
327 2037 397 2066 tres
413 2031 507 2063 Vatt.
522 2035 559 2063 et
573 2041 658 2063 unus
673 2033 981 2072 Barbariana—42
999 2033 1148 2065 Obvolris
1163 2043 1249 2065 unus
1265 2035 1345 2066 Vat.
1367 2043 1386 2065 a
1402 2043 1445 2064 m.
1461 2042 1530 2064 sec.
1552 2035 1632 2064 stul-

177 2075 242 2105 tior
254 2074 320 2114 ipso
334 2073 433 2105 multi
447 2083 502 2113 ap,
518 2074 630 2113 Fenm,
644 2074 743 2105 Harl.
753 2077 785 2105 2.
798 2074 830 2106 4.
842 2077 873 2105 6.
887 2074 943 2105 alii
959 2076 1049 2115 apud
1067 2075 1179 2108 Pulm.
1196 2077 1279 2107 edit.
1296 2076 1414 2107 Princ.
1429 2075 1522 2107 Med.
1535 2079 1631 2107 1476.

178 2117 288 2148 Venn.
305 2119 398 2148 1478.
413 2117 508 2147 1479.
525 2117 621 2146 1481.
638 2118 732 2147 1483.
746 2118 842 2147 1486.
858 2118 953 2148 1490.
970 2119 1065 2148 1492.
1082 2120 1177 2150 1495.
1193 2121 1288 2150 1514.
1301 2118 1396 2149 1573.
1427 2118 1518 2148 Flor.
1534 2120 1631 2149 1482.

179 2157 286 2190 Aldus
304 2160 400 2190 1501.
416 2160 511 2189 1509.
531 2159 626 2188 1519.
670 2158 795 2188 Muret.
813 2157 918 2189 Chab.
934 2159 1034 2191 Talb.
1050 2160 1136 2192 Dae.
1155 2161 1269 2192 Remi.
1291 2160 1395 2192 Baxt.
1418 2159 1509 2191 Phil.
1533 2159 1630 2191 Batt.

180 2200 302 2233 Oberl.
332 2200 451 2234 Comb.
478 2198 611 2232 Wakef.
642 2198 826 2237 Heindorf,
856 2194 1002 2234 Wetzel.
1029 2201 1135 2234 Kidd.
1165 2203 1248 2240 Fea,
1272 2202 1398 2242 Bothe,
1433 2206 1469 2234 et
1504 2201 1630 2234 Jaeck.

828 2286 976 2318 NOTAE

178 2363 325 2395 dianam.
346 2362 498 2395 Martini.
515 2370 566 2393 xv.
578 2363 609 2392 8.
625 2361 634 2378 ‘
647 2361 802 2402 Imperat
816 2370 875 2392 ex·
929 2361 1013 2401 abis,
1027 2366 1062 2393 et
1079 2361 1121 2393 ad
1136 2361 1339 2394 Maecenatis
1353 2371 1484 2394 coenam
1498 2361 1619 2392 curris.

178 2421 326 2448 structos
340 2414 494 2454 frangere
510 2423 598 2445 nona
609 2412 727 2445 toros.'
971 2415 1013 2444 36
1031 2413 1167 2445 Milvius
1188 2417 1218 2444 et
1240 2423 1369 2452 scurroe,
1391 2412 1460 2454 εμπ]
1482 2410 1638 2442 Parasiti*

221 2469 263 2498 34
294 2464 425 2497 Nemon'
455 2466 552 2496 oleum
570 2463 640 2502 fert
669 2473 774 2504 ocyus,
805 2461 875 2503 ξω]
929 2466 965 2493 et
980 2471 1107 2494 scurrae
1121 2462 1212 2504 apud
1227 2467 1261 2494 te
1277 2471 1373 2494 coena
1386 2466 1524 2502 sperata
1536 2460 1627 2492 frau-

180 2515 340 2548 elamitas
362 2524 466 2546 morae
490 2514 681 2554 impatiens,
698 2518 734 2544 et
755 2513 875 2544 mirum
929 2511 1000 2543 dati
1016 2511 1106 2542 diras
1127 2512 1160 2542 in
1178 2516 1211 2543 te
1227 2512 1377 2552 jactant,
1397 2510 1628 2551 imprecantur

180 2569 342 2606 quantum
358 2573 543 2605 properans
560 2565 609 2595 ire
626 2565 705 2595 illuc
723 2563 810 2595 bene
827 2563 874 2595 lo·
929 2561 991 2592 tibi
1008 2562 1096 2592 mala
1112 2561 1224 2592 omnia
1240 2559 1466 2591 discedentes.

180 2613 342 2652 tus‚bene
359 2617 491 2645 unctus.
534 2614 590 2645 Sic
608 2614 764 2645 nimirum
781 2618 872 2645 vete·
969 2613 1011 2641 38
1036 2610 1157 2641 Nasum
1185 2610 1293 2641 nidore
1317 2609 1460 2650 supinor]
1491 2609 1627 2641 Elatum

180 2655 234 2694 re's
265 2662 308 2693 ad
337 2672 465 2693 coenam
499 2663 632 2694 invitati
670 2663 873 2705 pergebant,
928 2660 1034 2692 habeo
1047 2669 1162 2691 nasum
1176 2659 1219 2690 ad
1233 2657 1421 2700 captandos
1434 2658 1554 2690 odores
1567 2668 1627 2698 op-

182 2713 362 2753 uuguentis
379 2710 554 2743 odoriferis
571 2712 708 2752 perfusi.
928 2710 1120 2748 soniornm;
1142 2713 1303 2750 tanquam
1323 2708 1452 2740 ventris
1477 2712 1514 2740 et
1535 2708 1625 2750 gulae

226 2765 266 2793 35
290 2761 456 2802 Fur-isque]
480 2761 546 2792 Alii
569 2761 637 2802 leg.
655 2762 816 2804 jugisque,
839 2762 872 2794 id
927 2760 1133 2801 mancipium
1148 2768 1262 2791 coenas
1278 2767 1392 2795 venor.

182 2817 236 2844 est
265 2821 340 2844 cum
374 2820 495 2853 magna
523 2809 741 2844 festinatione
772 2814 872 2845 domo
