1936 3236
636 314 908 346 CARMJNUM
947 313 1040 344 LIB.
1072 313 1137 345 iv.
1167 303 1208 344 2.
1574 303 1660 345 553

317 409 381 450 Te
401 421 478 463 per
498 408 693 462 gramina
713 408 863 451 Martii

375 475 561 530 Campi3
592 480 635 516 te
656 489 734 530 per
756 489 915 531 aquas,
938 477 1060 528 dure,
1083 476 1317 519 volubiles.
1602 475 1658 516 40

201 575 259 605 das
271 573 422 616 fluentes,
438 585 456 606 ο
471 575 615 616 crudelis,
629 575 808 616 fugientem
828 586 1005 618 prosequor.

812 658 1049 672 eeeeeeeeeee

201 718 297 750 abest
324 721 355 749 te
383 727 403 749 a
430 717 600 758 Porpliyr.
645 717 828 749 Pulmanni
856 718 1033 751 Gemblac.
1052 722 1081 750 l.
1099 722 1130 750 2.
1158 718 1283 750 Beller.
1310 722 1345 749 et
1369 716 1501 748 Diestli.
1522 717 1657 749 duobus

200 760 415 798 Bersmanni,
432 761 602 801 plerisque
618 760 783 799 Bentleii,
796 761 944 793 Mentel.
963 760 1110 792 Helmst.
1129 761 1273 801 Franeq.
1301 759 1388 791 Altt.
1405 763 1437 791 1.
1452 763 1483 791 2.
1515 760 1608 800 Lips.
1625 764 1657 792 l.

200 813 220 834 a
235 813 279 834 m.
297 813 346 844 pr.
362 803 466 834 Dess.
481 805 512 835 2.
526 808 562 833 et
578 802 621 833 ab
637 803 715 834 edd.
732 803 861 843 primis,
883 803 1026 835 Venett.
1043 804 1186 835 Loclier.
1201 804 1244 835 al.
1260 803 1341 833 item
1360 812 1379 832 a
1398 803 1499 833 Basil.
1516 802 1658 835 Ascens.

200 845 298 877 Fabr.
329 846 490 885 Rutgei-s.
521 845 623 876 Baxt.
657 846 763 877 Gesn.
788 846 893 878 Zeun.
916 846 1032 878 Benu.
1058 846 1204 886 Cuuing.
1233 846 1325 886 Jani,
1352 846 1489 886 Bipout.
1516 846 1656 876 Mitscli.

198 889 349 920 Wetzel.
366 886 501 919 Wakef·
517 888 635 919 Comb.
652 893 688 920 et
705 888 811 920 Kidd.

852 969 996 1002 NOTAE

197 1033 279 1066 mihi
298 1015 416 1065 'videor
439 1034 601 1075 amplecti
619 1037 668 1074 te,
683 1033 784 1067 modo
799 1038 833 1066 te
849 1032 902 1065 fu·
957 1034 1000 1065 de
1025 1033 1198 1065 natatione
1217 1033 1250 1064 in
1266 1033 1386 1065 Tiberi
1410 1033 1563 1074 proximo
1580 1038 1659 1073 post

199 1084 348 1125 gientem
366 1084 537 1125 persequi.
955 1084 1250 1123 exercitationem,
1281 1084 1322 1115 ad
1354 1085 1528 1125 pulverem
1557 1083 1659 1114 sudo-

240 1136 282 1166 39
305 1134 372 1165 Per
390 1135 538 1173 gramina
555 1134 671 1166 Martii
690 1135 813 1177 Campi,
829 1134 900 1176 ξω]
955 1143 1096 1176 remque
1127 1134 1388 1176 detergendum,
1420 1139 1457 1166 ut
1497 1134 1658 1165 annotavi

198 1184 240 1215 In
267 1193 388 1224 campo
414 1185 545 1216 Martio
573 1184 763 1216 exercebat
784 1194 821 1215 se
840 1185 898 1226 ju-
953 1183 1027 1217 fuse
1044 1194 1070 1216 1.
1086 1183 1156 1215 Od.
1173 1187 1205 1217 8.

199 1238 318 1266 ventus
330 1242 444 1275 cursu,
456 1235 560 1276 lucta,
571 1235 795 1276 equitatione,
804 1235 899 1266 dein-

804 1386 934 1428 ODE
984 1387 1051 1428 ΙΙ.

635 1497 699 1526 AD
732 1497 1003 1528 AN'I’ONlUM
1038 1497 1221 1529 IULUM.

193 1585 286 1617 Iulus
310 1584 479 1617 Antonius
504 1585 687 1617 Triumviri
704 1585 764 1627 (ex
794 1585 931 1627 Fulvia)
954 1585 1043 1617 filius
1069 1586 1297 1628 Octaviaeque
1324 1585 1500 1627 privignus
1519 1593 1658 1628 rogarat

236 1638 429 1677 Horatium,
445 1642 484 1670 ut
499 1638 686 1670 Pindarica
709 1638 866 1680 quaedam
883 1639 918 1669 in
934 1638 1177 1670 Sicambricam
1196 1638 1344 1679 Augusti
1365 1639 1551 1671 Victoriam
1576 1650 1657 1672 con-

235 1691 421 1730 scriberet3
444 1690 499 1723 cui
514 1691 565 1723 rei
583 1691 661 1723 dum
677 1691 813 1723 simulat
837 1701 874 1723 se
890 1692 1001 1723 miuus
1017 1691 1193 1731 idoneum,
1212 1697 1317 1733 atque
1334 1692 1444 1733 ipsum
1468 1692 1657 1725 Antonium

235 1744 270 1775 id
283 1744 401 1776 metius
414 1749 580 1786 praestare
595 1754 694 1786 posse
708 1743 871 1785 affirmat,
884 1743 1072 1776 Pindarum
1085 1744 1302 1775 nihilominus
1315 1744 1427 1784 ipsum
1444 1745 1657 1778 sublimitate

236 1802 391 1839 superat.

423 1861 704 1904 P1NDARUM
731 1862 937 1915 quisquis
959 1861 1110 1903 studet
1130 1861 1341 1912 aemulari,
1364 1861 1408 1902 I—

241 1960 271 1990 0
287 1959 366 2000 lule,
381 1958 560 2000 quicumque
575 1960 640 1991 uult
655 1959 776 1991 imitari
786 1959 976 2000 Pindarum,
990 1958 1168 1991 sublevatur
1187 1959 1246 1991 alis
1267 1968 1338 1991 cera
1351 1959 1521 2001 compactis
1535 1960 1656 1992 auxilio

807 2044 1050 2057 “mm‘fl‘&

239 2104 316 2136 Ode
333 2104 516 2136 undecima
529 2104 623 2136 Libri
640 2103 748 2145 quinti
765 2103 799 2134 in
811 2102 875 2135 Ed.
890 2102 1014 2135 Sanad.
1047 2104 1179 2136 Omnes
1195 2103 1478 2136 codd-Torrentii
1495 2104 1580 2137 hanc
1596 2105 1653 2137 lia-

197 2145 280 2178 bent
295 2147 535 2188 Epigraphen:
558 2146 613 2179 Aa
627 2146 802 2179 Antonium
824 2146 941 2186 Iulum,
965 2146 1037 2178 sive
1057 2147 1194 2184 Iullum;
1217 2147 1370 2178 nonnulli
1395 2157 1450 2188 ap.
1466 2147 1513 2179 H.
1530 2148 1653 2188 Stepli.

196 2189 309 2221 Diatr.
323 2189 400 2220 Sec.
417 2198 474 2221 m.
495 2190 548 2221 Aa
562 2189 667 2220 Iulum
683 2189 855 2220 Antonium
869 2189 920 2219 M.
937 2189 1071 2221 Antonii
1089 2189 1260 2222 Triumviri
1275 2190 1314 2222 F.
1349 2190 1493 2222 Venett.
1508 2191 1654 2223 Locher.

195 2231 340 2264 Ascens.
364 2232 539 2263 Pindarum
563 2231 706 2264 celebrat.
752 2231 918 2263 Nonnulli
941 2241 998 2272 ap.
1024 2232 1071 2263 Η.
1089 2233 1206 2274 Steph.
1224 2233 1244 2264 Ι.
1262 2233 1286 2264 l.
1309 2232 1520 2272 Antiquarum
1535 2234 1651 2265 Ροὲια-

193 2283 264 2306 rum
285 2274 519 2306 veneralia—1
544 2273 613 2306 Iule
629 2274 662 2306 in
681 2274 748 2305 duo
765 2283 884 2305 versus
907 2273 1177 2316 distrahendum,
1194 2280 1232 2307 ut
1248 2275 1270 2306 Ῑ
1291 2274 1334 2306 ad
1359 2276 1517 2315 primum,
1538 2276 1588 2307 ule
1607 2275 1653 2307 ad

195 2318 339 2348 alterum
354 2318 556 2357 pertineret,
571 2316 700 2358 primus
719 2316 932 2348 Passeratius
948 2317 1093 2349 censuit.
1129 2319 1182 2349 Ex
1199 2327 1241 2349 eo
1256 2318 1304 2349 sie
1319 2317 1475 2349 Lambin.
1491 2322 1593 2359 atque
1609 2327 1653 2348 ex

193 2359 257 2391 hoc
273 2359 410 2400 plurimi
425 2359 592 2400 editores,
606 2360 710 2391 etiam
732 2359 816 2391 Fab.
844 2360 968 2391 Dacer.
983 2360 1088 2392 Baxt.
1103 2360 1251 2401 Cuniug.
1270 2365 1305 2391 et
1321 2360 1447 2391 Sanad.
1494 2360 1653 2392 Gesnero

194 2410 260 2433 nou
276 2401 399 2443 liquet.
443 2402 586 2434 Certum
603 2407 731 2441 tamen,
755 2411 871 2433 omnes
895 2402 999 2434 codd.
1021 2408 1058 2434 et
1083 2402 1163 2435 edd.
1179 2408 1265 2436 vett.
1281 2403 1453 2444 integrum
1469 2412 1592 2434 nomen
1609 2403 1652 2435 ad

852 2487 884 2519 N
890 2486 994 2519 OTAE

235 2550 388 2582 Mettum
405 2549 495 2582 idem
511 2549 600 2592 quod
616 2558 718 2591 supra
733 2559 758 2582 1.
775 2548 844 2581 Od.
860 2552 894 2582 2.
993 2551 1185 2594 Pindarum]
1199 2551 1234 2584 Is
1246 2552 1447 2593 Lyricorum
1460 2552 1651 2594 antesigna-

207 2620 215 2624 -
237 2603 253 2632 l
279 2601 469 2642 Pindarum,
483 2600 553 2642 ξω]
581 2600 801 2632 Laudaverat
823 2600 894 2632 Ho-
951 2610 1012 2632 nus
1033 2602 1161 2633 Thebis
1183 2603 1218 2634 in
1241 2603 1379 2634 Boeotia
1401 2608 1514 2643 natus,
1534 2604 1543 2622 ‘
1559 2604 1649 2635 auris

196 2650 318 2682 ratium
342 2650 438 2683 Iulus
462 2650 646 2693 Antonius,
669 2651 894 2691 aemulumque
949 2651 1144 2691 Boeoticae‚'
1164 2651 1199 2683 id
1222 2654 1290 2692 est,
1305 2652 1423 2691 crassi,
1445 2652 1583 2694 stupidi,
1599 2653 1648 2685 in-

197 2698 334 2733 Pindari
344 2701 488 2734 dixerut.
512 2702 687 2734 Rescribit
694 2701 782 2733 hanc
792 2700 895 2734 Oden
947 2701 1094 2742 sulsique
1104 2702 1313 2734 Boeotiorum
1326 2701 1464 2742 ingenii,
1474 2701 1598 2735 famam
1613 2708 1650 2735 et

198 2748 374 2792 Horatius,
388 2762 455 2794 qua
469 2752 554 2785 mire
573 2752 763 2784 Pindarum
783 2752 894 2784 extol·
949 2751 1167 2791 proverbium
1185 2751 1358 2783 abstersit.
1401 2752 1533 2783 Floruit
1555 2753 1651 2784 circa

197 2797 238 2829 lit
252 2807 354 2839 supra
371 2810 420 2841 se,
437 2803 632 2844 pariterque
649 2802 845 2835 facundiam
857 2807 894 2835 et
949 2800 1192 2842 Olympiadem
1203 2804 1255 2832 75.
1268 2809 1328 2832 seu
1342 2801 1438 2832 annis
1452 2806 1532 2833 ante
1541 2803 1651 2833 Chris-

196 2847 400 2881 modestiam
415 2852 585 2891 expromit
598 2862 705 2885 suam.
952 2858 1023 2884 tum
1048 2856 1125 2885 476.
1152 2853 1230 2887 Quo
1245 2857 1400 2894 tempore
1417 2853 1595 2894 AEschylus
1612 2859 1649 2886 et
