1930 3242
431 295 516 337 958

431 399 580 440 Scribe
600 398 746 439 decem
768 410 793 437 a
814 395 971 436 Nerio:
1003 406 1088 434 non
1111 398 1180 434 est
1199 394 1332 445 satis;
1362 393 1473 434 adde
1494 393 1660 435 Cicutae

431 464 603 505 Nodosi
623 463 794 504 tabulas
814 463 998 508 centum,
1017 459 1134 499 mille
1156 459 1268 499 adde
1288 462 1489 500 catenas:

429 529 614 581 Effugiet
635 533 779 568 tamen
797 525 891 566 haec
910 524 1143 565 sceleratus
1167 525 1333 565 vincula
1352 524 1550 565 Proteus.

430 595 540 635 Cum
562 592 707 644 rapies
727 590 770 630 in
783 590 858 643 jus
878 589 1004 631 malis
1022 589 1229 630 ridentem
1251 589 1419 639 alienis,

429 661 526 700 Fiet
545 670 666 710 aper,
686 655 817 697 modo
838 657 947 705 avis,
965 656 1094 696 modo
1115 667 1284 706 saxum,
1305 661 1364 706 et,
1384 669 1481 697 cum
1502 655 1634 705 volet,
1654 655 1795 696 arbor.

893 306 938 342 Q.
970 301 1175 333 nouam
1209 300 1379 332 abaco:

1787 457 1844 499 ⁷ss

426 772 506 801 Jube
519 771 610 802 scribi
623 775 746 811 accepta
757 781 777 802 a
794 771 892 802 Nerio
907 771 1006 801 decem
1027 770 1142 801 millia:
1163 780 1216 803 nec
1229 771 1355 813 sufficit:
1377 772 1509 810 adiunge
1521 773 1664 802 centenas
1677 768 1842 811 cautiones,

426 817 455 842 et
471 813 593 844 millena
607 814 727 844 vincula
740 812 822 850 vafri
839 813 975 843 Cicueoe:
997 812 1075 842 istas
1088 821 1188 843 omnes
1201 816 1323 843 catenas
1336 813 1531 844 nihilominus
1545 811 1678 842 excutiet
1690 809 1842 850 improbus

426 854 566 886 Proteus.
611 855 745 894 Cumque
767 853 973 892 adjudicium
995 854 1153 892 pertrahas
1179 855 1367 885 exultantem
1391 856 1424 886 in
1447 854 1592 885 (erumnis
1615 852 1766 888 aliorum‚·
1779 851 1842 891 fiet

424 905 509 934 aper,
534 906 604 926 mox
625 896 702 935 avis,
726 896 834 927 deinde
853 904 954 936 rupes,
974 898 1004 926 ee
1024 894 1127 934 arbor,
1149 897 1267 935 quando
1283 895 1418 928 libuerit.
1461 895 1500 927 Si
1519 894 1691 935 insipientis
1703 897 1751 925 eet
1766 893 1841 924 bona

1019 987 1250 1000 eeeeeeeeeeee

424 1049 510 1080 bene
526 1049 614 1080 illam
628 1049 839 1082 defenderit!
859 1050 1039 1081 Ceam—69
1055 1050 1064 1067 ¹
1077 1050 1116 1080 In
1131 1050 1192 1081 hac
1208 1051 1365 1089 lectione,
1379 1050 1487 1081 Scribe
1499 1050 1630 1080 decemo
1641 1047 1753 1087 Nerio,
1765 1057 1842 1079 con-

423 1092 572 1122 sentiunt
593 1101 706 1122 omnes
728 1092 845 1131 scripti
869 1091 977 1122 codd.'
1002 1091 1166 1131 Cruquius.
1207 1092 1298 1123 Hinc
1314 1092 1478 1130 suspicari
1499 1090 1592 1128 licet,
1616 1089 1713 1120 aliam
1739 1087 1842 1119 fuisse

424 1132 503 1163 lect.
519 1134 552 1163 in
567 1133 644 1163 edd.
661 1133 855 1174 quibusdam
872 1137 955 1163 vett.
999 1133 1157 1163 Nonnulli
1175 1133 1273 1163 codd.
1286 1143 1340 1174 ap.
1354 1133 1509 1163 Torrent.
1524 1130 1631 1162 Scribe
1644 1131 1745 1160 decem
1759 1129 1841 1160 Ane—

421 1174 566 1205 rio.—-72
582 1175 674 1205 Harl.
690 1178 720 1205 2.
733 1177 764 1206 4.
777 1177 808 1205 6.
822 1173 918 1205 Gott.
930 1174 1012 1204 Exc.
1027 1175 1106 1205 Sax.
1121 1173 1255 1213 quidam
1270 1184 1324 1214 ap.
1339 1175 1490 1205 Tor-rent.
1502 1173 1616 1205 Zarot.
1630 1172 1708 1203 Vet.
1724 1169 1842 1202 Comb.

422 1215 465 1244 al.
483 1220 563 1246 vett.
570 1216 649 1254 jura
663 1216 750 1246 malis
759 1227 771 1252 ,·
795 1220 955 1256 putarunt
970 1215 1057 1246 enim
1072 1216 1162 1246 malis
1177 1225 1250 1246 esse
1259 1217 1325 1246 τοῖς
1338 1217 1454 1251 κακοῖς,
1469 1224 1544 1246 cum
1560 1214 1605 1245 sit
1617 1215 1626 1231 ⁸
1639 1212 1754 1253 genis!
1787 1210 1840 1242 ef.

424 1256 562 1288 Homer.
573 1258 640 1288 Od.
651 1262 685 1289 T.
696 1260 770 1289 347.
784 1262 820 1290 et
834 1257 906 1288 Val.
922 1257 1013 1288 Flac.
1031 1265 1112 1288 vnn.
1129 1259 1286 1290 164.—73
1302 1258 1382 1289 Mox
1395 1267 1506 1288 saxum
1521 1256 1616 1288 Harl.
1628 1258 1660 1286 4.
1672 1253 1838 1296 promulo

1063 1338 1202 1370 NOTAE

463 1403 504 1433 69
526 1401 633 1432 Scribe
646 1402 747 1432 decem
759 1412 779 1432 a
793 1401 907 1441 Nerio]
926 1401 982 1432 Ita
996 1401 1105 1432 Peril-
1159 1401 1308 1432 actiones
1337 1402 1502 1433 creditum
1538 1397 1744 1441 reposcentis
1780 1397 1839 1428 im-

419 1449 481 1480 lius
507 1450 711 1490 Damasippo
739 1449 876 1480 tradens
905 1453 1020 1480 mutuo
1048 1458 1104 1488 pe·
1157 1449 1263 1489 probe
1276 1451 1455 1482 eluctatur.
1577 1484 1579 1486 ¹

421 1498 551 1529 cuniam
577 1507 668 1530 snam
695 1498 827 1528 dictare
855 1497 1106 1537 intelligendus,
1198 1499 1239 1528 72
1257 1498 1336 1528 Cum
1348 1498 1451 1538 rapies
1463 1498 1498 1528 in
1506 1497 1563 1536 jus
1576 1497 1667 1527 malis
1686 1495 1838 1526 ridentem

421 1547 509 1586 apud
526 1546 686 1577 Nerium:
711 1556 731 1577 ο
755 1546 975 1585 Damasippe,
995 1546 1103 1577 scribe

421 1598 455 1624 te
471 1593 588 1624 decem
610 1593 713 1624 millia
730 1594 806 1623 aeris
829 1602 848 1624 e
871 1593 1012 1633 pecunia
1031 1603 1105 1625 mea

419 1642 590 1681 accepisse
617 1651 638 1672 a
660 1641 781 1680 Nerio,
805 1641 874 1671 sive
901 1650 963 1681 per
991 1651 1107 1673 manus

420 1691 530 1731 Nerii,
546 1695 584 1722 ut
599 1691 710 1721 aiunt:
739 1690 871 1721 scilicet
892 1690 925 1722 in
941 1700 1106 1722 commen-

419 1740 512 1771 tariis
535 1749 594 1771 sen
618 1739 781 1770 codicillis
805 1739 900 1771 Nerii
924 1740 1105 1779 argentarii

419 1790 484 1820 mei
500 1789 718 1830 syngrapham
735 1793 770 1820 et
785 1789 1040 1829 chirographum
1056 1789 1104 1820 in-

419 1838 538 1876 scribe,
553 1837 595 1868 ad
611 1838 772 1877 majorem
793 1837 914 1868 crediti
929 1838 994 1868 mei
1010 1847 1104 1869 secu-

419 1887 564 1917 ritatem.

462 1935 551 1967 Adde
570 1935 690 1965 Cicutoe
707 1934 826 1964 Nodosi
839 1933 972 1973 tabulas]
992 1932 1104 1972 Adde,

420 1985 448 2015 si
473 1985 534 2020 vis.
551 1983 708 2015 astutiam
729 1987 765 2014 et
780 1982 884 2014 nodos
902 1983 1023 2024 quibus
1039 1983 1104 2014 scit

418 2033 558 2064 callidus
589 2033 709 2064 Cicuta
743 2032 911 2063 debitores
940 2032 1103 2063 constrin-

420 2090 519 2121 gere:
544 2080 672 2112 confice
695 2081 825 2112 tabulas
850 2081 1023 2121 conceptis
1040 2082 1103 2113 rite

419 2135 455 2160 et
479 2133 578 2160 caute
604 2129 735 2167 verbis;
763 2138 828 2160 uno
854 2129 957 2160 verbo
983 2129 1104 2162 adhibe

419 2178 585 2219 quaslibet
608 2178 793 2218 cautiones,
807 2179 1052 2219 stipulationes,
1068 2184 1106 2211 et

417 2228 657 2268 obligationum
673 2228 909 2267 instrumenta,
933 2228 1025 2260 velut
1041 2233 1105 2261 tot-

418 2278 505 2310 idem
531 2287 636 2310 nexus
660 2283 696 2309 et
717 2282 875 2316 catenas3
899 2279 972 2310 haec
994 2279 1105 2310 omnia

419 2327 573 2367 profecto
589 2336 682 2358 cassa
697 2331 731 2358 et
747 2336 830 2358 vana
845 2331 955 2358 eruut.
1002 2327 1105 2360 Juve-

418 2377 483 2409 nal.
499 2376 570 2407 Sat.
584 2385 666 2408 vm.
681 2379 732 2407 50.
755 2375 858 2415 ‘juris
872 2375 989 2415 nodos,
1005 2381 1040 2407 et
1055 2377 1101 2406 le-

419 2434 497 2464 gum
513 2424 715 2465 aenigmata!

460 2477 500 2506 71
516 2473 666 2513 Proteus]
680 2474 715 2505 Is
725 2474 861 2515 AEgypti
876 2483 935 2506 rex
946 2474 980 2505 in
992 2476 1101 2506 varias

417 2532 452 2554 se
467 2523 597 2564 species
614 2521 886 2563 transformabat,
900 2527 937 2555 ut
951 2523 1102 2555 fabulan-

419 2577 488 2612 tur,
511 2572 626 2613 sicque
654 2571 756 2604 facile
788 2571 939 2613 fugiebat
968 2573 1102 2614 quosvis

418 2627 668 2663 persequentes.
685 2622 775 2654 Huic
784 2622 926 2654 similem
938 2620 1025 2654 dicit
1033 2621 1104 2654 Ho-

419 2672 522 2702 ratius
548 2672 796 2703 fraudulentum
823 2671 1021 2712 debitorem,
1045 2673 1100 2713 qui

417 2719 573 2750 tricarum
590 2721 674 2760 juris
697 2721 824 2761 peritus
843 2720 1018 2762 litigando,
1033 2725 1099 2752 ter-

417 2767 625 2808 giversando,
640 2769 901 2810 praescribendo,
924 2769 1102 2801 creditoris

1155 1545 1280 1585 alienia]
1305 1547 1387 1577 Cum
1397 1547 1471 1587 jure
1485 1545 1695 1587 persequeris
1707 1543 1839 1574 debito-

1158 1603 1227 1624 rem
1252 1596 1450 1625 sceleratum
1473 1603 1512 1625 ac
1537 1592 1712 1634 pertidum,
1733 1591 1839 1631 quite

1157 1644 1362 1676 creditorem
1388 1644 1532 1685 deludit,
1561 1647 1702 1683 tuasque
1737 1649 1840 1672 vanas

1157 1693 1385 1725 solicitudines
1407 1692 1532 1725 affatim
1552 1696 1588 1723 et
1610 1692 1759 1731 impense
1781 1690 1843 1721 de-v

1159 1742 1259 1774 ridet.
1290 1742 1368 1774 Alia
1383 1742 1512 1783 pridem
1529 1746 1601 1773 erat
1625 1740 1738 1779 lectio,
1761 1739 1842 1771 cvm

1157 1791 1257 1831 rapies
1280 1792 1314 1822 in
1333 1791 1410 1829 jura
1429 1792 1518 1823 matis
1539 1791 1689 1822 ridentum
1710 1788 1841 1820 «uenis.-

1156 1849 1254 1880 quam
1280 1841 1414 1881 quidem
1440 1845 1558 1880 utpote
1580 1838 1754 1870 clariorem
1780 1846 1838 1868 ex-

1156 1887 1261 1927 pressi
1285 1889 1318 1919 in
1339 1888 1614 1928 interpretatione
1633 1894 1718 1918 mea.
1761 1885 1838 1917 Pla-

1155 1935 1227 1966 cuit
1240 1945 1319 1968 vero
1332 1936 1472 1967 subinde
1493 1935 1635 1967 eruditis
1657 1934 1838 1967 dictionem

1156 1993 1196 2014 ac
1225 1993 1358 2015 sensum
1395 1985 1508 2016 rimari
1547 1984 1768 2020 subtiliorem,
1802 1987 1838 2014 et

1157 2041 1305 2064 asserere
1337 2042 1529 2073 expressam
1565 2034 1619 2064 hic
1649 2032 1692 2064 ab
1728 2029 1838 2063 Hora-

1157 2081 1204 2112 tio
1232 2082 1433 2114 seutentiam
1466 2092 1508 2113 ex
1548 2081 1686 2114 Homeri
1715 2080 1838 2122 Odyss.

1155 2134 1191 2162 Ὺ.
1215 2132 1276 2163 snb
1304 2132 1418 2173 finem,
1440 2137 1478 2164 ut
1499 2132 1615 2164 alianis
1637 2130 1748 2163 ridere
1769 2140 1838 2162 rna·

1156 2179 1208 2219 lis,
1236 2181 1269 2211 id
1296 2186 1360 2221 est,
1391 2181 1545 2221 maxillis,
1578 2181 1624 2212 sit
1653 2178 1756 2211 effuse
1781 2188 1844 2210 cae

1157 2229 1318 2269 chinnari,
1339 2231 1447 2262 soluto
1469 2231 1550 2268 risu,
1575 2229 1719 2270 propriis
1744 2228 1843 2259 malis

1156 2287 1215 2309 seu
1236 2278 1377 2309 maxillis
1401 2278 1487 2309 haud
1510 2277 1679 2318 parcendo
1697 2276 1837 2316 perinde

1157 2337 1195 2359 ac
1219 2328 1355 2359 alienis:
1379 2326 1655 2368 quemadmodum
1678 2325 1728 2357 rei
1755 2326 1835 2357 alia·

1154 2385 1206 2407 ute
1230 2385 1269 2407 ac
1288 2379 1401 2407 mutuo
1416 2379 1533 2406 sumtae
1555 2375 1662 2405 minus
1685 2375 1834 2415 parcitur

1154 2435 1252 2466 quam
1269 2425 1423 2465 proprie.
1466 2425 1574 2456 Locus
1597 2424 1737 2455 Homeri
1759 2430 1834 2456 est:

1152 2473 1364 2514 μνησηῆρσιδὲ
1377 2474 1509 2506 Παλλὰς
1527 2473 1639 2511 Ἀθήνη
1659 2474 1835 2510 Ἀσβεπον

1152 2523 1248 2563 γέλοι’
1257 2522 1333 2564 ὄρσε
1342 2545 1374 2556 ...
1385 2523 1423 2554 Οἱ
1431 2523 1456 2554 δ’
1465 2523 1524 2562 ἤδη
1537 2523 1698 2562 γναθμοῖσι
1707 2522 1835 2563 maim
1867 2525 1873 2531 ⁴

1154 2572 1369 2613 ἀλλοτρίοισιν.
1413 2574 1525 2604 Procis
1539 2576 1640 2605 autem
1655 2573 1763 2604 Pallas
1776 2573 1834 2604 im-

1154 2623 1337 2654 moderatum
1363 2623 1460 2654 risum
1493 2622 1586 2654 movit
1599 2644 1608 2655 .
1621 2644 1630 2654 .
1643 2645 1652 2654 .
1666 2644 1675 2654 .
1687 2622 1735 2653 tua·
1762 2631 1832 2653 vero

1152 2671 1289 2702 maxillis
1303 2671 1442 2702 ridebant
1455 2671 1574 2703 alienis.

1192 2722 1232 2750 73
1257 2719 1327 2751 Fiet
1344 2727 1431 2760 uper,
1456 2721 1542 2751 modo
1556 2720 1633 2759 uvis,
1648 2719 1716 2760 εγω]
1739 2720 1832 2752 Allu-

1152 2768 1231 2800 dere
1246 2769 1375 2800 videtur
1390 2769 1431 2799 ad
1448 2778 1570 2800 morem
1584 2777 1696 2808 regum
1713 2769 1833 2810 [Ευρ-
