1890 3256
551 305 903 336 EPlS'l'OLARUM
941 305 1035 334 mn.
1070 305 1102 335 1.
1134 294 1176 335 5.
1477 290 1592 332 1101

138 401 356 444 Foecundi
376 401 543 442 calices
565 412 698 454 quem
721 412 808 441 non
827 399 970 441 fecere
993 399 1237 440 disertum?

139 470 383 512 Contracta
404 481 531 522 quem
549 479 638 508 non
657 467 702 507 in
719 471 982 521 paupertate
1005 467 1198 507 solutum
1211 467 1231 506 ‘t

140 536 259 578 Haec
280 549 362 588 ego
383 546 614 589 procurare
635 538 679 575 et
699 533 887 575 idoneus
906 534 1107 587 imperor,
1130 537 1175 574 et
1196 545 1283 573 non

140 603 342 655 Invitus3
371 615 425 643 ne
445 606 568 654 turpe
589 602 717 651 toral,
740 614 793 641 ne
815 601 996 642 sordida
1017 612 1184 654 mappa

139 670 352 723 corruget
371 681 495 710 nares
512 681 523 720 ;
555 681 609 710 ne
630 681 717 710 non
736 673 779 710 et
799 669 1038 710 cantharus
1061 672 1104 710 et
1125 668 1233 708 lanx

141 736 363 778 Ostendat
381 735 458 776 tibi
482 740 523 777 te
541 749 552 786 ;
582 748 636 776 ne
657 734 770 776 fidos
791 736 906 776 inter
926 736 1098 776 amicos

139 805 223 855 Sit,
244 805 322 859 qui
343 803 464 846 dicta
482 803 600 845 foras
620 804 847 855 eliminet3
880 809 927 845 ut
946 803 1074 845 coelat
1093 816 1173 856 par

1537 464 1593 504 20

1539 802 1598 842 25

139 942 286 975 dictatant
299 942 514 984 eloquentem?
535 953 623 984 quem
638 954 698 975 non
714 943 869 975 liberalem
892 944 940 974 nel
964 943 998 974 in
1023 946 1158 982 angusta
1180 942 1306 983 inopia?
1353 942 1446 973 Certe
1459 946 1552 981 aptus
1566 946 1598 973 et

138 994 197 1016 nan
211 995 388 1026 repugnans
399 997 456 1026 ega
472 987 534 1017 ista
540 987 654 1025 jubeor
668 996 789 1024 curare,
804 996 841 1016 ne
854 987 936 1017 toral
949 986 1156 1023 immundum,
1168 995 1207 1016 ne
1217 995 1327 1026 mappa
1342 985 1430 1016 illata
1445 995 1537 1016 nares
1542 984 1598 1022 fa-

140 1028 205 1059 ciac
215 1029 357 1059 contrahi
367 1038 379 1064 ,·
399 1032 435 1059 ut
451 1038 523 1059 vasa
538 1032 569 1059 et
584 1030 703 1067 patinoe
718 1032 748 1060 te
762 1029 823 1059 tibi
834 1031 1056 1067 repraesentent
1068 1038 1080 1064 ,·
1092 1038 1130 1058 ne
1144 1029 1227 1058 inter
1234 1028 1414 1065 familiares
1424 1027 1599 1066 reperiatur

142 1069 196 1109 qui
210 1071 296 1101 dicta
310 1073 451 1110 exportet
465 1074 580 1107 πίνω
603 1075 637 1102 nt
648 1080 741 1111 pares
761 1074 1001 1109 congregentur.
1046 1069 1149 1100 Porro
1166 1070 1311 1100 convivus
1333 1069 1391 1100 tibi
1413 1069 1490 1100 dabo
1512 1069 1597 1099 Bru-

751 1174 768 1186 O
771 1173 888 1186 &mu
891 1174 965 1186 “0ae
970 1174 987 1185 O

141 1251 241 1282 Ιιοιιιε
251 1250 375 1282 eximit.
401 1250 484 1282 Var.
496 1251 576 1282 leet.
591 1260 647 1291 apa
659 1251 762 1282 Feam
772 1260 809 1282 ac
818 1252 997 1282 docet.—2i
1016 1250 1098 1281 Haec
1113 1259 1230 1290 egoque
1244 1248 1476 1280 Schoenborn.
1491 1251 1523 1280 4.
1539 1249 1599 1279 sed

141 1301 226 1332 quea
234 1301 279 1324 m.
289 1302 356 1324 sec·
366 1293 519 1334 imperare
526 1293 754 1325 Schoenborn.
765 1296 884 1324 3.-22
900 1292 1032 1332 Invitus,
1040 1303 1095 1324 nec
1104 1296 1194 1332 turpe
1202 1293 1296 1332 toral,
1304 1302 1359 1322 nec
1370 1301 1441 1323 var.
1454 1292 1533 1322 ieet.
1545 1301 1599 1331 ap.

142 1335 260 1366 ream.
281 1345 342 1367 non
357 1339 448 1375 turpe
459 1335 694 1367 Schoenborn.
707 1338 826 1367 3.—23
841 1335 1077 1367 Schoenborn.
1090 1338 1119 1367 2.
1135 1337 1167 1366 4.
1181 1339 1216 1365 et
1227 1344 1300 1365 var.
1314 1335 1394 1365 lect.
1412 1343 1469 1373 ap.
1481 1334 1598 1372 Feam,

141 1385 196 1408 nec
209 1387 281 1410 nan.
325 1377 553 1410 Schoenborn.
566 1381 598 1410 2.
613 1380 692 1410 lans.
740 1378 809 1409 Hic
826 1387 874 1409 vs.
891 1381 943 1408 est
960 1387 980 1408 a
994 1387 1038 1408 m.
1054 1387 1123 1409 sec.
1149 1377 1182 1408 in
1205 1386 1312 1417 marg.
1338 1380 1472 1408 tantum
1496 1375 1600 1407 Scho-

141 1419 285 1451 enbom.
299 1422 420 1452 2.-24
444 1421 620 1452 Ostendant
635 1421 718 1451 Vat.
732 1423 763 1452 7.
803 1421 957 1452 Ostendat
973 1419 1210 1452 Schocnborn.
1222 1421 1254 1450 4.
1270 1428 1348 1450 cum
1364 1419 1466 1458 gloss.
1486 1418 1600 1448 osten-

140 1462 292 1493 den—25
315 1462 412 1494 Vati.
427 1462 526 1493 Rom.
544 1465 575 1494 1.
592 1462 730 1500 9.soris.
762 1462 840 1494 Vat.
858 1463 954 1493 Rom.
968 1465 999 1493 4.
1017 1472 1037 1493 a
1052 1471 1096 1493 m.
1115 1471 1167 1502 pr.
1183 1466 1219 1493 et
1234 1460 1391 1501 Angelic.
1410 1463 1439 1491 l.
1454 1470 1474 1491 a
1491 1469 1534 1490 m.
1548 1469 1599 1499 pr.

140 1503 382 1536 elimina-26
404 1505 541 1536 Butram
568 1505 704 1545 plurimi
721 1504 822 1536 codd.
838 1514 894 1545 ap.
910 1505 1024 1535 Feam.
1042 1505 1084 1535 al.
1103 1514 1159 1543 ap.
1177 1504 1288 1535 Pnim.
1301 1504 1458 1534 Turrem.
1482 1501 1599 1533 Remu.

143 1546 250 1578 Gesn.
275 1550 311 1578 et
334 1547 466 1579 Vaiart.
490 1548 746 1578 Commentator
763 1545 867 1588 Cruq.
892 1546 970 1579 edd.
997 1546 1141 1578 Mediol.
1164 1549 1258 1577 1476.
1285 1551 1321 1577 et
1347 1545 1489 1576 Venett.
1505 1546 1601 1575 1479.

143 1590 240 1620 1481.
264 1589 402 1620 reduxit
417 1589 450 1619 in
466 1594 598 1620 textum
614 1590 728 1620 Bentl.
743 1589 822 1620 inde
837 1589 931 1629 Traj.
946 1589 989 1619 ad
1013 1589 1120 1620 Rhen.
1139 1591 1234 1620 1713.
1256 1588 1360 1618 Baxt.
1376 1586 1523 1625 Cuning.
1540 1586 1599 1616 Sa-

143 1629 224 1662 nad.
241 1630 536 1668 Francis,Valart.
553 1632 657 1663 Gesn.
682 1632 821 1671 Bipont.
847 1631 995 1671 Dorigh.
1013 1630 1169 1662 Oberlin.
1192 1629 1311 1661 Comb.
1338 1628 1476 1670 Wakef.
1491 1629 1602 1659 Wetz.

144 1670 252 1710 Zenn.
267 1673 373 1705 Kidd.
390 1674 473 1711 Fen,
491 1674 615 1709 Bothe,
639 1673 766 1711 Jaeck,
781 1678 817 1704 et
836 1673 990 1713 Doering.
1025 1672 1124 1704 Alius
1140 1673 1246 1704 Butra
1262 1671 1412 1702 occurrit
1425 1680 1480 1710 ap.
1497 1669 1599 1701 Grut.

145 1713 307 1756 Inscript.
334 1725 368 1757 p.
384 1717 480 1748 1071.
496 1719 526 1748 l.
550 1716 702 1756 Butrum,
717 1716 860 1754 Bitram,
876 1716 1026 1756 Brutum,
1044 1715 1211 1754 Brutram,
1228 1714 1397 1745 variantes
1413 1723 1468 1754 ap.
1486 1712 1601 1743 Feam.

797 1813 943 1845 NOTAE

145 1884 234 1926 qnod
250 1884 337 1916 ebrii
358 1886 545 1926 plusculum
568 1892 647 1917 sunt
665 1887 844 1927 jactabun-

145 1935 192 1976 ai,
205 1944 311 1977 seque
334 1936 447 1967 omnia
471 1936 559 1968 scire
575 1936 781 1977 praedicant,
797 1937 845 1967 in-

144 1990 228 2026 epte
246 1985 396 2026 quidem.

189 2036 232 2064 2⁰
254 2032 413 2072 Soluntum]
434 2034 499 2064 Vel
516 2033 558 2065 ab
578 2035 669 2065 omni
695 2035 844 2066 solicitu-

146 2082 228 2114 dine
244 2082 457 2123 paupertatis
473 2083 628 2123 liberum,
653 2084 708 2115 vel
732 2084 846 2124 prodi-

149 2142 228 2173 gum
244 2133 278 2163 in
290 2132 364 2173 ipsa
379 2137 598 2174 paupertate.

192 2185 232 2214 21
253 2183 398 2223 Idoneus,
426 2187 457 2215 et
488 2192 550 2215 mm
587 2180 727 2223 Invitus]
764 2183 849 2215 Erat

148 2233 240 2264 enim
257 2233 422 2264 Horatius
439 2233 550 2274 agilis,
573 2233 698 2269 hilaris,
715 2242 847 2264 necnon

149 2281 328 2313 munditiei
345 2291 507 2323 perquam
522 2284 704 2315 studiosus.

191 2334 235 2363 22
265 2333 319 2364 Ne
349 2335 440 2374 turpe
470 2333 568 2374 toral]
606 2334 660 2365 Ne
691 2333 757 2365 tori
787 2342 848 2364 sen

150 2381 232 2413 lecti
258 2382 459 2414 tricliniares
489 2381 666 2414 offendant
688 2382 848 2414 convivas

151 2431 318 2464 mathan.
370 2431 450 2464 Vid.
486 2441 527 2465 11.
565 2433 679 2464 Satira
713 2435 747 2464 4.
783 2432 847 2463 sub

150 2479 266 2511 finem.

198 2531 250 2561 Ne
263 2531 387 2563 sordida
408 2534 531 2574 mappa]
555 2535 609 2567 Ne
636 2534 716 2565 dum
734 2543 849 2564 manus

155 2581 354 2621 abstergunt
381 2586 533 2616 convivae
558 2586 646 2616 inter
667 2585 850 2624 edendum,

155 2640 288 2671 mappae
304 2631 519 2663 immunditia
541 2633 714 2665 fastidium
737 2634 851 2674 pariat

157 2685 192 2710 et
209 2689 381 2720 nanseam,
395 2683 482 2722 quod
499 2683 634 2714 naribus
657 2685 848 2725 corrugatis

156 2729 376 2768 significatur.
421 2731 507 2763 Vide
523 2733 632 2764 locum
659 2744 736 2765 mox
752 2735 850 2766 citat.

158 2787 197 2810 ιι.
213 2779 287 2810 Sat.
302 2782 333 2811 4.

200 2836 241 2866 23
267 2832 445 2864 Cantharm
468 2836 498 2864 et
521 2833 597 2863 lanx
614 2834 765 2865 Ostendat
791 2835 850 2866 tibi

899 1886 946 1927 te]
975 1887 1068 1918 Vasa
1098 1890 1167 1918 tam
1198 1886 1266 1917 sint
1294 1884 1414 1922 nitida,
1439 1888 1476 1915 nt
1507 1884 1602 1925 quaei

899 1937 1074 1976 speculum
1087 1935 1268 1976 imaginem
1280 1939 1373 1967 tuam
1391 1934 1535 1966 reddant
1545 1944 1602 1965 ex-

898 1986 1116 2026 hibeantque.

943 2036 1137 2077 Canthus-us]
1159 2037 1228 2067 Vas
1255 2034 1421 2066 vinarium
1453 2035 1601 2075 speciem

899 2084 1054 2116 referens
1064 2085 1242 2121 scarabaei,
1254 2085 1309 2125 qui
1322 2083 1470 2124 κάνθαρος
1477 2084 1602 2116 Graece

899 2133 1045 2166 dicitur:
1085 2135 1143 2165 tali
1174 2134 1294 2175 poculo
1321 2144 1399 2164 usus
1435 2134 1603 2170 Bacchus,

900 2183 963 2224 ipsi
980 2184 1124 2224 proinde
1139 2192 1245 2214 sacro.
1271 2183 1431 2214 Meminit
1447 2183 1602 2215 Macrob.

901 2235 1098 2275 pariterque
1137 2233 1334 2265 Athenaeus.
1383 2233 1475 2264 Item
1513 2234 1603 2265 Piin.

901 2293 1036 2316 ΧΧΧιιι.
1054 2286 1106 2315 ll.
1150 2284 1159 2301 ‘
1177 2283 1216 2315 C.
1243 2282 1373 2314 Marius
1401 2287 1476 2323 post
1496 2283 1604 2314 victo-

901 2334 987 2365 riam
1024 2333 1231 2365 Cimbricam
1261 2333 1434 2364 cantharis
1465 2338 1603 2373 potasse

901 2383 1016 2415 Liberi
1033 2383 1140 2424 patris
1157 2383 1316 2423 exemplo
1333 2381 1503 2414 traditur.'
1538 2381 1602 2412 Ar-

901 2434 980 2466 nob.
995 2435 1057 2466 snb
1070 2433 1172 2466 finem
1186 2434 1246 2466 lib.
1264 2442 1314 2464 vr.
1358 2434 1368 2450 ‘
1391 2432 1482 2465 Quid
1499 2432 1530 2463 in
1549 2433 1603 2463 Li-

903 2484 975 2515 beri
999 2485 1142 2516 dextera
1166 2483 1320 2524 pendens
1347 2481 1500 2522 potorius
1524 2491 1604 2512 can-

902 2534 1060 2567 tharus?’
1084 2542 1240 2574 magnum
1265 2537 1488 2572 ansatnmque
1517 2531 1603 2561 indi-

901 2588 959 2615 cat
983 2583 1102 2623 Virgil.
1127 2583 1200 2614 Eci.
1222 2591 1272 2613 vr.
1298 2584 1350 2613 17.
1395 2582 1404 2598 ‘
1423 2582 1468 2612 Et
1493 2582 1602 2621 gravis

903 2634 1022 2665 attrita
1038 2633 1214 2673 pendebat
1229 2631 1412 2663 cantharus
1431 2630 1534 2662 ansa!

945 2687 985 2716 25
1011 2683 1076 2723 Sit,
1091 2683 1144 2723 qui
1158 2683 1242 2713 dicta
1258 2682 1350 2720 foras
1365 2681 1518 2721 eliminet]
1549 2682 1603 2711 Ne

903 2735 979 2775 quis
998 2737 1096 2764 extra
1118 2733 1218 2763 iimen
1237 2731 1353 2761 domus
1368 2729 1505 2770 efferat,
1519 2729 1602 2761 effu-

905 2784 982 2821 tiat,
1009 2783 1158 2822 mulget,
1189 2791 1264 2823 quae
1294 2781 1385 2811 inter
1417 2780 1603 2821 potandum

902 2833 997 2864 dicta
1019 2831 1328 2864 liberius-fuerint:
1353 2840 1396 2861 ex
1413 2830 1535 2872 quibus
1553 2836 1601 2861 te·
