1904 3256
643 307 832 339 EPoDnN
868 306 1030 339 LIBER.
1475 292 1560 333 719

221 403 362 446 Nulla
382 403 441 445 sit
458 402 542 444 hac
562 402 710 456 potior
730 402 969 452 sententia3
1000 400 1289 442 Phocaeorum

267 470 407 512 Velut
426 470 617 525 profugit
635 472 842 511 execrata
862 469 1039 519 civitas,

106 589 184 620 tales
197 598 362 621 oerumnus.
407 589 506 622 Nulla
519 589 663 621 rideatur
685 589 842 621 sententia
857 589 966 621 melior
981 597 1071 630 quam
1085 587 1151 618 hoec
1160 597 1171 618 .·
1190 588 1310 628 oportet
1324 585 1410 617 abire
1423 593 1562 626 quocum·

711 683 955 696 ‘W‘NOO

108 747 215 791 (quod
239 748 414 790 expediat,
427 749 492 780 hoe
509 751 574 787 est,
589 747 680 790 quod
697 749 821 790 prosit,
835 748 924 790 qnod
947 747 1031 779 utile
1055 752 1090 779 et
1107 746 1257 777 salutare
1281 744 1338 784 sit,
1361 744 1450 786 quod
1473 744 1562 776 bene

108 792 257 828 eveniat,
269 792 359 833 quod
377 791 464 823 bene
479 796 515 823 et
530 790 681 822 feliciter
698 796 823 832 vertat,
839 790 928 833 qnod
947 791 1070 821 bonum
1088 789 1169 820 felix
1186 788 1403 829 faustumque
1418 786 1493 828 sit),
1504 792 1565 818 ant

108 839 304 873 omnes‚aut
318 839 414 866 certe
429 833 540 875 major
551 843 643 874 pars,
658 834 812 874 quaeritis
829 834 924 865 malis
938 831 1109 864 laboribus
1125 841 1256 867 carere,
1270 831 1341 861 sive
1356 830 1398 862 de
1415 829 1565 861 remedio

108 876 263 908 civilibus
286 876 385 908 bellis
407 876 614 908 inveniendo
637 876 862 908 consultatis?
906 876 987 907 Noli
1004 875 1177 914 dubitare,
1192 874 1272 915 quin
1290 883 1402 904 veram
1422 872 1476 904 hic
1490 872 1567 903 Ho-

109 918 187 950 ratii
207 927 358 959 manum,
377 928 562 960 veramque
585 918 671 950 adeo
694 919 901 950 sententiam
926 918 1075 949 habeas:
1106 917 1156 948 ita
1177 917 1288 947 onmia
1311 916 1405 947 clara
1426 919 1505 946 sunt
1528 918 1565 946 et

108 961 307 1002 conspicua,
321 966 358 993 et
370 961 413 993 de
426 961 492 992 ritu
506 962 734 993 Romanorum
749 961 879 992 solenni
892 967 1012 992 sumta.
1051 960 1138 991 Nam
1154 958 1421 989 deliberationes
1437 963 1473 989 et
1486 966 1566 989 con-

109 1003 365 1044 sultationes,nt
377 1004 446 1044 hic,
459 1002 533 1035 fere
545 1013 681 1044 semper
693 1004 793 1034 simili
811 1004 1007 1044 precatione
1023 1001 1192 1042 auspicari
1209 1011 1282 1032 mos
1299 1005 1385 1032 erat.
1407 999 1522 1032 Livius
1539 1008 1565 1031 1.

108 1047 164 1078 28.
181 1054 238 1078 111.
253 1048 310 1078 26.
325 1051 362 1078 et
375 1048 429 1078 34.
461 1047 549 1077 Cato
565 1046 666 1077 deR.
685 1046 726 1078 R.
742 1056 772 1078 c.
791 1046 875 1079 1423
898 1046 1009 1077 Bentt.
1046 1045 1146 1076 Hanc
1164 1050 1276 1074 tamen
1293 1043 1565 1074 emendationem

109 1088 142 1119 in
159 1093 294 1120 textum
308 1098 375 1120 non
390 1089 523 1130 recepit
534 1088 734 1128 Bentleius3
751 1092 960 1130 receperunt
976 1097 1056 1119 vero
1074 1086 1198 1118 Sanad.
1209 1087 1404 1126 Towers,et
1416 1084 1566 1116 Francis.

109 1131 120 1148 ⁸
137 1128 256 1163 Ausim
272 1131 443 1172 vulgatam
460 1131 636 1162 lectionem
653 1130 805 1173 adeoque
822 1131 933 1171 ipsum
947 1129 1094 1162 Poetam
1112 1128 1309 1160 defendere.
1354 1129 1458 1160 Forte
1476 1136 1568 1160 com·

109 1172 258 1205 muniter
278 1173 446 1215 qnaeritis,
466 1173 547 1214 quid
572 1172 654 1204 utile
678 1173 744 1204 sit:
767 1173 846 1214 quid
870 1172 1090 1205 faciendum?
1111 1171 1201 1203 forte
1224 1172 1346 1203 melior
1361 1175 1456 1203 certe
1486 1179 1567 1211 pars

111 1214 208 1255 cupit
229 1224 271 1246 ea
291 1215 392 1254 mala,
412 1214 536 1256 quibus
559 1224 648 1245 nunc
673 1215 865 1255 respublica
887 1220 1006 1246 nostra
1028 1214 1207 1256 premitur,
1232 1214 1382 1245 aboleri:
1424 1213 1498 1244 vult
1526 1211 1568 1243 iis

109 1256 259 1296 liberari,
280 1257 371 1288 mulis
390 1267 495 1288 carere
518 1256 672 1288 laboribus
694 1257 830 1299 quaerit.
888 1259 967 1289 Nou
993 1257 1105 1295 video,
1128 1257 1295 1299 quomodo
1319 1260 1389 1287 tam
1414 1255 1569 1296 ineptam

110 1298 323 1339 ταυτολογίαν
337 1299 392 1331 ltic
409 1298 519 1331 Poeta
540 1299 747 1331 commisisse
770 1300 839 1331 dici
862 1300 981 1340 possit,
1004 1306 1041 1331 ut
1064 1300 1142 1330 ideo
1165 1299 1288 1340 corrigi
1311 1298 1405 1330 locus
1429 1298 1567 1328 debeat.

111 1340 266 1383 Utraque
282 1341 418 1384 quidem
434 1342 607 1373 sententia
623 1341 743 1373 eadem
758 1347 832 1373 est:
850 1342 908 1373 sed
926 1347 980 1373 est
997 1347 1109 1373 tamen
1123 1341 1267 1372 diversis
1284 1341 1346 1371 sub
1362 1339 1568 1380 imaginibus

110 1385 298 1424 propo-ita.
342 1383 467 1424 Neque
491 1389 544 1414 est
568 1393 607 1414 ea
629 1383 715 1414 ratio
735 1384 793 1414 τοῦ
807 1384 1010 1414 communiter
1025 1387 1061 1414 et
1076 1383 1133 1413 τοῦ
1146 1383 1253 1414 »nelior
1272 1392 1360 1422 pars,
1374 1387 1413 1413 ut
1429 1381 1475 1412 ibi
1492 1382 1568 1422 plus

110 1425 175 1457 dici
192 1425 328 1466 debeat,
345 1434 448 1466 quam
463 1425 539 1456 hic:
564 1425 625 1455 sed
642 1434 760 1455 sensus
774 1429 849 1455 est:
875 1425 978 1455 Forte
996 1434 1112 1455 omnes
1129 1424 1301 1464 quaeritis:
1325 1425 1387 1454 nisi
1405 1433 1486 1454 vero
1502 1433 1570 1454 om-

110 1475 172 1498 nes
187 1467 236 1499 ita
251 1466 414 1507 sentiant,
427 1471 522 1497 certe
539 1467 612 1497 liaec
629 1470 731 1497 erunt
746 1470 826 1497 vota
842 1466 989 1497 melioris
1007 1466 1114 1506 partis
1131 1466 1258 1506 populi.
1305 1465 1569 1503 Lambini‚'1'or-

110 1508 222 1548 rentii,
238 1508 402 1547 Daeierii,
425 1508 570 1540 Gesneri
587 1508 888 1548 interpretationes
917 1514 1112 1548 repugnant
1133 1507 1279 1539 sermoni
1297 1507 1443 1539 Latino:
1464 1507 1568 1548 longe

110 1550 201 1583 aliud
215 1554 286 1582 est:
311 1550 455 1591 expedire
468 1551 612 1589 salutem,
628 1559 742 1592 quam,
757 1548 902 1591 expedire
917 1560 1022 1582 curere
1037 1550 1202 1582 laboribus.
1248 1551 1294 1582 Et
1309 1550 1336 1581 si
1353 1551 1404 1582 vel
1421 1550 1568 1581 maxime

109 1592 226 1626 Graeei
249 1593 297 1624 ita
319 1593 428 1624 locuti
450 1592 528 1629 sint,
553 1593 656 1624 credo
681 1598 792 1624 tamen
817 1593 926 1633 probe
951 1593 1136 1624 tenendum
1161 1602 1251 1630 esse,
1272 1592 1361 1634 quod
1386 1592 1567 1623 Bentleius

109 1645 144 1678 p.
159 1637 236 1667 3³7.
258 1635 362 1667 dicit:
393 1636 403 1654 ‘
426 1636 502 1666 Non
526 1635 647 1676 opinor
672 1640 740 1666 tam
771 1635 994 1676 quaerendum
1017 1640 1084 1674 est,
1109 1635 1188 1675 quid
1213 1635 1329 1666 Graeci
1353 1634 1471 1666 dicere
1495 1635 1568 1666 arisi

107 1677 188 1717 sint,
216 1687 319 1720 quam
342 1677 422 1718 qnid
448 1678 678 1708 Romanorum
702 1686 800 1708 aures
824 1678 1014 1708 severiores
1039 1677 1188 1717 propitie
1212 1677 1368 1716 accipere
1393 1675 1569 1716 possint.''

109 1720 306 1752 Klotz—16
321 1721 331 1738 ⁴
346 1720 431 1752 Post
446 1720 601 1751 laboribus
617 1720 755 1760 reponis
773 1724 886 1750 notam
903 1719 1151 1758 interrogandi,
1166 1725 1200 1748 et
1216 1719 1265 1748 ita
1283 1717 1443 1749 Rodelius
1460 1720 1492 1749 in
1510 1718 1568 1749 ln-

109 1762 266 1804 terpret.’
289 1763 427 1802 cunning.
471 1762 527 1794 Ita
544 1771 677 1804 quoque
693 1762 807 1794 Bentl.
822 1762 947 1794 Sanad.
965 1766 1000 1793 et
1015 1761 1207 1793 Kidd.—1⁷
1234 1760 1398 1792 Nonnulli
1413 1760 1515 1793 codd.
1531 1765 1568 1792 et

780 1865 922 1898 NOTAE

152 1943 193 1973 1⁷
224 1940 323 1972 Nulla
346 1940 390 1972 sit
422 1940 480 1972 hac
506 1925 608 1981 potior
636 1940 807 1981 sententia]

111 1990 343 2023 Excandescit
357 1991 508 2032 Scaliger
524 1991 566 2022 ad
581 1991 669 2022 bunc
683 1990 809 2031 locum,

864 1949 954 1981 pago
979 1940 1063 1981 Cyri
1080 1940 1181 1980 Regis
1198 1938 1374 1971 Praefecto
1389 1937 1569 1969 obsidione

864 1990 985 2032 pressi,
1010 2000 1076 2022 non
1104 1991 1204 2021 aliam
1234 1990 1397 2020 invenere
1417 1987 1506 2019 viam
1532 1993 1568 2019 et

111 2040 344 2081 exclamatque
357 2050 368 2070 ι
391 2044 402 2059 ‘
415 2040 500 2073 Quis
517 2041 691 2082 paululum
709 2040 809 2072 modo

112 2089 243 2129 pudens
265 2090 353 2121 ausit
373 2089 502 2121 hortari
525 2095 680 2122 trecenta
704 2090 810 2122 millia

112 2138 236 2170 civium
257 2139 483 2170 Romanorum
508 2139 550 2170 ad
574 2139 690 2170 urbem
713 2139 811 2171 dese·

112 2187 252 2220 rendam
263 2188 277 2219 ?
286 2187 297 2202 ’
341 2188 418 2220 ohe
433 2189 485 2220 vir
495 2189 691 2229 salsissime,
706 2189 716 2206 ‘
730 2189 810 2221 Pic-

112 2237 243 2270 tor-ibus
258 2241 362 2280 atque
376 2238 494 2270 Poetis
503 2239 670 2280 quidlibet
685 2240 811 2271 auden-

112 2286 148 2318 di
161 2297 299 2329 semper
313 2286 378 2320 fuit
394 2298 494 2330 aequa
506 2289 685 2329 potestas!
700 2290 811 2322 Porro

113 2336 192 2379 qnid
209 2337 390 2369 absurdum
406 2338 498 2370 cives
518 2339 686 2371 Romanos
701 2340 736 2371 in
753 2350 811 2372 eas

112 2387 237 2419 insulas
266 2386 308 2418 ab
334 2387 481 2419 Horatio
504 2389 629 2425 vocari,
657 2389 700 2420 ad
727 2400 811 2431 quas

114 2438 310 2481 concupivit
322 2438 507 2480 divertere
522 2439 634 2472 Julius
649 2440 720 2480 ipse
737 2441 813 2473 Cae-

114 2497 170 2520 aar
201 2498 316 2521 earum
351 2490 550 2522 amenitate
587 2490 744 2522 illectus:
777 2491 812 2522 in

115 2546 198 2579 quas
212 2539 423 2580 demigrandi
449 2541 553 2572 etiam
575 2539 640 2572 fuit
658 2541 811 2573 Sertorio

116 2587 295 2620 mimum
323 2588 543 2621 desiderium.
584 2590 696 2622 Testis
728 2591 810 2622 Plu-

118 2637 254 2669 taretin·
269 2639 305 2670 in
319 2639 461 2672 Sertorii
483 2640 564 2677 vita,
587 2640 646 2671 ubi
661 2645 697 2672 et
713 2650 811 2681 egre-

118 2686 172 2727 gie
186 2685 348 2719 describit
362 2698 476 2721 earum
492 2691 677 2722 insularum
703 2689 810 2722 felici-

119 2739 237 2768 tatem.
279 2735 368 2768 vide
380 2737 478 2770 infra.

161 2787 364 2818 Phocaeorum
390 2788 479 2820 Velut
501 2792 643 2831 profugit
665 2795 812 2824 execrata

117 2836 246 2878 ciuitas]
267 2836 404 2869 Phocael
415 2837 521 2872 Ionias
534 2842 650 2882 populi
666 2841 708 2874 ab
722 2842 809 2874 Har-

863 2041 1028 2073 rationem
1045 2041 1195 2072 vitandae
1211 2040 1356 2072 hostium
1368 2039 1510 2070 saevitiae
1527 2048 1568 2070 ac

862 2091 1049 2130 servitutis,
1076 2100 1177 2131 quam
1204 2095 1242 2121 ut
1266 2088 1433 2120 cederent
1449 2086 1571 2119 fortio·

863 2139 968 2181 ribus,
983 2140 1191 2181 desertaque
1215 2139 1298 2170 urbe
1321 2148 1394 2174 sua,
1419 2138 1502 2169 alias
1517 2147 1569 2168 se-

863 2188 923 2220 des
937 2194 1143 2231 quaererent.
1165 2189 1254 2221 Haec
1269 2194 1384 2220 narrat
1397 2188 1568 2220 Herodot.

864 2248 890 2271 1.
918 2243 973 2272 42.
1017 2240 1104 2272 Inde
1137 2240 1269 2271 venisse
1299 2241 1333 2271 in
1361 2239 1508 2271 Galliam
1533 2244 1568 2271 et

863 2290 1052 2322 Massiliam
1079 2289 1197 2321 urbem
1233 2289 1428 2321 condidisse
1463 2290 1570 2320 aiunt.

865 2339 955 2370 Vide
970 2339 1085 2372 strab.
1100 2339 1158 2371 lib.
1175 2348 1226 2371 ιν.
1243 2339 1372 2372 Justin.
1390 2339 1449 2370 lib.
1462 2347 1568 2370 xmn.

909 2394 950 2423 18
974 2392 1136 2423 Execratu
1150 2391 1279 2432 citieus]
1319 2391 1567 2422 Execrationes

865 2445 946 2472 ante
974 2441 1159 2473 discessum
1188 2442 1335 2482 jaculati
1364 2440 1502 2472 Phocaei
1532 2440 1566 2470 in

867 2491 1039 2532 regionem
1050 2501 1151 2533 quam
1165 2491 1387 2522 deserebant.
1429 2489 1494 2519 Vel
1508 2498 1568 2529 po-

868 2542 948 2581 tius,
986 2546 1023 2572 ut
1058 2540 1165 2572 refert
1199 2539 1370 2571 Herodot.
1398 2547 1476 2569 mox
1506 2539 1569 2570 cit.

865 2590 1033 2622 communi
1048 2590 1191 2621 consilio
1206 2589 1331 2619 mutuis
1343 2587 1568 2620 execrationi-

866 2639 928 2671 bus
957 2639 1110 2680 dirisque
1140 2637 1381 2669 devotionibus
1411 2647 1486 2669 sese
1515 2647 1567 2669 as-

866 2689 1034 2729 tringunt,
1051 2688 1212 2728 jurantes
1234 2696 1404 2729 nunquam
1427 2688 1508 2719 alios
1524 2688 1566 2719 ab

865 2740 939 2772 aliis
967 2739 1190 2776 discessuros,
1215 2742 1273 2771 aut
1302 2737 1447 2780 patriam
1475 2738 1567 2770 Pho-

866 2798 972 2823 caeam
990 2788 1211 2830 repetituros.
