1890 3256
577 311 927 346 neis'roLARuM
962 315 1059 346 ms.
1090 316 1122 346 1.
1156 304 1222 347 11.
1506 307 1619 349 1137

169 403 395 446 Cunctane
414 416 507 458 prae
528 404 699 458 Campo
722 409 768 447 et
787 406 994 448 Tiberino
1013 407 1191 451 flumine
1211 409 1415 459 sordent?

169 470 242 511 An
264 473 383 513 venit
402 472 447 512 in
468 476 620 513 votum
639 471 852 515 Attalicis
874 486 930 515 ex
953 476 1136 516 urbibus
1154 477 1271 518 una?
1592 477 1620 517 5

170 538 242 579 Αῐι
264 538 488 580 Lebedum
506 538 677 588 laudas,
700 540 809 582 odio
829 542 964 583 maris
986 546 1118 596 atque
1139 544 1310 584 viarum
1324 545 1343 584 ‘l

169 604 283 655 Scis,
305 605 508 646 Lebedus
528 605 633 658 quid
655 606 714 646 sit
731 620 743 657 3
776 606 935 649 Gabiis
954 608 1162 651 desertior
1182 615 1316 664 atque

169 669 356 712 Fidenis
376 671 530 722 vicus3
561 675 707 713 tamen
728 673 820 714 illic
842 674 988 716 vivere
1006 676 1182 727 vellem,

169 735 434 792 oblitusque
453 751 659 788 meorum,
679 740 1006 782 obliviscendus
1026 746 1070 783 et
1087 743 1197 793 illis,

170 805 426 859 Neptunum
446 805 603 859 procul
618 818 643 847 e
662 810 777 847 terra
798 811 998 860 spectare
1016 808 1243 851 furentem.
1564 812 1622 854 10

167 922 452 996 Ἅςῖἰυεμιιιέηίηιω
463 923 586 995 ,sarnai⁹
609 923 662 954 An
675 923 783 972 omnia·
792 924 941 996 vid-{ntur
954 926 1125 996 spelrjnenda
1145 934 1212 965 prae
1225 925 1347 957 Martio
1361 935 1464 974 eampo
1480 927 1620 975 effluvio

165 967 560 1047 mss‘stque'zsssst'ssztx
574 966 1530 1052 ‘staats’“28:3³3„fffffflssa‘uffz‘zssffss‘xmffzmffi
1546 979 1621 1051 {3522

164 1057 273 1089 nempe
289 1049 403 1080 Gabiis
417 1051 447 1079 et
462 1049 609 1080 Fidenis.-
626 1052 764 1080 attamen
783 1059 841 1088 ego
861 1051 982 1081 mallem
1004 1050 1049 1081 ibi
1069 1052 1193 1091 degere,
1207 1055 1299 1091 atque
1313 1053 1471 1084 immemor·
1493 1055 1621 1093 propin-

165 1099 308 1133 quorum,
331 1091 429 1131 iisque
450 1094 635 1131 contemtus,
659 1101 676 1122 e
698 1095 784 1122 terra
807 1101 892 1122 mare
906 1092 1059 1123 tumidum
1078 1093 1196 1125 eminus
1215 1095 1427 1135 contemplari.
1472 1095 1618 1127 ΗοιιΑΤ.

775 1174 1017 1188 000000000000

163 1227 261 1254 raum
284 1221 396 1249 utrum
412 1227 492 1249 vero
509 1217 652 1257 rectius,
667 1217 724 1259 qui
740 1219 814 1249 vult
837 1218 1058 1259 dijudicabit:
1083 1227 1159 1251 mea
1174 1228 1293 1260 parum
1316 1219 1472 1252 interest.
1518 1221 1619 1253 Cunc-

165 1263 238 1291 tane
254 1261 356 1291 etiam
375 1262 488 1300 posuit
504 1260 681 1292 Bentleius
698 1270 760 1300 pro
777 1261 968 1301 Cunctaque,
991 1261 1056 1292 etsi
1081 1261 1160 1292 nihil
1185 1262 1292 1302 opus?
1314 1263 1416 1294 Baxt.
1459 1262 1619 1296 minorane

166 1303 270 1334 etiam
288 1303 399 1334 Bond.
414 1302 588 1334 Schrevel.
609 1302 726 1334 Lamb.
744 1302 872 1342 Delph.
898 1303 1014 1334 Bentl.
1039 1303 1201 1336 Dunster.
1217 1304 1340 1336 Sanad.
1357 1305 1502 1346 Cuning.
1516 1305 1620 1336 Fran·

165 1344 365 1384 cis,Wakef.
379 1345 484 1377 Kidd.
500 1346 582 1380 Fea,
599 1349 635 1376 et
646 1344 771 1376 Bothe.
809 1345 968 1376 Cunctane
984 1345 1083 1376 Harl.
1100 1348 1132 1377 2.
1148 1349 1180 1378 3.
1195 1349 1228 1377 4.
1243 1349 1277 1378 6.
1292 1349 1324 1378 7.
1336 1347 1380 1377 al.
1396 1346 1474 1378 edd.
1487 1347 1620 1388 primae,

166 1386 249 1418 item
264 1387 379 1419 Lamb.
396 1387 507 1420 Bond.
522 1387 695 1418 Schrevel.
712 1387 841 1428 Delph.
857 1387 972 1419 Bentl.
991 1387 1152 1419 Dunster.
1166 1388 1290 1420 Sanad.
1306 1388 1450 1430 Cuning.
1467 1389 1620 1429 Francis,

165 1429 302 1461 Wakef.
318 1429 424 1461 Kidd.
441 1430 523 1467 Fea,
538 1429 662 1464 Bothe,
678 1429 701 1462 J
705 1430 802 1469 aeck,
816 1434 852 1460 et
868 1429 1019 1469 Doering.
1035 1431 1139 1462 sordet
1150 1430 1382 1463 Schoenboru.
1394 1434 1427 1463 8.
1441 1440 1509 1471 proe
1523 1441 1620 1472 caupo

165 1471 248 1503 Vat.
263 1474 295 1503 4.
322 1481 341 1502 a
357 1481 402 1502 m.
428 1474 546 1511 [ηπ-»6
568 1471 623 1502 An
646 1471 794 1502 Lebadon
812 1471 1046 1503 Schoenborn.
1061 1474 1158 1504 3.—7
1181 1473 1322 1503 Lebndus
1336 1483 1427 1513 quam
1447 1474 1490 1504 sit
1512 1473 1619 1505 Aldus

167 1515 264 1546 1501.
281 1516 375 1545 1509.
402 1515 497 1545 1519.
519 1514 629 1546 Junta
653 1516 747 1544 1503.
771 1513 854 1544 edit.
879 1514 967 1544 Ven.
990 1517 1083 1545 1509.
1119 1514 1239 1546 Basiu.
1269 1517 1364 1546 1527.
1396 1517 1491 1547 1531.
1525 1518 1620 1547 1580.

166 1554 261 1588 Frib.
278 1557 373 1588 1586.
396 1556 502 1587 Dion.
517 1555 560 1587 ab
574 1555 699 1587 Harsio
715 1555 827 1596 Lugd.
844 1557 940 1587 1538.
964 1556 1056 1587 Mur.
1069 1556 1186 1588 Lemb.
1199 1556 1306 1589 Chab.
1320 1556 1493 1588 D.1-1eins.
1508 1557 1619 1589 Bond.

165 1597 358 1639 Deum—8
381 1597 511 1630 Fidenis
523 1598 602 1640 ficis
628 1598 859 1629 Schoenborn.
875 1600 907 1629 4.
933 1598 971 1629 F.
995 1598 1074 1629 vicis
1098 1599 1179 1630 Vat.
1197 1601 1250 1629 19.
1275 1599 1356 1630 Vat.
1375 1600 1470 1630 Rom.
1486 1603 1518 1630 6.
1542 1609 1619 1630 cum

165 1639 244 1672 edd.
270 1641 386 1672 Zarot.
414 1641 554 1672 Venett.
584 1642 680 1672 1477.
706 1642 800 1672 1478.
827 1642 923 1671 1483.
951 1642 1045 1671 1486.
1067 1642 1163 1673 1490.
1188 1643 1282 1672 1495.
1305 1643 1399 1672 1552.
1417 1645 1453 1672 et
1468 1642 1620 1674 Florent-

167 1683 264 1715 1482.
285 1683 388 1714 vivere
402 1683 524 1714 nmllem
539 1682 622 1714 Vat.
639 1685 669 1713 1.
684 1691 704 1713 a
718 1691 763 1712 m.
779 1691 850 1712 sec.
870 1681 968 1713 Harl.
984 1684 1016 1713 2.
1033 1686 1068 1712 et
1084 1682 1317 1714 Schoenborn.
1332 1686 1364 1714 2.
1381 1686 1499 1714 3.-10
1522 1684 1619 1716 Vatt.

167 1726 198 1754 1.
212 1726 245 1755 4.
262 1726 314 1756 12.
335 1727 385 1756 19.
419 1725 519 1756 Vatt.
546 1725 643 1755 Rom.
670 1727 701 1755 5.
726 1727 758 1755 6.
794 1724 874 1755 Vat.
899 1723 1012 1754 Palat.
1036 1726 1068 1754 3.
1105 1723 1262 1764 Angelic.
1278 1728 1310 1756 2.
1344 1725 1523 1756 Barberin.
1541 1729 1571 1756 1.
1585 1729 1618 1757 2.

165 1765 322 1798 Vallicel.
337 1769 368 1798 3.
391 1765 618 1798 Schoenborn.
634 1769 666 1798 2.
680 1770 715 1798 et
727 1775 811 1798 uuus
825 1775 880 1807 ap.
894 1766 1006 1799 Pulm.
1027 1768 1177 1798 exterra.
1211 1765 1368 1808 Angelic.
1386 1770 1415 1798 1.
1433 1770 1464 1800 3.
1488 1778 1507 1799 α
1522 1771 1619 1800 terra.

818 1842 963 1875 NOTAE

167 1905 227 1937 bes
243 1905 318 1937 istae
334 1906 526 1946 superiores
540 1916 582 1937 an
598 1906 779 1938 inferiores
795 1907 864 1937 lau-

166 1955 279 1994 dibus,
294 1965 376 1997 quas
390 1956 457 1988 illis
471 1955 561 1988 fama
577 1956 695 1987 tribuit
709 1957 721 1987 ἓ

208 2006 230 2035 4
255 2005 387 2045 Campo]
421 2004 656 2036 Amoenissimo
676 2005 735 2037 illo
752 2005 794 2036 ad
809 2005 865 2036 Ti—

166 2053 290 2095 berim,
305 2053 607 2086 exercitationibus
627 2055 724 2085 Rom.
743 2055 865 2094 juven-

167 2104 253 2135 tutis
289 2103 526 2135 celeberrimo.
571 2103 761 2143 Metonym.
803 2113 866 2144 pro

169 2153 255 2185 urbe
272 2154 393 2186 Roma.
409 2162 435 2184 1.
451 2153 521 2186 Od.
538 2156 569 2185 8.

215 2202 360 2235 Tiberino
385 2203 537 2245 flumine]
579 2202 702 2234 Albula
738 2202 866 2243 pridem

168 2253 282 2285 dictus
306 2253 334 2284 is
358 2252 480 2285 fluvius
503 2253 645 2284 Romam
669 2252 868 2288 interluens,

167 2303 328 2336 Tiberino
341 2303 439 2335 Albae
457 2312 536 2344 rege
546 2311 729 2334 summerso
746 2311 866 2333 novam

169 2358 222 2385 est
237 2353 501 2395 appellationem
527 2352 678 2384 sortitus.
702 2361 728 2383 1.
753 2352 820 2384 Od.
835 2355 869 2384 2.

169 2403 272 2436 Ovid.
290 2404 382 2435 Fast.
399 2412 440 2435 n.
464 2403 474 2420 ‘
488 2402 624 2443 Albula,
648 2412 748 2443 quem
761 2403 866 2435 Tibe·

168 2453 231 2485 rim
247 2463 377 2485 mersus
387 2452 568 2485 Tiberinus
580 2452 614 2483 in
627 2452 726 2483 undis
740 2452 866 2484 Reddi·

172 2501 248 2533 dit:

212 2547 232 2575 5
247 2543 396 2575 Attalicis
408 2554 448 2575 ex
461 2544 586 2575 urbibus
599 2542 676 2583 una]
700 2543 865 2576 Quaedam

171 2603 214 2626 ex
235 2593 377 2625 urbibus
392 2593 564 2635 Asiaticis,
578 2603 661 2635 quas
680 2595 790 2626 tenuit
806 2603 866 2626 rex

171 2643 323 2675 Attalus.
337 2652 363 2675 1.
376 2642 446 2675 Od.
462 2645 492 2674 1.
509 2652 550 2675 11.
567 2644 636 2676 Od.
651 2646 704 2677 18.

214 2695 236 2724 6
259 2694 311 2724 An
335 2692 490 2724 Lebedum
517 2693 638 2734 laudas,
666 2695 735 2726 odio
759 2696 869 2735 maris,

170 2742 238 2783 ξω]
255 2742 399 2774 Adeone
415 2742 584 2784 pertaedet
597 2745 818 2785 navigationis
833 2749 869 2776 et

172 2792 471 2834 peregrinationis,
488 2797 527 2824 ut
541 2793 575 2824 in
592 2795 710 2835 quovis
728 2795 868 2836 ignobili

172 2846 207 2874 et
230 2842 369 2874 deserto
391 2842 469 2874 vico
497 2843 593 2875 malis
619 2843 802 2877 subsistere
827 2855 868 2877 ac

256 2896 372 2938 Delph.
388 2900 419 2929 el
431 2897 506 2930 Vur.
521 2897 607 2931 Clas.

824 2899 942 2931 Horat.

919 1905 1085 1945 residere,
1100 1915 1199 1947 quam
1216 1914 1309 1937 mare
1325 1909 1384 1937 aut
1401 1905 1543 1948 quodvis
1555 1905 1620 1938 iter

919 1955 1064 1994 amplius
1082 1955 1166 1986 inire
1180 1955 1193 1984 ?

962 2003 1134 2042 Lebedum]
1152 2004 1328 2044 Oppidum
1350 2003 1444 2035 Asiae
1465 2004 1621 2044 Minoris,

918 2053 961 2084 ad
984 2062 1078 2084 oram
1101 2053 1191 2084 sinus
1207 2053 1339 2084 Ionici:
1364 2053 1422 2084 ubi
1438 2055 1620 2094 quotannis

918 2102 1052 2134 Scenici
1078 2102 1151 2138 ludi
1173 2102 1438 2134 celebrabantur
1462 2102 1498 2133 in
1519 2103 1622 2135 hono-

921 2161 993 2183 rem
1010 2151 1136 2183 Liberi.
1167 2151 1304 2183 Strabo.
1331 2151 1409 2182 Non
1425 2151 1548 2183 desunt
1562 2153 1620 2194 qui

919 2201 1032 2232 vicum
1057 2209 1133 2232 esse
1158 2201 1192 2231 in
1219 2200 1321 2232 Italia
1346 2200 1550 2233 maritimum
1571 2202 1621 2234 di-

921 2255 1013 2282 cant.

964 2302 983 2330 7
1004 2299 1086 2335 Scis,
1104 2299 1255 2339 Lebedus,
1269 2299 1338 2340 ilfa]
1361 2301 1552 2341 Responsio
1566 2305 1621 2335 est

919 2349 1060 2381 Bullatii
1076 2350 1188 2381 odium
1205 2359 1301 2381 suum
1318 2351 1418 2381 maris
1433 2355 1468 2382 et
1490 2352 1620 2384 viarum

920 2399 1095 2431 exhibens.
1123 2399 1209 2431 Haec
1226 2404 1338 2431 tamen
1354 2405 1537 2442 ceteraque
1550 2411 1620 2433 om-

920 2448 976 2481 nia
991 2450 1057 2491 ipsi
1073 2450 1219 2482 Horatio
1235 2449 1337 2481 tribui
1353 2453 1506 2490 possunt.

965 2499 1091 2539 Gabiis,
1119 2498 1264 2538 Fidenis]
1294 2499 1370 2530 Duo
1395 2499 1469 2531 haec
1492 2500 1621 2541 oppida

921 2548 1009 2580 Latii
1026 2550 1060 2579 in
1074 2548 1210 2580 Sabinis
1226 2548 1347 2588 posita.

965 2601 1004 2629 10
1018 2598 1200 2638 Neptunum
1215 2599 1332 2638 procul,
1343 2597 1411 2638 δῖα]
1427 2598 1536 2629 Deum
1549 2609 1619 2631 ma-

922 2648 979 2687 ris,
999 2647 1131 2679 Meton.
1159 2656 1220 2687 pro
1245 2646 1321 2687 ipso
1344 2647 1441 2678 mari.
1480 2649 1620 2681 Lucret.

921 2697 982 2729 lib.
998 2706 1040 2728 11.
1063 2696 1073 2713 ‘
1088 2697 1211 2733 Sume,
1227 2697 1311 2728 mari
1325 2707 1446 2737 magno
1462 2699 1620 2731 motanti-

922 2748 984 2779 bus
1008 2757 1147 2788 aequora
1171 2748 1295 2786 ventis,
1311 2748 1340 2779 E
1356 2751 1446 2780 terra
1461 2758 1619 2790 magnum

924 2798 1061 2830 alterius
1077 2802 1233 2838 spectare
1249 2797 1426 2831 laborem!

1464 2901 1535 2932 40
