1904 3256
333 273 417 315 686
800 291 844 326 Q.
873 289 1079 318 noum-11
1115 287 1284 317 FLAcm

556 377 646 419 Sed
664 381 725 427 ut,
741 378 972 418 secundum
993 381 1096 418 vota
1117 376 1383 428 Parthorum,
1402 391 1482 420 sua

611 444 725 483 Urbs
747 443 842 484 haec
861 443 1017 495 periret
1037 443 1226 484 dextera.

556 509 712 560 Neque
731 508 800 547 hic
819 507 937 560 lupis
957 521 1066 565 mos,
1086 521 1164 549 uec
1183 509 1261 550 fuit
1278 510 1495 561 leonibus,

608 572 844 625 Nunquam
862 574 946 614 nisi
965 574 1010 614 in
1030 573 1175 627 dispar
1193 574 1311 616 feris.

1690 447 1744 487 10

330 702 385 732 per
398 693 478 723 viam
491 701 607 722 sacram
630 690 729 721 vincti
750 690 961 722 traherentur:
982 693 1036 723 sed
1049 696 1084 723 ut
1097 692 1195 730 Juxta
1210 694 1396 725 Parthorum
1416 698 1520 735 optata
1542 697 1748 726 destrueretur

332 734 397 764 hoec
412 734 521 764 civitas
538 743 594 772 per
606 732 686 763 vires
704 733 856 773 proprias.
898 733 996 772 Atqui
1010 743 1063 764 nec
1075 735 1154 775 lupis
1173 735 1237 766 haec
1255 738 1436 767 consuetudo
1457 746 1510 767 nec
1532 737 1665 768 leonibus
1689 746 1746 767 un-

333 785 421 814 quam
435 776 503 813 suit
517 774 622 805 soevire
636 774 697 804 nisi
710 777 816 805 contra
830 774 978 806 dissimile
990 776 1116 806 animal.
1158 777 1210 808 Aa
1231 786 1312 809 σασα
1333 777 1434 809 rabies
1457 778 1525 817 agit
1549 788 1612 818 vos,
1633 788 1673 810 an
1699 778 1748 808 vie

921 857 1035 870 ‘0600‘
1039 858 1093 870 006
1097 858 1155 871 000

333 922 417 950 -12
444 920 582 959 Unquam
595 919 658 950 nisi
676 919 709 950 in
736 920 832 952 Harl.
850 924 880 952 l.
896 924 928 952 2.
942 924 973 953 3.
985 925 1015 953 4.
1034 925 1065 953 6.
1088 923 1235 955 Bentleii
1260 924 1370 956 Grani.
1396 925 1550 956 Petrens.
1571 929 1606 956 et
1628 925 1750 965 Regin.

333 970 447 992 omnes
461 961 623 1000 Lambini,
639 961 790 1002 Cruquii,
806 967 843 993 et
856 963 1041 1002 'roi-rentii,
1055 970 1092 995 ut
1108 965 1252 1003 videtur,
1264 966 1402 996 Locher.
1418 966 1532 998 Lamb.
1549 966 1653 1008 Cruq.
1666 967 1750 998 Tor·

334 1006 422 1034 rent.
439 1003 593 1038 Rutgers.
611 1002 727 1033 Heius·
742 1003 860 1044 Steph.
876 1005 984 1035 Bond.
997 1005 1167 1038 Schrevei.
1182 1007 1306 1046 Delpli.
1323 1007 1422 1038 Baxt.
1437 1007 1490 1038 ed.
1513 1017 1563 1047 pr.
1583 1008 1627 1039 al.
1659 1009 1751 1039 Nun-

332 1053 422 1083 quam
437 1044 498 1074 nisi
512 1045 544 1074 in
560 1044 707 1075 Florent.
722 1045 801 1076 Vet.
814 1046 932 1077 Comb.
947 1047 1089 1078 Venett.
1105 1050 1198 1078 14⁷⁷.
1215 1050 1309 1079 1478.
1324 1051 1419 1079 14⁷9.
1436 1051 1529 1080 1486.
1546 1051 1639 1080 149⁰.
1657 1051 1749 1081 1492.

335 1088 431 1116 1544.
455 1085 582 1116 Fabric.
610 1088 704 1116 1555.
726 1086 842 1118 Bentl.
866 1087 986 1118 Sanad.
1007 1089 1155 1127 Towers,
1175 1089 1326 1126 Francis,
1351 1090 1451 1121 Baxt.
1478 1090 1532 1121 ed.
1558 1099 1626 1122 sec.
1648 1091 1752 1122 Gesu.

333 1126 439 1157 Zeun·
453 1126 590 1167 Bipont.
603 1127 744 1158 Wetzel.
760 1128 900 1159 Mitsch.
916 1128 1047 1159 Wakef.
1063 1130 1176 1160 Comb.
1192 1135 1228 1160 et
1240 1130 1343 1160 Kidd.
1364 1131 1398 1161 in
1412 1131 1586 1170 disparibus
1590 1132 1675 1170 seris
1687 1133 1746 1162 Pe-

335 1172 439 1198 trens.
453 1172 488 1198 et
503 1168 624 1198 Venet.
641 1170 734 1199 1490.
760 1169 901 1210 Unquam
915 1171 976 1200 nisi
987 1170 1106 1210 dispari
1119 1171 1232 1208 infera
1247 1172 1334 1211 conj.
1350 1172 1427 1203 Nic.
1441 1172 1612 1204 Heinsius.
1641 1173 1702 1204 nisi
1715 1173 1750 1204 in

332 1209 439 1246 dispar
453 1208 535 1246 feris
558 1210 702 1240 Bentleii
729 1210 844 1242 Graev.
867 1216 903 1242 et
927 1212 1044 1251 Regin.
1068 1212 1164 1242 Harl.
1183 1215 1211 1242 1.
1226 1215 1257 1243 2.
1272 1214 1304 1243 3.
1322 1214 1353 1242 4.
1373 1215 1405 1243 6.
1428 1223 1540 1244 omnes
1555 1213 1694 1254 Cruquii
1718 1219 1754 1245 et

332 1250 485 1280 Torrent.
501 1251 544 1281 al.
555 1260 630 1281 cum
645 1251 784 1284 Locher.
799 1253 877 1284 Vet.
890 1253 1007 1284 Comb.
1023 1257 1059 1284 et
1074 1253 1150 1283 edd.
1162 1258 1305 1285 recentt.
1325 1254 1388 1284 nisi
1398 1254 1504 1294 dispar
1517 1255 1646 1292 inferas
1657 1255 1752 1286 Leid.

333 1291 494 1322 Bentleii.
537 1292 546 1309 ‘
560 1292 736 1324 Posterior
752 1294 902 1324 Lambini
918 1295 1034 1333 editio,
1055 1295 1161 1334 dispar
1182 1304 1298 1333 genus3
1321 1300 1356 1326 at
1371 1296 1463 1336 prior
1483 1301 1520 1327 et
1540 1295 1617 1327 libri
1639 1305 1753 1328 manu·

334 1333 452 1372 scripti
468 1342 593 1370 omnes,
609 1333 694 1371 feris
716 1344 780 1364 uon
803 1344 899 1372 genus
923 1336 1062 1374 legunt3
1085 1345 1148 1366 nec
1176 1336 1326 1373 dubium,
1341 1338 1420 1377 quin
1436 1337 1478 1367 ad
1501 1347 1591 1368 oram
1613 1337 1755 1378 alicujus

334 1373 414 1403 libri
427 1374 608 1412 ascriptum
623 1373 660 1403 τὸ
673 1384 782 1414 genus,
798 1385 858 1414 pro
874 1376 1101 1406 declaratione
1117 1377 1270 1406 vocabuli
1283 1378 1398 1416 dispar,
1414 1378 1557 1408 scribam
1571 1377 1754 1418 deceperit.

332 1413 423 1444 Illud
439 1423 518 1444 vero
535 1414 737 1453 pudendum,
754 1416 842 1454 quod
859 1420 1015 1456 tanquam
1031 1426 1100 1447 rem
1117 1426 1267 1456 magnam
1283 1418 1378 1448 addit
1390 1419 1504 1450 Lanib.
1520 1419 1677 1450 Gulielmi
1689 1418 1755 1450 Pea

334 1455 440 1485 liserii
453 1455 569 1486 codice
585 1455 746 1495 scriptum
763 1455 879 1493 fuisse,
897 1457 1046 1497 Umquam
1058 1459 1091 1488 m'
1106 1459 1139 1488 in
1153 1458 1289 1497 dispares
1300 1458 1403 1495 seras,
1419 1460 1472 1490 cui
1489 1460 1641 1496 lectioni,
1656 1460 1683 1491 si
1697 1470 1753 1492 an·

336 1497 431 1536 tiqua
447 1497 504 1534 sit,
529 1496 631 1535 nulla,
652 1497 774 1537 inquit,
801 1499 1046 1537 anteponenda.
1089 1500 1191 1532 Quasi
1210 1508 1286 1530 vero
1308 1500 1416 1531 Iambi
1443 1501 1587 1532 Bimetri
1609 1502 1756 1534 secunda

333 1537 415 1568 sede
428 1537 630 1577 Spondaeum
645 1539 847 1570 admittant!
864 1540 1001 1571 Torreat.
1034 1550 1131 1579 genus
1146 1545 1199 1571 est
1214 1541 1247 1571 in
1259 1541 1333 1572 cod.
1348 1541 1475 1572 Graevii
1491 1552 1510 1573 a
1524 1552 1568 1574 m.
1584 1552 1652 1574 sec.
1666 1545 1676 1561 ‘
1690 1543 1756 1574 Mi-

334 1588 390 1609 ror
406 1579 561 1619 equidem
578 1582 628 1609 tot
643 1581 728 1610 viros
745 1581 909 1619 eruditos,
920 1586 956 1611 et
971 1582 1159 1620 praesertim
1178 1582 1404 1613 acutissimum
1422 1583 1691 1623 Heinsinm,·non
1709 1585 1756 1614 vi-

335 1620 423 1652 disse
439 1621 615 1651 veritatem
628 1620 712 1651 adeo
728 1622 759 1650 iu
777 1627 896 1661 aperto
911 1627 947 1652 et
963 1622 1052 1652 nudo
1068 1623 1223 1661 positam.
1267 1624 1403 1663 Quippe
1421 1624 1491 1654 sine
1507 1624 1608 1656 dubio
1622 1626 1756 1664 scripsit

335 1659 464 1691 Noster
478 1671 485 1690 :
512 1661 618 1699 Neque
633 1661 682 1691 hie
696 1663 775 1701 lupis
789 1672 865 1701 mas,
879 1672 933 1693 nec
940 1662 1008 1700 suit
1021 1663 1174 1700 leonibus‚·
1198 1664 1374 1704 Nunquam,
1395 1665 1457 1696 nisi
1479 1665 1513 1696 in
1531 1666 1649 1705 dispar,
1662 1666 1756 1704 seris.

338 1701 420 1739 Cur,
435 1702 556 1742 inquit,
570 1711 589 1731 ο
606 1701 759 1741 Romani,
773 1712 838 1733 uon
854 1703 1013 1735 adversus
1030 1705 1153 1735 Poenos
1168 1709 1226 1736 anit
1242 1706 1432 1746 Britannos,
1449 1707 1508 1737 sed
1535 1708 1617 1738 civis
1641 1712 1760 1739 contra

336 1744 443 1774 civem
460 1753 551 1774 arma
566 1743 705 1784 geritis?
727 1754 764 1775 ne
777 1744 859 1785 lupis
873 1745 993 1785 quidem
1007 1749 1037 1777 et
1051 1746 1184 1777 leonibus
1198 1747 1248 1777 hic
1262 1756 1324 1778 mos
1338 1751 1397 1787 est,
1412 1748 1465 1788 qui
1484 1758 1637 1788 nunquam
1643 1748 1711 1787 seri
1726 1752 1756 1780 et

974 1808 1116 1839 NOTAE

335 1867 411 1898 init.
435 1867 576 1898 Caesaris
599 1867 783 1899 Comment.
808 1868 866 1900 lib.
884 1877 919 1899 v.
940 1868 1022 1899 item

336 1924 392 1946 ιιι.
403 1915 471 1946 od.
487 1918 518 1946 5.
536 1915 618 1946 Not.
633 1919 668 1945 et
684 1924 732 1946 iv.
748 1915 816 1947 od.
830 1919 884 1948 14.

380 1963 602 2002 Descenderet]
623 1963 771 1994 Declivis
786 1973 906 2004 nempe
919 1963 960 1994 ad
973 1963 1023 1995 fo-

338 2022 411 2044 rum
427 2021 529 2053 usque
544 2012 728 2042 Romanum
744 2017 816 2044 erat
838 2013 892 2043 via
907 2022 1022 2051 sacra;

339 2061 382 2092 de
411 2070 476 2102 qua
503 2061 612 2100 Epod.
642 2070 692 2092 ιν.
716 2070 765 2092 vs.
791 2064 824 2092 7.
849 2067 884 2092 at
910 2071 930 2091 a
949 2060 1022 2092 foro

339 2110 438 2141 Rom.
453 2109 495 2140 ad
512 2109 714 2150 Capitolium
731 2115 849 2150 postea
864 2109 1022 2141 ascende-

339 2159 449 2190 batur.

381 2211 403 2239 9
425 2207 488 2239 Sed
503 2211 549 2248 ut,
563 2209 724 2239 secundum
739 2211 808 2239 vota
827 2208 1023 2247 Parthorum,

339 2255 409 2296 θα]
432 2256 508 2288 Hoc
537 2257 667 2288 scilicet
687 2257 855 2288 habebant
883 2257 916 2288 in
939 2257 1022 2288 votis

340 2305 453 2336 hostes
477 2306 713 2345 Romanorum,
738 2311 776 2336 ut
799 2305 887 2346 quod
910 2306 1023 2346 Impe-

340 2354 426 2384 rium
461 2354 575 2384 alienis
603 2363 670 2385 non
696 2358 844 2394 poterat,
880 2354 1024 2394 propriis

341 2401 468 2432 viribus
493 2402 656 2434 interiret.
699 2402 807 2443 Epod.
845 2410 920 2433 xvi.
952 2403 1025 2434 init.

340 2449 438 2480 ‘Suis
475 2453 510 2480 et
538 2450 612 2490 ipsa
642 2451 748 2483 Roma
784 2450 909 2490 viribus
945 2451 1025 2490 ruit,

343 2499 452 2531 Quam
478 2508 588 2540 neque
613 2499 744 2531 finitimi
763 2500 939 2531 valuerunt
953 2509 1026 2540 per-

343 2549 423 2580 dere
447 2548 577 2590 Marsi,’
601 2550 666 2580 &c.
689 2548 730 2580 de
756 2548 891 2580 Parthis
914 2549 1027 2580 Romae

345 2607 479 2637 semper
509 2597 655 2638 infestis,
679 2607 705 2628 1.
741 2597 810 2629 Od.
836 2599 888 2629 12.
917 2602 952 2629 et
976 2600 1026 2629 19.

345 2654 403 2677 ιιι.
421 2646 487 2677 Od.
502 2650 533 2678 5.

389 2698 425 2727 11
451 2696 559 2736 Neque
573 2696 622 2727 hic
636 2697 715 2736 lupis
736 2706 812 2736 mos,
832 2695 899 2736 ssa]
930 2696 1024 2727 Ferae

343 2752 410 2775 non
441 2745 584 2776 saeviunt
604 2745 641 2786 in
669 2745 719 2777 sui
749 2745 893 2784 similes;
923 2754 1024 2786 quare

1076 1879 1156 1909 ergo
1171 1871 1267 1901 homo
1282 1874 1335 1902 est
1353 1871 1475 1902 homini
1492 1871 1614 1912 lupus?
1640 1876 1677 1903 ut
1701 1871 1757 1903 lia-

1076 1919 1133 1950 bet
1149 1919 1314 1960 adagium.
1332 1951 1340 1960 ‚
1359 1921 1448 1952 Plin.
1464 1921 1611 1952 Prooem.
1623 1921 1679 1952 lib.
1693 1931 1756 1953 vu.

1076 1967 1085 1984 ⁴
1106 1967 1229 1998 Cetera
1264 1968 1444 1999 animantia
1471 1969 1504 1999 in
1538 1978 1596 2000 suo
1633 1979 1756 2009 genere

1077 2015 1180 2056 probe
1205 2015 1343 2055 degunt.
1386 2017 1593 2057 Congregari
1609 2017 1758 2049 videmus

1077 2068 1111 2095 et
1133 2068 1223 2095 stare
1246 2068 1364 2095 contra
1384 2065 1566 2096 dissimilia.
1610 2067 1758 2098 Leonum

1076 2111 1192 2143 feritas
1220 2113 1309 2143 inter
1336 2123 1374 2144 se
1401 2123 1466 2144 non
1489 2113 1638 2146 dimicat.
1682 2115 1758 2146 Ser·

1077 2166 1215 2202 pentum
1238 2171 1365 2193 morsus
1386 2172 1451 2193 non
1470 2163 1555 2202 petit
1569 2168 1758 2203 serpentes,

1077 2210 1151 2241 Nec
1167 2209 1267 2240 maris
1284 2210 1416 2250 quidem
1433 2210 1554 2242 belluae
1578 2211 1643 2242 nisi
1662 2211 1694 2241 in
1710 2211 1760 2242 di-

1078 2267 1175 2289 versa
1201 2266 1324 2298 genera.
1350 2258 1504 2289 saevinnt.
1549 2257 1596 2289 At
1624 2258 1757 2289 hercule

1077 2307 1198 2339 homini
1212 2307 1353 2348 plui-ima
1364 2315 1405 2337 ex
1418 2307 1549 2338 homine
1560 2310 1638 2337 sunt
1649 2308 1761 2338 mala.'

1076 2357 1195 2388 Senec.
1208 2355 1314 2396 Epist.
1328 2363 1398 2386 mv.
1421 2360 1429 2373 ‘
1441 2356 1496 2386 Ab
1510 2355 1640 2386 homine
1654 2357 1759 2387 homi-

1077 2405 1112 2436 ni
1137 2404 1365 2444 quotidianum
1389 2404 1584 2443 periculum.
1628 2404 1759 2436 Adver-

1078 2462 1133 2483 sus
1148 2453 1208 2483 hoc
1223 2457 1258 2483 te
1274 2452 1419 2492 expedi,’
1443 2455 1505 2483 διο.
1548 2454 1593 2484 Et
1614 2453 1658 2484 de
1683 2455 1758 2486 Cle-

1079 2505 1181 2533 ment.
1196 2509 1220 2532 1.
1236 2504 1283 2532 16.
1308 2500 1428 2540 ‘Apud
1455 2501 1603 2532 homines
1629 2506 1756 2533 tantum

1081 2559 1143 2580 nec
1155 2559 1175 2580 a
1186 2549 1383 2580 necessariis
1399 2548 1532 2589 quidem
1549 2549 1657 2580 rabies
1679 2554 1760 2581 tern-

1079 2602 1178 2639 perat
1202 2597 1285 2630 sibi:
1324 2597 1467 2628 Sanctus
1489 2597 1696 2636 Augustinus
1718 2599 1760 2630 de

1079 2647 1151 2678 Civ.
1173 2646 1238 2678 Dei
1264 2645 1321 2677 lib.
1343 2655 1404 2678 xv,
1426 2647 1435 2663 ‘
1452 2643 1570 2687 Neque
1589 2646 1678 2677 enim
1700 2656 1758 2677 un-

1078 2705 1175 2736 quam
1204 2695 1291 2726 inter
1321 2704 1355 2725 se
1380 2695 1505 2735 leones,
1528 2699 1587 2726 aut
1610 2695 1699 2727 inter
1719 2704 1755 2725 se

1077 2743 1252 2783 draconeS,
1283 2743 1394 2784 qualia
1424 2744 1512 2775 inter
1539 2753 1575 2775 se
1610 2744 1756 2776 homines
