1956 3236
670 270 948 302 sermonum
981 272 1080 303 ΜΒ.
1113 273 1144 304 1.
1172 262 1214 302 4.
1575 264 1659 306 827

218 348 462 420 Ex'cerpam
484 378 692 407 numero:
722 379 865 419 neque
884 367 997 407 enim
1017 367 1276 408 concludere
1295 378 1470 408 versum
1604 369 1659 408 40

219 432 404 474 Dixeris
425 446 523 474 esse
543 433 675 484 satis3
706 446 865 486 neque,
886 434 925 474 si
945 434 1045 487 quis
1067 434 1247 483 scribat,
1266 433 1332 475 uti
1349 445 1450 482 nos,

217 498 416 540 Sermoni
438 499 658 552 propiora,
676 504 807 552 putes
827 500 943 540 hunc
965 513 1063 540 esse
1085 499 1286 541 Poetam.

216 564 448 617 Ingenium
469 565 543 605 cui
561 564 631 613 sit,
652 565 726 605 cui
745 577 870 606 mens
891 566 1095 615 divinior,
1115 570 1246 619 atque
1266 579 1318 606 os

218 629 384 683 Magna
403 634 665 680 sonaturum‚
688 630 766 672 des
785 633 974 673 nominis
994 631 1125 684 hujus
1145 631 1371 673 honorem.

218 696 392 739 Idcirco
413 697 607 750 quidam,
630 697 876 748 Comoedia,
896 711 1034 740 necne
1056 698 1226 739 Poiima
1602 701 1660 741 45

216 762 359 812 Esset,
378 763 623 817 quaesivere
640 776 651 814 ;
682 764 799 816 qnod
819 777 923 804 acer
939 765 1119 817 spiritus
1141 777 1195 806 ac
1216 765 1285 806 vis

216 828 316 870 Nec
335 829 480 871 verbis
499 842 579 872 nec
599 831 730 871 rebus
749 831 862 871 inest
878 843 890 882 ;
919 830 1004 871 nisi
1024 831 1138 884 quod
1157 831 1269 884 pede
1290 836 1407 874 certo

216 893 375 937 Differt
395 897 599 947 sermoni,
623 909 763 938 sermo
783 910 939 938 merus.
997 896 1033 947 ἹῘ
1054 897 1116 939 At
1135 902 1260 951 pater
1281 899 1442 941 ardens

216 1009 339 1044 dixeris
353 1013 432 1045 satis
449 1023 516 1046 esse
527 1024 650 1047 versum
654 1016 773 1057 finire.-
794 1019 826 1047 et
837 1015 866 1046 si
875 1016 1039 1057 quispiam.
1053 1017 1137 1048 velut
1151 1027 1220 1057 ego,
1233 1017 1349 1048 scribat
1359 1018 1475 1049 similia
1482 1017 1661 1059 quotidiano

217 1054 363 1093 annoni,
379 1054 459 1087 hunc
470 1057 594 1097 politam
614 1067 678 1090 esse
700 1067 892 1098 nequaquam
913 1059 1060 1091 censebis.
1108 1059 1222 1092 Verum
1235 1059 1286 1092 cui
1297 1060 1403 1098 sumt
1424 1060 1596 1100 ingenium,
1610 1059 1661 1091 cni

218 1097 462 1144 mnndioiniom
477 1102 508 1131 et
515 1099 672 1137 facundia
686 1110 736 1132 res
754 1101 890 1138 grandes
905 1102 1072 1141 elocutum,
1085 1102 1156 1133 huic
1171 1102 1274 1134 tribue
1295 1102 1448 1142 insignem
1462 1103 1542 1134 lianc
1557 1102 1661 1143 appel-

218 1135 375 1185 latgonem.
423 1140 505 1172 Eam
519 1141 556 1171 ob
571 1151 637 1172 rem
649 1142 786 1174 nonnulli
799 1143 982 1174 dubitarunt
994 1147 1100 1175 utrum
1119 1145 1265 1176 comoedia
1279 1148 1357 1176 esset
1378 1145 1496 1185 po'e'mo,
1523 1155 1563 1176 an
1577 1153 1637 1175 non
1647 1154 1660 1180 ‚-

218 1186 293 1217 qum
314 1180 474 1213 vehemens
487 1183 617 1223 spiritus
631 1184 790 1224 virtusque
810 1194 865 1215 nec
882 1185 1012 1217 dictioni
1025 1195 1080 1217 nec
1094 1187 1183 1218 rebus
1198 1187 1276 1218 inest
1293 1197 1304 1218 .·
1331 1190 1509 1228 tantumque
1523 1185 1661 1228 affluitis

219 1222 354 1253 numeris
367 1224 470 1256 oratio
490 1234 572 1265 pura
597 1226 804 1266 distinguitur
817 1226 856 1258 ab
870 1227 1011 1260 oratione
1024 1229 1137 1261 soluta.
1181 1229 1277 1261 Dices
1288 1239 1299 1261 .·
1321 1229 1419 1270 Atqui
1426 1230 1558 1268 serven-3
1569 1231 1662 1270 pater

821 1310 917 1322 ‘0000
921 1311 1035 1324 ’ΜΟ
1039 1312 1056 1324 O

217 1359 258 1389 41
281 1358 396 1390 Benu.
413 1368 456 1390 ex
483 1361 585 1392 codd.
610 1362 707 1393 Leid.
727 1367 762 1393 et
784 1364 929 1404 Franeq.
951 1369 986 1395 et
1002 1364 1082 1395 edd.
1103 1364 1303 1404 quibusdam
1329 1367 1412 1394 vett.
1429 1363 1538 1394 edidit
1553 1363 1662 1403 siqui,

216 1407 360 1441 eumque
377 1402 488 1432 secuti
506 1401 683 1434 Heindorf
694 1409 729 1435 et
743 1404 848 1437 Kidd.
875 1405 925 1436 ita
945 1406 1050 1437 etiam
1077 1406 1173 1437 Harl.
1189 1407 1308 1437 3.-48
1332 1405 1475 1444 Cuning.
1489 1409 1525 1436 et
1545 1404 1659 1436 Bentl.

863 1486 1009 1519 NOTAE

253 1547 296 1577 4⁰
326 1546 436 1589 Neque
460 1547 542 1580 enim
570 1549 748 1580 concludere
775 1558 910 1590 versum,

211 1594 282 1636 δῖα]
305 1595 377 1628 Cic.
401 1596 443 1627 de
467 1597 566 1629 Orat.
582 1607 638 1628 nt.
652 1598 783 1638 scribit,
800 1600 809 1616 ‘
825 1599 909 1630 faci-

211 1644 278 1675 lem
308 1654 383 1676 ense
408 1646 574 1677 rationem
595 1647 648 1677 vel
673 1647 746 1678 sine
776 1647 907 1678 ratione

211 1693 319 1734 ipsam
343 1694 624 1726 exercitationem
650 1696 827 1727 verborum
852 1697 909 1728 eli·

211 1743 412 1783 gondorum‚
428 1747 464 1775 et
478 1745 765 1784 collocandorum,
777 1751 813 1776 et
829 1755 909 1778 con-

211 1794 474 1834 cludendorum3
498 1804 608 1827 rerum
636 1801 748 1827 autem
775 1797 908 1837 copiam

211 1851 278 1875 non
306 1842 468 1876 facilem?
524 1844 603 1876 Huc
633 1845 756 1877 referri
794 1851 908 1887 potest

213 1893 301 1934 qnod
322 1893 412 1926 idem
434 1894 525 1926 Tun.
549 1896 609 1934 uit,
626 1896 682 1927 vix
699 1905 766 1928 uno
783 1897 908 1929 saecuto

213 1943 356 1976 Potitum
373 1945 528 1977 eximium
545 1947 699 1987 reperiri.

255 1997 299 2027 42
318 1997 458 2028 Sermoni
471 1997 632 2038 propiora]
656 1999 766 2039 Epist.
780 1998 821 2030 ad
839 1998 911 2030 Au·

216 2048 373 2084 gustum:
397 2046 597 2078 ‘Sermones
620 2056 680 2087 per
703 2047 838 2078 humum
857 2057 908 2078 re-

216 2094 359 2135 pentes!

257 2146 299 2176 43
322 2145 489 2184 Ingenium
516 2146 565 2176 cni
589 2146 644 2184 sit,
667 2145 736 2186 εμπ]
767 2146 910 2186 Egregia

214 2193 398 2234 descriptio
425 2195 626 2226 excellentis
650 2195 770 2226 Poetae
795 2196 910 2236 longe-

215 2252 283 2284 que
309 2243 456 2285 disparis
478 2244 668 2285 loquacium
691 2250 726 2276 et
749 2244 910 2285 sutilium,

215 2301 299 2334 quos
318 2293 430 2334 lepide
454 2293 698 2335 Aristophanes
721 2301 820 2326 vocat
844 2297 909 2326 ἐπι-

215 2342 382 2384 φυλλίδας,
407 2348 442 2375 et
467 2343 688 2383 στωμύλματα.
726 2345 910 2386 Eleganter

214 2392 422 2425 Petronius:
460 2394 614 2426 ‘Multos
643 2404 779 2426 carmen
811 2395 910 2426 dece-

217 2442 288 2483 pitz
311 2452 387 2474 unm
403 2447 440 2474 ut
456 2443 597 2485 quisque
614 2453 746 2475 versum
766 2444 910 2484 pedibus

216 2492 390 2534 imtrnxit,
402 2502 599 2534 sensumque
618 2495 820 2525 teneriorem
838 2503 912 2526 ver-

218 2536 337 2572 borum
353 2541 479 2573 ambitu
493 2543 652 2583 intexuit,
669 2548 766 2584 putat
783 2553 817 2575 se
833 2553 912 2575 con-

221 2588 317 2621 tinuo
331 2590 365 2622 in
382 2591 579 2623 Heliconem
600 2595 734 2624 venisse
749 2615 757 2624 .
772 2616 780 2624 .
797 2616 805 2624 .
819 2598 911 2624 cete-

221 2645 297 2668 rum
318 2646 426 2680 neque
448 2642 641 2680 generosior
663 2643 803 2681 spiritus
819 2643 912 2674 vani-

225 2691 332 2717 tatem
359 2693 463 2728 amat,
497 2698 609 2733 neque
641 2693 823 2735 concipere
854 2696 914 2723 aut

222 2736 337 2767 edere<
354 2740 487 2776 parturn
511 2747 605 2771 mens
627 2746 752 2782 potest,
777 2743 842 2773 nisi
865 2742 913 2773 in-

225 2785 320 2827 genti
355 2784 491 2818 flumine
526 2788 699 2822 literarum
738 2791 916 2824 inundata.

962 1548 1202 1591 Effugiendum
1227 1555 1277 1582 est
1299 1550 1341 1582 ab
1359 1551 1447 1582 omni
1464 1551 1660 1591 verborum,

962 1605 1000 1630 ut
1021 1601 1070 1631 ita
1094 1601 1219 1640 dicam,
1234 1601 1390 1631 vilitate:
1416 1601 1659 1642 sumendaeque

962 1659 1062 1681 voces
1077 1660 1096 1681 a
1110 1651 1209 1691 plebe
1226 1656 1415 1688 summotae,
1429 1654 1464 1680 ut
1475 1650 1547 1687 fiat,
1563 1652 1573 1668 ‘
1589 1650 1659 1681 Odi

963 1699 1138 1741 profanum
1152 1700 1271 1739 vulgus
1281 1704 1317 1737 ⁴et
1333 1699 1456 1731 arceo.’
1480 1700 1660 1732 Praeterea

962 1749 1148 1782 curandum
1162 1755 1227 1788 est,
1239 1759 1279 1779 ne
1294 1749 1474 1780 sententiae
1487 1749 1659 1781 emineant

963 1804 1060 1831 extra
1084 1809 1206 1839 corpus
1230 1799 1370 1830 rationis
1395 1808 1579 1838 expressae,
1598 1799 1658 1830 sed

963 1849 1092 1880 intecto
1107 1848 1261 1880 vestibus
1276 1849 1390 1879 colore
1406 1849 1548 1879 niteant.
1587 1849 1659 1880 Ho-

961 1907 1074 1929 merus
1091 1898 1201 1937 testis‚
1217 1902 1252 1929 et
1276 1895 1402 1939 Eyrici,
1419 1898 1658 1939 Romanusque

962 1947 1140 1988 Virgilius,
1164 1952 1200 1978 et
1230 1947 1365 1978 Horatii
1392 1947 1526 1978 curiosa
1553 1946 1659 1978 felici-

963 1996 1043 2032 tas,¹
1058 1999 1124 2028 &c-
1155 1997 1313 2030 Juvenal.
1332 1996 1402 2029 Sat.
1413 2006 1480 2028 vn.
1495 2000 1548 2028 53.
1565 1999 1575 2015 ⁶
1594 1998 1658 2027 Va-

964 2051 1032 2078 tem
1056 2047 1246 2088 egregium,
1275 2047 1328 2078 cui
1353 2057 1418 2078 non
1450 2048 1493 2078 sit
1522 2048 1659 2088 publica

963 2096 1072 2136 vena,’
1087 2099 1151 2129 &m
1592 2136 1594 2138 q

1005 2148 1046 2177 45
1073 2146 1243 2184 Comoedia,
1266 2155 1360 2177 necne
1375 2146 1509 2186 poema]
1532 2146 1605 2178 Cic.
1624 2147 1657 2177 in

966 2194 1065 2226 Orat.
1093 2194 1188 2226 Pers.
1215 2197 1224 2214 ‘
1240 2195 1288 2227 At
1312 2196 1515 2227 comicorum
1536 2196 1659 2227 senarii

965 2250 1108 2286 propter
1137 2245 1389 2277 similitudinem
1419 2246 1585 2277 sermonis
1611 2246 1659 2276 sic

962 2303 1055 2334 saepe
1081 2301 1159 2326 sunt
1188 2295 1329 2336 abjecti,
1358 2300 1396 2327 ut
1420 2305 1658 2337 nonnunquam

963 2343 1021 2374 vix
1036 2344 1070 2374 in
1086 2345 1134 2375 liis
1150 2353 1308 2376 numerus
1331 2350 1367 2376 et
1383 2354 1497 2376 versus
1514 2345 1660 2384 intelligi

965 2393 1094 2434 possit:
1132 2394 1186 2426 Id.
1208 2394 1290 2426 ibid.
1315 2395 1461 2434 ‘Itaque
1482 2395 1589 2424 visum
1607 2399 1659 2423 est

966 2443 1133 2474 nonnullis
1166 2444 1319 2475 Platonis
1351 2453 1390 2475 ac
1421 2442 1659 2473 Demosthenis

964 2493 1179 2530 locutionem,
1203 2494 1266 2524 etsi
1293 2494 1391 2524 abest
1422 2501 1441 2521 a
1468 2500 1581 2529 versu,
1609 2495 1660 2522 ta-

964 2552 1041 2574 men
1061 2543 1149 2583 quod
1175 2543 1348 2574 incitatius
1373 2540 1516 2579 feratur,
1534 2544 1570 2571 et
1591 2540 1660 2572 cla·

965 2592 1105 2623 rissimis
1131 2592 1307 2621 verborum
1328 2589 1508 2620 luminibus
1532 2593 1660 2629 utatur,

966 2641 1078 2681 potins
1089 2639 1213 2671 Poema
1230 2639 1427 2680 putandum,
1439 2648 1537 2679 quam
1549 2638 1660 2670 Comi-

966 2699 1079 2722 corum
1098 2688 1290 2728 Poetarum,
1301 2687 1391 2729 apud
1408 2697 1492 2728 quos
1507 2687 1589 2718 nihil
1605 2693 1661 2718 est

968 2740 1066 2772 alind-
1089 2738 1274 2781 quotidiani
1300 2738 1460 2770 dissimile
1483 2737 1661 2775 sermonis,

969 2791 1034 2822 nisi
1051 2789 1140 2831 quod
1158 2788 1315 2820 versiculi
1329 2789 1430 2819 aunt:
