<?xml version="1.0" encoding="UTF-8"?>
<!DOCTYPE html PUBLIC "-//W3C//DTD XHTML 1.0 Transitional//EN"
    "http://www.w3.org/TR/xhtml1/DTD/xhtml1-transitional.dtd">
<html xmlns="http://www.w3.org/1999/xhtml" xml:lang="en" lang="en">
 <head>
  <title>
</title>
<meta http-equiv="Content-Type" content="text/html;charset=utf-8" />
  <meta name='ocr-system' content='tesseract 3.04.00' />
  <meta name='ocr-capabilities' content='ocr_page ocr_carea ocr_par ocr_line ocrx_word'/>
</head>
<body>
  <div class='ocr_page' id='page_1' title='image "./operazeune02horauoft_0407.png"; bbox 0 0 1930 3242; ppageno 0'>
   <div class='ocr_carea' id='block_1_1' title="bbox 570 254 1132 297">
    <p class='ocr_par' dir='ltr' id='par_1_1' title="bbox 570 254 1132 297">
     <span class='ocr_line' id='line_1_1' title="bbox 570 254 1132 297; baseline -0.004 0"><span class='ocrx_word' id='word_1_1' title='bbox 570 264 847 297; x_wconf 72' lang='lat' dir='ltr'><strong>snnmoumu</strong></span> <span class='ocrx_word' id='word_1_2' title='bbox 881 264 979 295; x_wconf 78' lang='lat' dir='ltr'><strong>mn.</strong></span> <span class='ocrx_word' id='word_1_3' title='bbox 1009 263 1061 295; x_wconf 84' lang='lat'><strong>11.</strong></span> <span class='ocrx_word' id='word_1_4' title='bbox 1090 254 1132 296; x_wconf 78' lang='lat'><strong>2.</strong></span> 
     </span>
    </p>
   </div>
   <div class='ocr_carea' id='block_1_2' title="bbox 139 359 1336 421">
    <p class='ocr_par' dir='ltr' id='par_1_2' title="bbox 139 359 1336 421">
     <span class='ocr_line' id='line_1_2' title="bbox 139 359 1336 421; baseline -0.005 -15"><span class='ocrx_word' id='word_1_5' title='bbox 139 363 184 406; x_wconf 92' lang='lat' dir='ltr'>N</span> <span class='ocrx_word' id='word_1_6' title='bbox 188 376 239 405; x_wconf 88' lang='lat' dir='ltr'><strong>ec</strong></span> <span class='ocrx_word' id='word_1_7' title='bbox 260 375 342 412; x_wconf 87' lang='lat' dir='ltr'><strong>me,</strong></span> <span class='ocrx_word' id='word_1_8' title='bbox 362 374 444 402; x_wconf 89' lang='lat' dir='ltr'><strong>nec</strong></span> <span class='ocrx_word' id='word_1_9' title='bbox 461 372 706 421; x_wconf 75' lang='lat' dir='ltr'>quenquam</span> <span class='ocrx_word' id='word_1_10' title='bbox 727 359 904 402; x_wconf 83' lang='lat' dir='ltr'><strong>statuit:</strong></span> <span class='ocrx_word' id='word_1_11' title='bbox 933 372 1016 401; x_wconf 91' lang='lat' dir='ltr'><strong>nos</strong></span> <span class='ocrx_word' id='word_1_12' title='bbox 1037 359 1212 414; x_wconf 83' lang='lat' dir='ltr'><strong>expulit</strong></span> <span class='ocrx_word' id='word_1_13' title='bbox 1232 359 1336 411; x_wconf 89' lang='lat' dir='ltr'><strong>ille;</strong></span> 
     </span>
    </p>
   </div>
   <div class='ocr_carea' id='block_1_3' title="bbox 1499 254 1587 400">
    <p class='ocr_par' dir='ltr' id='par_1_3' title="bbox 1499 254 1587 400">
     <span class='ocr_line' id='line_1_3' title="bbox 1499 254 1585 296; baseline 0 -1"><span class='ocrx_word' id='word_1_14' title='bbox 1499 254 1585 296; x_wconf 80' lang='grc'><strong>947</strong></span> 
     </span>
     <span class='ocr_line' id='line_1_4' title="bbox 1501 359 1587 400; baseline 0.012 -1"><span class='ocrx_word' id='word_1_15' title='bbox 1501 359 1587 400; x_wconf 89' lang='grc'><strong>130</strong></span> 
     </span>
    </p>
   </div>
   <div class='ocr_carea' id='block_1_4' title="bbox 136 423 1266 682">
    <p class='ocr_par' dir='ltr' id='par_1_4' title="bbox 136 423 1266 682">
     <span class='ocr_line' id='line_1_5' title="bbox 138 423 1196 482; baseline -0.004 -10"><span class='ocrx_word' id='word_1_16' title='bbox 138 431 271 472; x_wconf 92' lang='lat' dir='ltr'><strong>Illum</strong></span> <span class='ocrx_word' id='word_1_17' title='bbox 291 434 370 472; x_wconf 88' lang='lat' dir='ltr'><strong>aut</strong></span> <span class='ocrx_word' id='word_1_18' title='bbox 389 423 620 482; x_wconf 81' lang='lat' dir='ltr'><strong>nequities,</strong></span> <span class='ocrx_word' id='word_1_19' title='bbox 642 430 719 469; x_wconf 85' lang='lat' dir='ltr'><strong>aut</strong></span> <span class='ocrx_word' id='word_1_20' title='bbox 738 426 852 468; x_wconf 87' lang='lat' dir='ltr'><strong>vafri</strong></span> <span class='ocrx_word' id='word_1_21' title='bbox 872 427 1052 469; x_wconf 83' lang='lat' dir='ltr'><strong>inscitia</strong></span> <span class='ocrx_word' id='word_1_22' title='bbox 1063 427 1196 481; x_wconf 88' lang='lat' dir='ltr'><strong>juris,</strong></span> 
     </span>
     <span class='ocr_line' id='line_1_6' title="bbox 136 493 1110 549; baseline -0.004 -10"><span class='ocrx_word' id='word_1_23' title='bbox 136 497 366 539; x_wconf 86' lang='lat' dir='ltr'><strong>Postremo</strong></span> <span class='ocrx_word' id='word_1_24' title='bbox 385 494 573 549; x_wconf 77' lang='lat' dir='ltr'><strong>expellet</strong></span> <span class='ocrx_word' id='word_1_25' title='bbox 593 498 711 535; x_wconf 89' lang='lat' dir='ltr'><strong>certe</strong></span> <span class='ocrx_word' id='word_1_26' title='bbox 732 494 932 535; x_wconf 87' lang='lat' dir='ltr'><strong>vivacior</strong></span> <span class='ocrx_word' id='word_1_27' title='bbox 951 493 1110 535; x_wconf 78' lang='lat' dir='ltr'><strong>haereS.</strong></span> 
     </span>
     <span class='ocr_line' id='line_1_7' title="bbox 138 560 1259 618; baseline -0.004 -11"><span class='ocrx_word' id='word_1_28' title='bbox 138 565 275 609; x_wconf 79' lang='lat' dir='ltr'><strong>Nunc</strong></span> <span class='ocrx_word' id='word_1_29' title='bbox 293 577 399 618; x_wconf 78' lang='lat' dir='ltr'><strong>ager</strong></span> <span class='ocrx_word' id='word_1_30' title='bbox 417 561 626 604; x_wconf 85' lang='lat' dir='ltr'><strong>Umbreni</strong></span> <span class='ocrx_word' id='word_1_31' title='bbox 649 562 732 603; x_wconf 89' lang='lat' dir='ltr'><strong>sub</strong></span> <span class='ocrx_word' id='word_1_32' title='bbox 751 562 942 612; x_wconf 89' lang='lat' dir='ltr'><strong>nomine,</strong></span> <span class='ocrx_word' id='word_1_33' title='bbox 963 574 1104 615; x_wconf 84' lang='lat' dir='ltr'><strong>nuper</strong></span> <span class='ocrx_word' id='word_1_34' title='bbox 1126 560 1259 602; x_wconf 85' lang='lat' dir='ltr'><strong>Ofelli</strong></span> 
     </span>
     <span class='ocr_line' id='line_1_8' title="bbox 139 628 1266 682; baseline -0.004 -9"><span class='ocrx_word' id='word_1_35' title='bbox 139 631 300 673; x_wconf 80' lang='lat' dir='ltr'><strong>Dictus</strong></span> <span class='ocrx_word' id='word_1_36' title='bbox 315 634 426 679; x_wconf 77' lang='lat' dir='ltr'><strong>erat,</strong></span> <span class='ocrx_word' id='word_1_37' title='bbox 444 629 554 670; x_wconf 90' lang='lat' dir='ltr'><strong>nulli</strong></span> <span class='ocrx_word' id='word_1_38' title='bbox 574 629 805 682; x_wconf 81' lang='lat' dir='ltr'><strong>proprius3</strong></span> <span class='ocrx_word' id='word_1_39' title='bbox 837 628 914 669; x_wconf 86' lang='lat' dir='ltr'><strong>sed</strong></span> <span class='ocrx_word' id='word_1_40' title='bbox 935 628 1054 670; x_wconf 88' lang='lat' dir='ltr'><strong>cedit</strong></span> <span class='ocrx_word' id='word_1_41' title='bbox 1075 629 1118 669; x_wconf 94' lang='lat' dir='ltr'><strong>in</strong></span> <span class='ocrx_word' id='word_1_42' title='bbox 1139 641 1266 669; x_wconf 88' lang='lat' dir='ltr'><strong>usum</strong></span> 
     </span>
    </p>
   </div>
   <div class='ocr_carea' id='block_1_5' title="bbox 138 694 1242 749">
    <p class='ocr_par' dir='ltr' id='par_1_5' title="bbox 138 694 1242 749">
     <span class='ocr_line' id='line_1_9' title="bbox 138 694 1242 749; baseline -0.005 -8"><span class='ocrx_word' id='word_1_43' title='bbox 138 698 271 741; x_wconf 82' lang='lat' dir='ltr'><strong>Nunc</strong></span> <span class='ocrx_word' id='word_1_44' title='bbox 288 696 409 747; x_wconf 83' lang='lat' dir='ltr'><strong>mihi,</strong></span> <span class='ocrx_word' id='word_1_45' title='bbox 429 708 546 737; x_wconf 90' lang='lat' dir='ltr'><strong>nunc</strong></span> <span class='ocrx_word' id='word_1_46' title='bbox 568 695 672 737; x_wconf 81' lang='lat' dir='ltr'><strong>alii:</strong></span> <span class='ocrx_word' id='word_1_47' title='bbox 702 695 914 749; x_wconf 85' lang='lat' dir='ltr'><strong>quocirca</strong></span> <span class='ocrx_word' id='word_1_48' title='bbox 934 694 1071 736; x_wconf 87' lang='lat' dir='ltr'><strong>vivite</strong></span> <span class='ocrx_word' id='word_1_49' title='bbox 1090 694 1242 744; x_wconf 81' lang='lat' dir='ltr'><strong>forteS,</strong></span> 
     </span>
    </p>
   </div>
   <div class='ocr_carea' id='block_1_6' title="bbox 1504 693 1587 735">
    <p class='ocr_par' dir='ltr' id='par_1_6' title="bbox 1504 693 1587 735">
     <span class='ocr_line' id='line_1_10' title="bbox 1504 693 1587 735; baseline 0 -1"><span class='ocrx_word' id='word_1_50' title='bbox 1504 693 1587 735; x_wconf 86' lang='lat'><strong>135</strong></span> 
     </span>
    </p>
   </div>
   <div class='ocr_carea' id='block_1_7' title="bbox 136 762 1205 821">
    <p class='ocr_par' dir='ltr' id='par_1_7' title="bbox 136 762 1205 821">
     <span class='ocr_line' id='line_1_11' title="bbox 136 762 1205 821; baseline -0.005 -14"><span class='ocrx_word' id='word_1_51' title='bbox 136 764 375 821; x_wconf 84' lang='lat' dir='ltr'><strong>Fortiaque</strong></span> <span class='ocrx_word' id='word_1_52' title='bbox 395 763 598 805; x_wconf 88' lang='lat' dir='ltr'><strong>adversis</strong></span> <span class='ocrx_word' id='word_1_53' title='bbox 616 762 832 817; x_wconf 90' lang='lat' dir='ltr'><strong>opponite</strong></span> <span class='ocrx_word' id='word_1_54' title='bbox 852 767 1039 817; x_wconf 86' lang='lat' dir='ltr'><strong>pectora</strong></span> <span class='ocrx_word' id='word_1_55' title='bbox 1058 763 1205 803; x_wconf 89' lang='lat' dir='ltr'><strong>rebus.</strong></span> 
     </span>
    </p>
   </div>
   <div class='ocr_carea' id='block_1_8' title="bbox 125 909 1589 1081">
    <p class='ocr_par' dir='ltr' id='par_1_8' title="bbox 125 909 1589 1081">
     <span class='ocr_line' id='line_1_12' title="bbox 132 909 1588 951; baseline -0.002 -8"><span class='ocrx_word' id='word_1_56' title='bbox 132 915 246 943; x_wconf 65' lang='lat' dir='ltr'><strong>natura</strong></span> <span class='ocrx_word' id='word_1_57' title='bbox 259 911 422 943; x_wconf 71' lang='lat' dir='ltr'><strong>constituit</strong></span> <span class='ocrx_word' id='word_1_58' title='bbox 432 921 444 943; x_wconf 90' lang='grc'><strong>.·</strong></span> <span class='ocrx_word' id='word_1_59' title='bbox 465 912 526 943; x_wconf 75' lang='lat' dir='ltr'><strong>iste</strong></span> <span class='ocrx_word' id='word_1_60' title='bbox 545 921 602 942; x_wconf 82' lang='lat' dir='ltr'><strong>nos</strong></span> <span class='ocrx_word' id='word_1_61' title='bbox 614 910 719 949; x_wconf 78' lang='lat' dir='ltr'><strong>abegit</strong></span> <span class='ocrx_word' id='word_1_62' title='bbox 730 920 744 947; x_wconf 89' lang='grc'><strong><em>;</em></strong></span> <span class='ocrx_word' id='word_1_63' title='bbox 766 909 860 941; x_wconf 72' lang='lat' dir='ltr'><strong>istum</strong></span> <span class='ocrx_word' id='word_1_64' title='bbox 875 909 982 948; x_wconf 78' lang='lat' dir='ltr'><strong>abiget</strong></span> <span class='ocrx_word' id='word_1_65' title='bbox 1006 910 1057 941; x_wconf 71' lang='lat' dir='ltr'><strong>vel</strong></span> <span class='ocrx_word' id='word_1_66' title='bbox 1073 909 1182 949; x_wconf 80' lang='lat' dir='ltr'><strong>fraus,</strong></span> <span class='ocrx_word' id='word_1_67' title='bbox 1195 911 1245 941; x_wconf 77' lang='lat' dir='ltr'><strong>vel</strong></span> <span class='ocrx_word' id='word_1_68' title='bbox 1262 911 1421 951; x_wconf 80' lang='lat' dir='ltr'><strong>ignoratio</strong></span> <span class='ocrx_word' id='word_1_69' title='bbox 1436 910 1588 941; x_wconf 70' lang='lat' dir='ltr'><strong>tricarum</strong></span> 
     </span>
     <span class='ocr_line' id='line_1_13' title="bbox 125 952 1589 994; baseline -0.002 -9"><span class='ocrx_word' id='word_1_70' title='bbox 125 954 225 993; x_wconf 74' lang='lat' dir='ltr'><strong>juris,</strong></span> <span class='ocrx_word' id='word_1_71' title='bbox 237 956 360 986; x_wconf 71' lang='lat' dir='ltr'><strong>tandem</strong></span> <span class='ocrx_word' id='word_1_72' title='bbox 377 958 460 986; x_wconf 80' lang='lat' dir='ltr'><strong>certe</strong></span> <span class='ocrx_word' id='word_1_73' title='bbox 474 955 573 986; x_wconf 72' lang='lat' dir='ltr'><strong>lueres</strong></span> <span class='ocrx_word' id='word_1_74' title='bbox 586 955 753 994; x_wconf 78' lang='lat' dir='ltr'><strong>superstes.</strong></span> <span class='ocrx_word' id='word_1_75' title='bbox 797 952 886 992; x_wconf 80' lang='lat' dir='ltr'><strong>Ager</strong></span> <span class='ocrx_word' id='word_1_76' title='bbox 907 952 961 984; x_wconf 77' lang='lat' dir='ltr'><strong>ine</strong></span> <span class='ocrx_word' id='word_1_77' title='bbox 981 953 1069 983; x_wconf 79' lang='lat' dir='ltr'><strong>modo</strong></span> <span class='ocrx_word' id='word_1_78' title='bbox 1091 952 1148 984; x_wconf 77' lang='lat' dir='ltr'><strong>sub</strong></span> <span class='ocrx_word' id='word_1_79' title='bbox 1169 953 1293 984; x_wconf 79' lang='lat' dir='ltr'><strong>nomine</strong></span> <span class='ocrx_word' id='word_1_80' title='bbox 1319 953 1480 990; x_wconf 79' lang='lat' dir='ltr'><strong>Umbreni,</strong></span> <span class='ocrx_word' id='word_1_81' title='bbox 1498 952 1589 992; x_wconf 79' lang='lat' dir='ltr'><strong>paulo</strong></span> 
     </span>
     <span class='ocr_line' id='line_1_14' title="bbox 131 994 1589 1037; baseline -0.004 -8"><span class='ocrx_word' id='word_1_82' title='bbox 131 999 206 1031; x_wconf 69' lang='lat' dir='ltr'><strong>unte</strong></span> <span class='ocrx_word' id='word_1_83' title='bbox 222 996 320 1036; x_wconf 77' lang='lat' dir='ltr'><strong>Ofelli</strong></span> <span class='ocrx_word' id='word_1_84' title='bbox 334 1000 541 1037; x_wconf 68' lang='lat' dir='ltr'><strong>nuncupatus,</strong></span> <span class='ocrx_word' id='word_1_85' title='bbox 554 996 671 1028; x_wconf 77' lang='lat' dir='ltr'><strong>nemini</strong></span> <span class='ocrx_word' id='word_1_86' title='bbox 699 995 844 1036; x_wconf 79' lang='lat' dir='ltr'><strong>proprius</strong></span> <span class='ocrx_word' id='word_1_87' title='bbox 864 998 931 1026; x_wconf 79' lang='lat' dir='ltr'><strong>est:</strong></span> <span class='ocrx_word' id='word_1_88' title='bbox 953 998 988 1026; x_wconf 82' lang='lat' dir='ltr'><strong>at</strong></span> <span class='ocrx_word' id='word_1_89' title='bbox 1001 994 1146 1032; x_wconf 79' lang='lat' dir='ltr'><strong>fructum</strong></span> <span class='ocrx_word' id='word_1_90' title='bbox 1171 995 1287 1035; x_wconf 82' lang='lat' dir='ltr'><strong>afferet</strong></span> <span class='ocrx_word' id='word_1_91' title='bbox 1302 995 1373 1034; x_wconf 77' lang='lat' dir='ltr'><strong>jam</strong></span> <span class='ocrx_word' id='word_1_92' title='bbox 1399 995 1491 1032; x_wconf 75' lang='lat' dir='ltr'><strong>mihi,</strong></span> <span class='ocrx_word' id='word_1_93' title='bbox 1517 1003 1589 1024; x_wconf 80' lang='lat' dir='ltr'><strong>mox</strong></span> 
     </span>
     <span class='ocr_line' id='line_1_15' title="bbox 133 1035 1586 1081; baseline -0.003 -11"><span class='ocrx_word' id='word_1_94' title='bbox 133 1038 239 1071; x_wconf 74' lang='lat' dir='ltr'><strong>elteri.</strong></span> <span class='ocrx_word' id='word_1_95' title='bbox 299 1039 496 1081; x_wconf 76' lang='lat' dir='ltr'><strong>Quapropter</strong></span> <span class='ocrx_word' id='word_1_96' title='bbox 522 1042 696 1071; x_wconf 73' lang='lat' dir='ltr'><strong>constantes</strong></span> <span class='ocrx_word' id='word_1_97' title='bbox 722 1041 843 1074; x_wconf 77' lang='lat' dir='ltr'><strong>estote‚·</strong></span> <span class='ocrx_word' id='word_1_98' title='bbox 869 1040 901 1069; x_wconf 85' lang='lat' dir='ltr'><strong>et</strong></span> <span class='ocrx_word' id='word_1_99' title='bbox 928 1038 1022 1070; x_wconf 81' lang='lat' dir='ltr'><strong>rebus</strong></span> <span class='ocrx_word' id='word_1_100' title='bbox 1049 1039 1218 1069; x_wconf 74' lang='lat' dir='ltr'><strong>contrariis</strong></span> <span class='ocrx_word' id='word_1_101' title='bbox 1242 1048 1371 1078; x_wconf 75' lang='lat' dir='ltr'><strong>magnos</strong></span> <span class='ocrx_word' id='word_1_102' title='bbox 1395 1037 1511 1069; x_wconf 78' lang='lat' dir='ltr'><strong>animos</strong></span> <span class='ocrx_word' id='word_1_103' title='bbox 1535 1035 1586 1066; x_wconf 82' lang='lat' dir='ltr'><strong>ob-</strong></span> 
     </span>
    </p>
   </div>
   <div class='ocr_carea' id='block_1_9' title="bbox 126 1079 230 1119">
    <p class='ocr_par' dir='ltr' id='par_1_9' title="bbox 126 1079 230 1119">
     <span class='ocr_line' id='line_1_16' title="bbox 126 1079 230 1119; baseline 0.01 -8"><span class='ocrx_word' id='word_1_104' title='bbox 126 1079 230 1119; x_wconf 72' lang='lat' dir='ltr'><strong>jiciee.</strong></span> 
     </span>
    </p>
   </div>
   <div class='ocr_carea' id='block_1_10' title="bbox 734 1151 976 1164">
    <p class='ocr_par' dir='ltr' id='par_1_10' title="bbox 734 1151 976 1164">
     <span class='ocr_line' id='line_1_17' title="bbox 734 1151 976 1164; baseline -0.004 0"><span class='ocrx_word' id='word_1_105' title='bbox 734 1152 812 1164; x_wconf 58' lang='lat'><strong>&amp;000</strong></span> <span class='ocrx_word' id='word_1_106' title='bbox 816 1151 976 1164; x_wconf 56' lang='lat' dir='ltr'><strong>”NOOOO</strong></span> 
     </span>
    </p>
   </div>
   <div class='ocr_carea' id='block_1_11' title="bbox 135 1237 1591 1450">
    <p class='ocr_par' dir='ltr' id='par_1_11' title="bbox 135 1237 1591 1450">
     <span class='ocr_line' id='line_1_18' title="bbox 138 1237 1590 1280; baseline -0.001 -10"><span class='ocrx_word' id='word_1_107' title='bbox 138 1239 263 1279; x_wconf 79' lang='lat' dir='ltr'><strong>Delph.</strong></span> <span class='ocrx_word' id='word_1_108' title='bbox 280 1240 445 1277; x_wconf 79' lang='lat' dir='ltr'><strong>Dnnster‚</strong></span> <span class='ocrx_word' id='word_1_109' title='bbox 459 1241 560 1272; x_wconf 79' lang='lat' dir='ltr'><strong>Baxt.</strong></span> <span class='ocrx_word' id='word_1_110' title='bbox 578 1241 682 1272; x_wconf 87' lang='lat' dir='ltr'><strong>Gesn.</strong></span> <span class='ocrx_word' id='word_1_111' title='bbox 701 1240 808 1272; x_wconf 87' lang='lat' dir='ltr'><strong>Zeun.</strong></span> <span class='ocrx_word' id='word_1_112' title='bbox 825 1239 964 1280; x_wconf 82' lang='lat' dir='ltr'><strong>Bipont.</strong></span> <span class='ocrx_word' id='word_1_113' title='bbox 980 1243 1015 1271; x_wconf 86' lang='lat' dir='ltr'><strong>et</strong></span> <span class='ocrx_word' id='word_1_114' title='bbox 1031 1239 1258 1272; x_wconf 53' lang='lat' dir='ltr'><strong>(lemn—134</strong></span> <span class='ocrx_word' id='word_1_115' title='bbox 1282 1239 1409 1274; x_wconf 80' lang='lat' dir='ltr'><strong>Dictus.</strong></span> <span class='ocrx_word' id='word_1_116' title='bbox 1422 1237 1484 1269; x_wconf 83' lang='lat' dir='ltr'><strong>erit</strong></span> <span class='ocrx_word' id='word_1_117' title='bbox 1499 1237 1590 1269; x_wconf 84' lang='lat' dir='ltr'><strong>Han.</strong></span> 
     </span>
     <span class='ocr_line' id='line_1_19' title="bbox 138 1279 1591 1322; baseline -0.002 -9"><span class='ocrx_word' id='word_1_118' title='bbox 138 1285 169 1313; x_wconf 89' lang='lat'><strong>1.</strong></span> <span class='ocrx_word' id='word_1_119' title='bbox 185 1281 285 1314; x_wconf 76' lang='lat' dir='ltr'><strong>Gott.</strong></span> <span class='ocrx_word' id='word_1_120' title='bbox 298 1283 368 1320; x_wconf 78' lang='lat' dir='ltr'><strong>alii,</strong></span> <span class='ocrx_word' id='word_1_121' title='bbox 389 1287 426 1315; x_wconf 88' lang='lat' dir='ltr'><strong>et</strong></span> <span class='ocrx_word' id='word_1_122' title='bbox 441 1283 520 1315; x_wconf 79' lang='lat' dir='ltr'><strong>edd.</strong></span> <span class='ocrx_word' id='word_1_123' title='bbox 544 1288 623 1314; x_wconf 87' lang='lat' dir='ltr'><strong>ante</strong></span> <span class='ocrx_word' id='word_1_124' title='bbox 646 1284 763 1314; x_wconf 75' lang='lat' dir='ltr'><strong>nenti.</strong></span> <span class='ocrx_word' id='word_1_125' title='bbox 786 1283 867 1314; x_wconf 88' lang='lat' dir='ltr'><strong>item</strong></span> <span class='ocrx_word' id='word_1_126' title='bbox 885 1282 1030 1322; x_wconf 87' lang='lat' dir='ltr'><strong>Cuning.</strong></span> <span class='ocrx_word' id='word_1_127' title='bbox 1044 1281 1169 1313; x_wconf 70' lang='lat' dir='ltr'><strong>samad.</strong></span> <span class='ocrx_word' id='word_1_128' title='bbox 1188 1282 1342 1317; x_wconf 83' lang='lat' dir='ltr'><strong>Francis,</strong></span> <span class='ocrx_word' id='word_1_129' title='bbox 1358 1279 1541 1313; x_wconf 82' lang='lat' dir='ltr'><strong>Heindorf.</strong></span> <span class='ocrx_word' id='word_1_130' title='bbox 1556 1284 1591 1310; x_wconf 82' lang='lat' dir='ltr'><strong>et</strong></span> 
     </span>
     <span class='ocr_line' id='line_1_20' title="bbox 137 1321 1590 1364; baseline -0.001 -9"><span class='ocrx_word' id='word_1_131' title='bbox 137 1321 271 1356; x_wconf 76' lang='lat' dir='ltr'><strong>Wakef.</strong></span> <span class='ocrx_word' id='word_1_132' title='bbox 314 1325 433 1357; x_wconf 74' lang='lat' dir='ltr'><strong>Dictus</strong></span> <span class='ocrx_word' id='word_1_133' title='bbox 443 1329 512 1357; x_wconf 79' lang='lat' dir='ltr'><strong>erat</strong></span> <span class='ocrx_word' id='word_1_134' title='bbox 526 1325 624 1357; x_wconf 80' lang='lat' dir='ltr'><strong>Harl.</strong></span> <span class='ocrx_word' id='word_1_135' title='bbox 640 1328 673 1357; x_wconf 79' lang='lat'><strong>2.</strong></span> <span class='ocrx_word' id='word_1_136' title='bbox 689 1327 721 1356; x_wconf 75' lang='lat'><strong>3.</strong></span> <span class='ocrx_word' id='word_1_137' title='bbox 737 1328 770 1356; x_wconf 79' lang='lat'><strong>4.</strong></span> <span class='ocrx_word' id='word_1_138' title='bbox 784 1328 817 1356; x_wconf 84' lang='grc'><strong>6.</strong></span> <span class='ocrx_word' id='word_1_139' title='bbox 841 1325 991 1356; x_wconf 79' lang='lat' dir='ltr'><strong>Bentleii</strong></span> <span class='ocrx_word' id='word_1_140' title='bbox 1008 1325 1135 1356; x_wconf 83' lang='lat' dir='ltr'><strong>Battel.</strong></span> <span class='ocrx_word' id='word_1_141' title='bbox 1152 1324 1306 1356; x_wconf 80' lang='lat' dir='ltr'><strong>Galiens.</strong></span> <span class='ocrx_word' id='word_1_142' title='bbox 1329 1323 1480 1364; x_wconf 79' lang='lat' dir='ltr'><strong>Megdal.</strong></span> <span class='ocrx_word' id='word_1_143' title='bbox 1503 1323 1590 1362; x_wconf 81' lang='lat' dir='ltr'><strong>Reg.</strong></span> 
     </span>
     <span class='ocr_line' id='line_1_21' title="bbox 135 1364 1589 1405; baseline -0.003 -6"><span class='ocrx_word' id='word_1_144' title='bbox 135 1366 214 1399; x_wconf 80' lang='lat' dir='ltr'><strong>Soc·</strong></span> <span class='ocrx_word' id='word_1_145' title='bbox 227 1371 262 1398; x_wconf 87' lang='lat' dir='ltr'><strong>et</strong></span> <span class='ocrx_word' id='word_1_146' title='bbox 273 1367 394 1400; x_wconf 82' lang='lat' dir='ltr'><strong>Trinit.</strong></span> <span class='ocrx_word' id='word_1_147' title='bbox 411 1368 495 1400; x_wconf 83' lang='lat' dir='ltr'><strong>Exc.</strong></span> <span class='ocrx_word' id='word_1_148' title='bbox 507 1368 586 1399; x_wconf 78' lang='lat' dir='ltr'><strong>Sax.</strong></span> <span class='ocrx_word' id='word_1_149' title='bbox 597 1372 632 1399; x_wconf 86' lang='lat' dir='ltr'><strong>et</strong></span> <span class='ocrx_word' id='word_1_150' title='bbox 646 1376 731 1398; x_wconf 80' lang='lat' dir='ltr'><strong>unns</strong></span> <span class='ocrx_word' id='word_1_151' title='bbox 746 1367 967 1405; x_wconf 79' lang='lat' dir='ltr'><strong>Bersmanni;</strong></span> <span class='ocrx_word' id='word_1_152' title='bbox 993 1366 1075 1397; x_wconf 80' lang='lat' dir='ltr'><strong>item</strong></span> <span class='ocrx_word' id='word_1_153' title='bbox 1095 1367 1212 1398; x_wconf 78' lang='lat' dir='ltr'><strong>Zarot.</strong></span> <span class='ocrx_word' id='word_1_154' title='bbox 1233 1367 1348 1398; x_wconf 86' lang='lat' dir='ltr'><strong>Bentl.</strong></span> <span class='ocrx_word' id='word_1_155' title='bbox 1365 1366 1469 1396; x_wconf 82' lang='lat' dir='ltr'><strong>Baxt.</strong></span> <span class='ocrx_word' id='word_1_156' title='bbox 1484 1364 1589 1396; x_wconf 80' lang='lat' dir='ltr'><strong>Gesn.</strong></span> 
     </span>
     <span class='ocr_line' id='line_1_22' title="bbox 135 1407 1589 1450; baseline -0.001 -11"><span class='ocrx_word' id='word_1_157' title='bbox 135 1408 242 1440; x_wconf 81' lang='lat' dir='ltr'><strong>Zeun.</strong></span> <span class='ocrx_word' id='word_1_158' title='bbox 256 1408 396 1449; x_wconf 80' lang='lat' dir='ltr'><strong>Bipont.</strong></span> <span class='ocrx_word' id='word_1_159' title='bbox 414 1410 557 1441; x_wconf 85' lang='lat' dir='ltr'><strong>Wetzel.</strong></span> <span class='ocrx_word' id='word_1_160' title='bbox 574 1409 692 1443; x_wconf 84' lang='lat' dir='ltr'><strong>Comb.</strong></span> <span class='ocrx_word' id='word_1_161' title='bbox 707 1413 743 1440; x_wconf 91' lang='lat' dir='ltr'><strong>et</strong></span> <span class='ocrx_word' id='word_1_162' title='bbox 763 1408 871 1440; x_wconf 85' lang='lat' dir='ltr'><strong>Kidd.</strong></span> <span class='ocrx_word' id='word_1_163' title='bbox 914 1410 1000 1440; x_wconf 84' lang='lat' dir='ltr'><strong>cedet</strong></span> <span class='ocrx_word' id='word_1_164' title='bbox 1015 1418 1132 1440; x_wconf 77' lang='lat' dir='ltr'><strong>omnes</strong></span> <span class='ocrx_word' id='word_1_165' title='bbox 1151 1410 1208 1450; x_wconf 85' lang='lat' dir='ltr'><strong>qui</strong></span> <span class='ocrx_word' id='word_1_166' title='bbox 1228 1408 1357 1439; x_wconf 77' lang='lat' dir='ltr'><strong>habent</strong></span> <span class='ocrx_word' id='word_1_167' title='bbox 1373 1407 1447 1448; x_wconf 75' lang='lat' dir='ltr'><strong>erit,</strong></span> <span class='ocrx_word' id='word_1_168' title='bbox 1472 1407 1589 1448; x_wconf 77' lang='lat' dir='ltr'><strong>paucis</strong></span> 
     </span>
    </p>
   </div>
   <div class='ocr_carea' id='block_1_12' title="bbox 135 1450 408 1492">
    <p class='ocr_par' dir='ltr' id='par_1_12' title="bbox 135 1450 408 1492">
     <span class='ocr_line' id='line_1_23' title="bbox 135 1450 408 1492; baseline 0.004 -10"><span class='ocrx_word' id='word_1_169' title='bbox 135 1450 291 1492; x_wconf 81' lang='lat' dir='ltr'><strong>exceptis</strong></span> <span class='ocrx_word' id='word_1_170' title='bbox 306 1451 408 1483; x_wconf 84' lang='lat' dir='ltr'><strong>codd.</strong></span> 
     </span>
    </p>
   </div>
   <div class='ocr_carea' id='block_1_13' title="bbox 775 1521 924 1558">
    <p class='ocr_par' dir='ltr' id='par_1_13' title="bbox 775 1521 924 1558">
     <span class='ocr_line' id='line_1_24' title="bbox 775 1521 924 1558; baseline -0.007 -1"><span class='ocrx_word' id='word_1_171' title='bbox 775 1521 924 1558; x_wconf 73' lang='lat' dir='ltr'>&#39;NOTAE</span> 
     </span>
    </p>
   </div>
   <div class='ocr_carea' id='block_1_14' title="bbox 87 1598 835 2540">
    <p class='ocr_par' dir='ltr' id='par_1_14' title="bbox 131 1598 834 1830">
     <span class='ocr_line' id='line_1_25' title="bbox 133 1598 834 1641; baseline 0.001 -12"><span class='ocrx_word' id='word_1_172' title='bbox 133 1602 326 1630; x_wconf 83' lang='lat' dir='ltr'><strong>venerunt:</strong></span> <span class='ocrx_word' id='word_1_173' title='bbox 348 1603 408 1631; x_wconf 83' lang='lat' dir='ltr'><strong>aut</strong></span> <span class='ocrx_word' id='word_1_174' title='bbox 428 1600 586 1640; x_wconf 83' lang='lat' dir='ltr'><strong>victoria,</strong></span> <span class='ocrx_word' id='word_1_175' title='bbox 606 1604 646 1631; x_wconf 89' lang='lat' dir='ltr'><strong>ut</strong></span> <span class='ocrx_word' id='word_1_176' title='bbox 662 1598 720 1641; x_wconf 85' lang='lat' dir='ltr'><strong>qui</strong></span> <span class='ocrx_word' id='word_1_177' title='bbox 743 1598 834 1631; x_wconf 87' lang='lat' dir='ltr'><strong>bello</strong></span> 
     </span>
     <span class='ocr_line' id='line_1_26' title="bbox 134 1647 834 1690; baseline 0.003 -12"><span class='ocrx_word' id='word_1_178' title='bbox 134 1647 236 1688; x_wconf 86' lang='lat' dir='ltr'><strong>potiti</strong></span> <span class='ocrx_word' id='word_1_179' title='bbox 251 1653 346 1680; x_wconf 76' lang='lat' dir='ltr'><strong>sunt:</strong></span> <span class='ocrx_word' id='word_1_180' title='bbox 372 1654 431 1681; x_wconf 76' lang='lat' dir='ltr'><strong>aut</strong></span> <span class='ocrx_word' id='word_1_181' title='bbox 453 1650 545 1690; x_wconf 80' lang='lat' dir='ltr'><strong>lege,</strong></span> <span class='ocrx_word' id='word_1_182' title='bbox 564 1650 738 1690; x_wconf 81' lang='lat' dir='ltr'><strong>pactione,</strong></span> <span class='ocrx_word' id='word_1_183' title='bbox 755 1658 834 1680; x_wconf 87' lang='lat' dir='ltr'><strong>con-</strong></span> 
     </span>
     <span class='ocr_line' id='line_1_27' title="bbox 132 1697 832 1740; baseline 0.001 -12"><span class='ocrx_word' id='word_1_184' title='bbox 132 1697 275 1738; x_wconf 79' lang='lat' dir='ltr'><strong>ditione,</strong></span> <span class='ocrx_word' id='word_1_185' title='bbox 310 1699 426 1731; x_wconf 63' lang='lat' dir='ltr'><strong>sorte!</strong></span> <span class='ocrx_word' id='word_1_186' title='bbox 479 1700 600 1731; x_wconf 83' lang='lat' dir='ltr'><strong>Senec.</strong></span> <span class='ocrx_word' id='word_1_187' title='bbox 636 1699 750 1740; x_wconf 82' lang='lat' dir='ltr'><strong>Epist.</strong></span> <span class='ocrx_word' id='word_1_188' title='bbox 779 1701 832 1730; x_wconf 88' lang='grc'><strong>88.</strong></span> 
     </span>
     <span class='ocr_line' id='line_1_28' title="bbox 131 1746 833 1791; baseline 0.001 -12"><span class='ocrx_word' id='word_1_189' title='bbox 131 1746 142 1764; x_wconf 81' lang='lat'><strong>⁴</strong></span> <span class='ocrx_word' id='word_1_190' title='bbox 160 1747 238 1779; x_wconf 86' lang='lat' dir='ltr'><strong>Non</strong></span> <span class='ocrx_word' id='word_1_191' title='bbox 253 1748 411 1781; x_wconf 87' lang='lat' dir='ltr'><strong>dominus</strong></span> <span class='ocrx_word' id='word_1_192' title='bbox 435 1750 515 1791; x_wconf 83' lang='lat' dir='ltr'><strong>isto,</strong></span> <span class='ocrx_word' id='word_1_193' title='bbox 535 1749 595 1781; x_wconf 75' lang='lat' dir='ltr'><strong>sed</strong></span> <span class='ocrx_word' id='word_1_194' title='bbox 620 1749 759 1781; x_wconf 88' lang='lat' dir='ltr'><strong>colonus</strong></span> <span class='ocrx_word' id='word_1_195' title='bbox 783 1748 833 1780; x_wconf 85' lang='lat' dir='ltr'><strong>in-</strong></span> 
     </span>
     <span class='ocr_line' id='line_1_29' title="bbox 133 1798 258 1830; baseline 0.016 -2"><span class='ocrx_word' id='word_1_196' title='bbox 133 1798 258 1830; x_wconf 61' lang='lat' dir='ltr'><strong>trunti)</strong></span> 
     </span>
    </p>

    <p class='ocr_par' dir='ltr' id='par_1_15' title="bbox 131 1848 833 2044">
     <span class='ocr_line' id='line_1_30' title="bbox 178 1848 832 1891; baseline 0.002 -12"><span class='ocrx_word' id='word_1_197' title='bbox 178 1850 237 1880; x_wconf 72' lang='lat'><strong>1³1</strong></span> <span class='ocrx_word' id='word_1_198' title='bbox 262 1848 356 1880; x_wconf 66' lang='lat' dir='ltr'><strong><em>Illum</em></strong></span> <span class='ocrx_word' id='word_1_199' title='bbox 380 1853 436 1882; x_wconf 75' lang='lat' dir='ltr'><strong>out</strong></span> <span class='ocrx_word' id='word_1_200' title='bbox 465 1850 630 1891; x_wconf 74' lang='lat' dir='ltr'><strong>nequities,</strong></span> <span class='ocrx_word' id='word_1_201' title='bbox 657 1849 728 1889; x_wconf 52' lang='lat' dir='ltr'><strong>qa]</strong></span> <span class='ocrx_word' id='word_1_202' title='bbox 764 1849 832 1880; x_wconf 74' lang='lat' dir='ltr'><strong>Suu</strong></span> 
     </span>
     <span class='ocr_line' id='line_1_31' title="bbox 131 1898 833 1942; baseline 0.001 -13"><span class='ocrx_word' id='word_1_203' title='bbox 131 1898 240 1939; x_wconf 82' lang='lat' dir='ltr'><strong>ipsius</strong></span> <span class='ocrx_word' id='word_1_204' title='bbox 252 1899 398 1942; x_wconf 75' lang='lat' dir='ltr'><strong>luxuria,</strong></span> <span class='ocrx_word' id='word_1_205' title='bbox 413 1901 467 1932; x_wconf 84' lang='lat' dir='ltr'><strong>vel</strong></span> <span class='ocrx_word' id='word_1_206' title='bbox 488 1901 598 1932; x_wconf 80' lang='lat' dir='ltr'><strong>aliena</strong></span> <span class='ocrx_word' id='word_1_207' title='bbox 612 1899 704 1931; x_wconf 77' lang='lat' dir='ltr'><strong>fraus</strong></span> <span class='ocrx_word' id='word_1_208' title='bbox 721 1903 757 1930; x_wconf 88' lang='lat' dir='ltr'><strong>et</strong></span> <span class='ocrx_word' id='word_1_209' title='bbox 772 1899 833 1930; x_wconf 90' lang='lat' dir='ltr'><strong>im-</strong></span> 
     </span>
     <span class='ocr_line' id='line_1_32' title="bbox 133 1947 832 1991; baseline 0.001 -13"><span class='ocrx_word' id='word_1_210' title='bbox 133 1947 300 1988; x_wconf 75' lang='lat' dir='ltr'><strong>probitas.</strong></span> <span class='ocrx_word' id='word_1_211' title='bbox 322 1950 332 1967; x_wconf 88' lang='lat'>‘</span> <span class='ocrx_word' id='word_1_212' title='bbox 345 1948 444 1982; x_wconf 81' lang='lat' dir='ltr'><strong>Vafri</strong></span> <span class='ocrx_word' id='word_1_213' title='bbox 457 1949 593 1982; x_wconf 78' lang='lat' dir='ltr'><strong>inscitia</strong></span> <span class='ocrx_word' id='word_1_214' title='bbox 603 1949 694 1991; x_wconf 80' lang='lat' dir='ltr'><strong>juris</strong></span> <span class='ocrx_word' id='word_1_215' title='bbox 705 1947 727 1981; x_wconf 67' lang='grc' dir='ltr'><strong>τ’</strong></span> <span class='ocrx_word' id='word_1_216' title='bbox 741 1948 832 1980; x_wconf 83' lang='lat' dir='ltr'><strong>Gan.</strong></span> 
     </span>
     <span class='ocr_line' id='line_1_33' title="bbox 133 1998 833 2044; baseline 0.003 -16"><span class='ocrx_word' id='word_1_217' title='bbox 133 2005 192 2028; x_wconf 70' lang='lat' dir='ltr'><strong>nne</strong></span> <span class='ocrx_word' id='word_1_218' title='bbox 219 1998 346 2031; x_wconf 66' lang='lat' dir='ltr'><strong>chicmae</strong></span> <span class='ocrx_word' id='word_1_219' title='bbox 366 2000 552 2032; x_wconf 77' lang='lat' dir='ltr'><strong>malicieuse.</strong></span> <span class='ocrx_word' id='word_1_220' title='bbox 595 1999 687 2044; x_wconf 72' lang='lat' dir='ltr'><strong>Vide</strong></span> <span class='ocrx_word' id='word_1_221' title='bbox 713 2003 833 2039; x_wconf 77' lang='lat' dir='ltr'><strong>postea</strong></span> 
     </span>
    </p>

    <p class='ocr_par' dir='ltr' id='par_1_16' title="bbox 87 2047 835 2286">
     <span class='ocr_line' id='line_1_34' title="bbox 134 2047 579 2090; baseline 0.007 -13"><span class='ocrx_word' id='word_1_222' title='bbox 134 2054 176 2078; x_wconf 83' lang='lat'><strong>11.</strong></span> <span class='ocrx_word' id='word_1_223' title='bbox 191 2047 303 2088; x_wconf 76' lang='lat' dir='ltr'><strong>Epist.</strong></span> <span class='ocrx_word' id='word_1_224' title='bbox 317 2051 350 2082; x_wconf 80' lang='lat'><strong>2.</strong></span> <span class='ocrx_word' id='word_1_225' title='bbox 366 2051 440 2081; x_wconf 78' lang='lat'><strong>1⁷2.</strong></span> <span class='ocrx_word' id='word_1_226' title='bbox 454 2054 492 2081; x_wconf 86' lang='lat' dir='ltr'><strong>et</strong></span> <span class='ocrx_word' id='word_1_227' title='bbox 507 2059 579 2090; x_wconf 81' lang='lat' dir='ltr'><strong>seq.</strong></span> 
     </span>
     <span class='ocr_line' id='line_1_35' title="bbox 87 2096 835 2139; baseline 0.001 -11"><span class='ocrx_word' id='word_1_228' title='bbox 87 2096 94 2101; x_wconf 82' lang='lat'><strong><em>‘</em></strong></span> <span class='ocrx_word' id='word_1_229' title='bbox 179 2099 242 2129; x_wconf 75' lang='lat'><strong>182</strong></span> <span class='ocrx_word' id='word_1_230' title='bbox 258 2097 404 2130; x_wconf 77' lang='lat' dir='ltr'><strong>V&#39;waoior</strong></span> <span class='ocrx_word' id='word_1_231' title='bbox 414 2098 527 2139; x_wconf 70' lang='lat' dir='ltr'><strong>hares]</strong></span> <span class='ocrx_word' id='word_1_232' title='bbox 541 2098 665 2130; x_wconf 80' lang='lat' dir='ltr'><strong>Horat.</strong></span> <span class='ocrx_word' id='word_1_233' title='bbox 680 2107 759 2129; x_wconf 86' lang='lat' dir='ltr'><strong>mox</strong></span> <span class='ocrx_word' id='word_1_234' title='bbox 773 2098 835 2129; x_wconf 87' lang='lat' dir='ltr'><strong>cit.</strong></span> 
     </span>
     <span class='ocr_line' id='line_1_36' title="bbox 133 2144 832 2187; baseline 0 -10"><span class='ocrx_word' id='word_1_235' title='bbox 133 2145 144 2162; x_wconf 89' lang='lat'>‘</span> <span class='ocrx_word' id='word_1_236' title='bbox 161 2145 357 2187; x_wconf 74' lang='lat' dir='ltr'><strong>Perpetuus</strong></span> <span class='ocrx_word' id='word_1_237' title='bbox 373 2148 454 2180; x_wconf 86' lang='lat' dir='ltr'><strong>nulli</strong></span> <span class='ocrx_word' id='word_1_238' title='bbox 467 2147 569 2179; x_wconf 80' lang='lat' dir='ltr'><strong>datur</strong></span> <span class='ocrx_word' id='word_1_239' title='bbox 584 2156 663 2179; x_wconf 80' lang='lat' dir='ltr'><strong>usus</strong></span> <span class='ocrx_word' id='word_1_240' title='bbox 677 2157 687 2187; x_wconf 88' lang='lat'>;</span> <span class='ocrx_word' id='word_1_241' title='bbox 713 2151 750 2177; x_wconf 81' lang='lat' dir='ltr'><strong>et</strong></span> <span class='ocrx_word' id='word_1_242' title='bbox 764 2144 832 2178; x_wconf 51' lang='lat' dir='ltr'><strong>hai-</strong></span> 
     </span>
     <span class='ocr_line' id='line_1_37' title="bbox 135 2191 829 2228; baseline 0.001 -2"><span class='ocrx_word' id='word_1_243' title='bbox 135 2205 190 2227; x_wconf 82' lang='lat' dir='ltr'><strong>res</strong></span> <span class='ocrx_word' id='word_1_244' title='bbox 205 2195 390 2228; x_wconf 67' lang='lat' dir='ltr'><strong>nen-edem</strong></span> <span class='ocrx_word' id='word_1_245' title='bbox 407 2197 548 2228; x_wconf 78' lang='lat' dir='ltr'><strong>alterius</strong></span> <span class='ocrx_word' id='word_1_246' title='bbox 562 2191 761 2228; x_wconf 79' lang='lat' dir='ltr'><strong>velut‘unda</strong></span> <span class='ocrx_word' id='word_1_247' title='bbox 777 2206 829 2227; x_wconf 84' lang='lat' dir='ltr'><strong>su-</strong></span> 
     </span>
     <span class='ocr_line' id='line_1_38' title="bbox 134 2245 457 2286; baseline 0.009 -11"><span class='ocrx_word' id='word_1_248' title='bbox 134 2245 294 2286; x_wconf 79' lang='lat' dir='ltr'><strong>pervenit</strong></span> <span class='ocrx_word' id='word_1_249' title='bbox 309 2245 457 2278; x_wconf 78' lang='lat' dir='ltr'><strong>undam-¹</strong></span> 
     </span>
    </p>

    <p class='ocr_par' dir='ltr' id='par_1_17' title="bbox 133 2295 831 2540">
     <span class='ocr_line' id='line_1_39' title="bbox 177 2295 831 2337; baseline 0.002 -11"><span class='ocrx_word' id='word_1_250' title='bbox 177 2296 239 2326; x_wconf 73' lang='lat'><strong>133</strong></span> <span class='ocrx_word' id='word_1_251' title='bbox 263 2295 357 2327; x_wconf 74' lang='lat' dir='ltr'><strong>Nunc</strong></span> <span class='ocrx_word' id='word_1_252' title='bbox 377 2305 455 2336; x_wconf 80' lang='lat' dir='ltr'><strong>ager</strong></span> <span class='ocrx_word' id='word_1_253' title='bbox 479 2296 638 2337; x_wconf 81' lang='lat' dir='ltr'><strong>Umbreni,</strong></span> <span class='ocrx_word' id='word_1_254' title='bbox 660 2296 731 2337; x_wconf 60' lang='lat' dir='ltr'><strong>isa]</strong></span> <span class='ocrx_word' id='word_1_255' title='bbox 763 2295 831 2327; x_wconf 82' lang='lat' dir='ltr'><strong>Ex·</strong></span> 
     </span>
     <span class='ocr_line' id='line_1_40' title="bbox 133 2345 830 2387; baseline 0 -11"><span class='ocrx_word' id='word_1_256' title='bbox 133 2353 251 2385; x_wconf 73' lang='lat' dir='ltr'><strong>pressa</strong></span> <span class='ocrx_word' id='word_1_257' title='bbox 275 2345 383 2378; x_wconf 84' lang='lat' dir='ltr'><strong>dictio</strong></span> <span class='ocrx_word' id='word_1_258' title='bbox 408 2356 451 2378; x_wconf 88' lang='lat' dir='ltr'><strong>ex</strong></span> <span class='ocrx_word' id='word_1_259' title='bbox 483 2347 620 2379; x_wconf 52' lang='grc' dir='ltr'><strong>[1υοίαηί</strong></span> <span class='ocrx_word' id='word_1_260' title='bbox 650 2346 830 2387; x_wconf 86' lang='lat' dir='ltr'><strong>Epigram-</strong></span> 
     </span>
     <span class='ocr_line' id='line_1_41' title="bbox 134 2394 830 2437; baseline 0.001 -11"><span class='ocrx_word' id='word_1_261' title='bbox 134 2399 226 2434; x_wconf 72' lang='lat' dir='ltr'><strong>mute</strong></span> <span class='ocrx_word' id='word_1_262' title='bbox 235 2405 244 2427; x_wconf 68' lang='grc' dir='ltr'><strong>ι</strong></span> <span class='ocrx_word' id='word_1_263' title='bbox 258 2394 369 2437; x_wconf 74' lang='grc' dir='ltr'><strong>Ἀγρὸς</strong></span> <span class='ocrx_word' id='word_1_264' title='bbox 375 2396 591 2436; x_wconf 76' lang='grc' dir='ltr'><strong><em>Ἀχαιμενίδου</em></strong></span> <span class='ocrx_word' id='word_1_265' title='bbox 598 2395 735 2436; x_wconf 77' lang='grc' dir='ltr'>γενόμην</span> <span class='ocrx_word' id='word_1_266' title='bbox 741 2394 830 2434; x_wconf 80' lang='grc' dir='ltr'>ποτὲ,</span> 
     </span>
     <span class='ocr_line' id='line_1_42' title="bbox 136 2442 831 2485; baseline 0.001 -11"><span class='ocrx_word' id='word_1_267' title='bbox 136 2443 189 2474; x_wconf 70' lang='grc' dir='ltr'><strong>νῦν</strong></span> <span class='ocrx_word' id='word_1_268' title='bbox 208 2442 242 2475; x_wconf 73' lang='grc' dir='ltr'><strong>δὲ</strong></span> <span class='ocrx_word' id='word_1_269' title='bbox 265 2444 436 2477; x_wconf 66' lang='grc' dir='ltr'><strong><em>Μενίππου·</em></strong></span> <span class='ocrx_word' id='word_1_270' title='bbox 470 2446 532 2479; x_wconf 68' lang='grc' dir='ltr'><strong>Καὶ</strong></span> <span class='ocrx_word' id='word_1_271' title='bbox 553 2445 651 2478; x_wconf 75' lang='grc' dir='ltr'>πάλιν</span> <span class='ocrx_word' id='word_1_272' title='bbox 669 2446 702 2485; x_wconf 78' lang='grc' dir='ltr'><strong>ἐξ</strong></span> <span class='ocrx_word' id='word_1_273' title='bbox 726 2443 831 2485; x_wconf 82' lang='grc' dir='ltr'>ἑτέρου</span> 
     </span>
     <span class='ocr_line' id='line_1_43' title="bbox 137 2487 831 2540; baseline -0.001 -11"><span class='ocrx_word' id='word_1_274' title='bbox 137 2487 270 2533; x_wconf 66' lang='grc' dir='ltr'><strong><em>βήσομαι</em></strong></span> <span class='ocrx_word' id='word_1_275' title='bbox 283 2494 326 2527; x_wconf 72' lang='grc' dir='ltr'><strong>εἷς</strong></span> <span class='ocrx_word' id='word_1_276' title='bbox 340 2494 455 2538; x_wconf 79' lang='grc' dir='ltr'><strong><em>ἕτερον·</em></strong></span> <span class='ocrx_word' id='word_1_277' title='bbox 471 2497 530 2530; x_wconf 76' lang='grc' dir='ltr'><strong>Καὶ</strong></span> <span class='ocrx_word' id='word_1_278' title='bbox 545 2497 607 2540; x_wconf 72' lang='grc' dir='ltr'><strong>γὰρ</strong></span> <span class='ocrx_word' id='word_1_279' title='bbox 617 2497 731 2529; x_wconf 79' lang='grc' dir='ltr'><strong><em>ἐκεῖνος</em></strong></span> <span class='ocrx_word' id='word_1_280' title='bbox 747 2495 831 2536; x_wconf 78' lang='grc' dir='ltr'>ἔχειν</span> 
     </span>
    </p>
   </div>
   <div class='ocr_carea' id='block_1_15' title="bbox 883 1596 1592 2541">
    <p class='ocr_par' dir='ltr' id='par_1_18' title="bbox 883 1596 1592 1939">
     <span class='ocr_line' id='line_1_44' title="bbox 887 1596 1589 1640; baseline 0 -11"><span class='ocrx_word' id='word_1_281' title='bbox 887 1598 929 1637; x_wconf 87' lang='grc' dir='ltr'><strong>με’</strong></span> <span class='ocrx_word' id='word_1_282' title='bbox 950 1599 1018 1629; x_wconf 76' lang='grc' dir='ltr'><strong>ποτ’</strong></span> <span class='ocrx_word' id='word_1_283' title='bbox 1043 1599 1133 1640; x_wconf 70' lang='grc' dir='ltr'><strong><em>ᾤετο,</em></strong></span> <span class='ocrx_word' id='word_1_284' title='bbox 1153 1599 1204 1631; x_wconf 72' lang='grc' dir='ltr'><strong>καὶ</strong></span> <span class='ocrx_word' id='word_1_285' title='bbox 1229 1598 1327 1630; x_wconf 73' lang='grc' dir='ltr'>πάλιν</span> <span class='ocrx_word' id='word_1_286' title='bbox 1354 1596 1445 1629; x_wconf 71' lang='grc' dir='ltr'><strong>οὗτος</strong></span> <span class='ocrx_word' id='word_1_287' title='bbox 1470 1598 1589 1629; x_wconf 73' lang='grc' dir='ltr'>Οἴεται·</span> 
     </span>
     <span class='ocr_line' id='line_1_45' title="bbox 888 1648 1591 1690; baseline 0.001 -9"><span class='ocrx_word' id='word_1_288' title='bbox 888 1650 949 1690; x_wconf 75' lang='grc' dir='ltr'><strong>εἰμὶ</strong></span> <span class='ocrx_word' id='word_1_289' title='bbox 965 1651 993 1681; x_wconf 89' lang='grc' dir='ltr'><strong>δ’</strong></span> <span class='ocrx_word' id='word_1_290' title='bbox 1008 1650 1090 1683; x_wconf 82' lang='grc' dir='ltr'><strong>ὅλως</strong></span> <span class='ocrx_word' id='word_1_291' title='bbox 1105 1650 1238 1690; x_wconf 75' lang='grc' dir='ltr'><strong>οὐδενὸς,</strong></span> <span class='ocrx_word' id='word_1_292' title='bbox 1254 1649 1342 1681; x_wconf 80' lang='grc' dir='ltr'>ἀλλὰ</span> <span class='ocrx_word' id='word_1_293' title='bbox 1356 1648 1472 1688; x_wconf 80' lang='grc' dir='ltr'><strong><em>Τύχης.</em></strong></span> <span class='ocrx_word' id='word_1_294' title='bbox 1505 1650 1591 1689; x_wconf 83' lang='lat' dir='ltr'><strong>Ager</strong></span> 
     </span>
     <span class='ocr_line' id='line_1_46' title="bbox 887 1700 1592 1738; baseline -0.001 -6"><span class='ocrx_word' id='word_1_295' title='bbox 887 1700 1120 1732; x_wconf 75' lang='lat' dir='ltr'><strong>Achaemem&#39;doe</strong></span> <span class='ocrx_word' id='word_1_296' title='bbox 1132 1710 1218 1732; x_wconf 81' lang='lat' dir='ltr'><strong>eram</strong></span> <span class='ocrx_word' id='word_1_297' title='bbox 1232 1701 1318 1738; x_wconf 82' lang='lat' dir='ltr'><strong>olim,</strong></span> <span class='ocrx_word' id='word_1_298' title='bbox 1334 1709 1414 1731; x_wconf 77' lang='lat' dir='ltr'><strong>nuuc</strong></span> <span class='ocrx_word' id='word_1_299' title='bbox 1433 1709 1506 1730; x_wconf 78' lang='lat' dir='ltr'><strong>vero</strong></span> <span class='ocrx_word' id='word_1_300' title='bbox 1522 1700 1592 1731; x_wconf 88' lang='lat' dir='ltr'><strong>Me-</strong></span> 
     </span>
     <span class='ocr_line' id='line_1_47' title="bbox 886 1749 1590 1790; baseline 0.001 -10"><span class='ocrx_word' id='word_1_301' title='bbox 886 1750 985 1790; x_wconf 77' lang='lat' dir='ltr'><strong>nippi.</strong></span> <span class='ocrx_word' id='word_1_302' title='bbox 1035 1751 1077 1782; x_wconf 78' lang='lat' dir='ltr'><strong>Et</strong></span> <span class='ocrx_word' id='word_1_303' title='bbox 1108 1760 1217 1782; x_wconf 80' lang='lat' dir='ltr'><strong>rursus</strong></span> <span class='ocrx_word' id='word_1_304' title='bbox 1242 1750 1281 1781; x_wconf 78' lang='lat' dir='ltr'><strong>ab</strong></span> <span class='ocrx_word' id='word_1_305' title='bbox 1306 1749 1367 1780; x_wconf 81' lang='lat' dir='ltr'><strong>ulio</strong></span> <span class='ocrx_word' id='word_1_306' title='bbox 1388 1749 1526 1780; x_wconf 80' lang='lat' dir='ltr'><strong>transibo</strong></span> <span class='ocrx_word' id='word_1_307' title='bbox 1550 1751 1590 1781; x_wconf 82' lang='lat' dir='ltr'><strong>ad</strong></span> 
     </span>
     <span class='ocr_line' id='line_1_48' title="bbox 884 1799 1591 1841; baseline 0 -11"><span class='ocrx_word' id='word_1_308' title='bbox 884 1799 991 1831; x_wconf 79' lang='lat' dir='ltr'><strong>alium.</strong></span> <span class='ocrx_word' id='word_1_309' title='bbox 1035 1800 1164 1832; x_wconf 80' lang='lat' dir='ltr'><strong>Etenim</strong></span> <span class='ocrx_word' id='word_1_310' title='bbox 1183 1801 1236 1832; x_wconf 82' lang='lat' dir='ltr'><strong>ine</strong></span> <span class='ocrx_word' id='word_1_311' title='bbox 1256 1800 1414 1841; x_wconf 78' lang='lat' dir='ltr'><strong>possidere</strong></span> <span class='ocrx_word' id='word_1_312' title='bbox 1430 1809 1476 1830; x_wconf 84' lang='lat' dir='ltr'><strong>me</strong></span> <span class='ocrx_word' id='word_1_313' title='bbox 1500 1803 1591 1839; x_wconf 78' lang='lat' dir='ltr'><strong>puta-</strong></span> 
     </span>
     <span class='ocr_line' id='line_1_49' title="bbox 883 1849 1590 1891; baseline 0 -10"><span class='ocrx_word' id='word_1_314' title='bbox 883 1849 939 1881; x_wconf 76' lang='lat' dir='ltr'><strong>bat</strong></span> <span class='ocrx_word' id='word_1_315' title='bbox 949 1860 960 1881; x_wconf 93' lang='lat'><strong>.·</strong></span> <span class='ocrx_word' id='word_1_316' title='bbox 981 1853 1013 1882; x_wconf 86' lang='lat' dir='ltr'><strong>et</strong></span> <span class='ocrx_word' id='word_1_317' title='bbox 1028 1849 1078 1882; x_wconf 68' lang='lat' dir='ltr'><strong>hic</strong></span> <span class='ocrx_word' id='word_1_318' title='bbox 1093 1851 1181 1882; x_wconf 81' lang='lat' dir='ltr'><strong>modo</strong></span> <span class='ocrx_word' id='word_1_319' title='bbox 1193 1853 1296 1891; x_wconf 77' lang='lat' dir='ltr'><strong>putat.</strong></span> <span class='ocrx_word' id='word_1_320' title='bbox 1343 1850 1473 1880; x_wconf 80' lang='lat' dir='ltr'><strong>Nullius</strong></span> <span class='ocrx_word' id='word_1_321' title='bbox 1487 1853 1590 1881; x_wconf 77' lang='lat' dir='ltr'><strong>autem</strong></span> 
     </span>
     <span class='ocr_line' id='line_1_50' title="bbox 885 1899 1350 1939; baseline 0.002 -9"><span class='ocrx_word' id='word_1_322' title='bbox 885 1899 1009 1930; x_wconf 74' lang='lat' dir='ltr'><strong>omnino</strong></span> <span class='ocrx_word' id='word_1_323' title='bbox 1024 1909 1104 1939; x_wconf 82' lang='lat' dir='ltr'><strong>sum,</strong></span> <span class='ocrx_word' id='word_1_324' title='bbox 1118 1901 1172 1931; x_wconf 79' lang='lat' dir='ltr'><strong>sed</strong></span> <span class='ocrx_word' id='word_1_325' title='bbox 1192 1900 1350 1931; x_wconf 81' lang='lat' dir='ltr'><strong>Fortunoe.</strong></span> 
     </span>
    </p>

    <p class='ocr_par' dir='ltr' id='par_1_19' title="bbox 883 1948 1591 2541">
     <span class='ocr_line' id='line_1_51' title="bbox 930 1948 1591 1988; baseline -0.002 -8"><span class='ocrx_word' id='word_1_326' title='bbox 930 1951 991 1982; x_wconf 75' lang='lat'><strong>134</strong></span> <span class='ocrx_word' id='word_1_327' title='bbox 1018 1949 1111 1982; x_wconf 81' lang='lat' dir='ltr'><strong>Cedit</strong></span> <span class='ocrx_word' id='word_1_328' title='bbox 1129 1950 1164 1981; x_wconf 81' lang='lat' dir='ltr'><strong>in</strong></span> <span class='ocrx_word' id='word_1_329' title='bbox 1184 1959 1274 1981; x_wconf 75' lang='lat' dir='ltr'><strong>usum</strong></span> <span class='ocrx_word' id='word_1_330' title='bbox 1290 1950 1385 1981; x_wconf 78' lang='lat' dir='ltr'><strong>Num:</strong></span> <span class='ocrx_word' id='word_1_331' title='bbox 1401 1948 1491 1988; x_wconf 72' lang='lat' dir='ltr'><strong>mihi,</strong></span> <span class='ocrx_word' id='word_1_332' title='bbox 1510 1959 1591 1980; x_wconf 73' lang='lat' dir='ltr'><strong>uun«.-</strong></span> 
     </span>
     <span class='ocr_line' id='line_1_52' title="bbox 883 1997 1591 2042; baseline -0.003 -10"><span class='ocrx_word' id='word_1_333' title='bbox 883 1997 958 2040; x_wconf 76' lang='lat' dir='ltr'><strong>alii]</strong></span> <span class='ocrx_word' id='word_1_334' title='bbox 981 2007 1023 2033; x_wconf 87' lang='lat'><strong>11.</strong></span> <span class='ocrx_word' id='word_1_335' title='bbox 1047 2000 1159 2042; x_wconf 82' lang='lat' dir='ltr'><strong>Epist.</strong></span> <span class='ocrx_word' id='word_1_336' title='bbox 1174 2002 1206 2032; x_wconf 76' lang='lat'><strong>2.</strong></span> <span class='ocrx_word' id='word_1_337' title='bbox 1236 2002 1310 2032; x_wconf 88' lang='grc'><strong>171.</strong></span> <span class='ocrx_word' id='word_1_338' title='bbox 1335 2000 1518 2041; x_wconf 80' lang='lat' dir='ltr'><strong>‘tanquam</strong></span> <span class='ocrx_word' id='word_1_339' title='bbox 1538 1999 1591 2030; x_wconf 88' lang='lat' dir='ltr'><strong>Sit</strong></span> 
     </span>
     <span class='ocr_line' id='line_1_53' title="bbox 885 2049 1589 2092; baseline 0 -12"><span class='ocrx_word' id='word_1_340' title='bbox 885 2050 1062 2091; x_wconf 85' lang='lat' dir='ltr'><strong>proprium</strong></span> <span class='ocrx_word' id='word_1_341' title='bbox 1080 2051 1251 2092; x_wconf 79' lang='lat' dir='ltr'><strong>cuiquam,</strong></span> <span class='ocrx_word' id='word_1_342' title='bbox 1267 2054 1396 2091; x_wconf 89' lang='lat' dir='ltr'><strong>puncto</strong></span> <span class='ocrx_word' id='word_1_343' title='bbox 1409 2049 1501 2091; x_wconf 90' lang='lat' dir='ltr'><strong>quod</strong></span> <span class='ocrx_word' id='word_1_344' title='bbox 1519 2059 1589 2080; x_wconf 90' lang='lat' dir='ltr'><strong>mo·</strong></span> 
     </span>
     <span class='ocr_line' id='line_1_54' title="bbox 886 2098 1590 2142; baseline 0.001 -13"><span class='ocrx_word' id='word_1_345' title='bbox 886 2098 964 2130; x_wconf 80' lang='lat' dir='ltr'><strong>bilis</strong></span> <span class='ocrx_word' id='word_1_346' title='bbox 985 2100 1091 2142; x_wconf 83' lang='lat' dir='ltr'><strong>horae,</strong></span> <span class='ocrx_word' id='word_1_347' title='bbox 1106 2101 1208 2132; x_wconf 88' lang='lat' dir='ltr'><strong>Nunc</strong></span> <span class='ocrx_word' id='word_1_348' title='bbox 1223 2109 1341 2141; x_wconf 84' lang='lat' dir='ltr'><strong>prece,</strong></span> <span class='ocrx_word' id='word_1_349' title='bbox 1355 2109 1445 2131; x_wconf 87' lang='lat' dir='ltr'><strong>nunc</strong></span> <span class='ocrx_word' id='word_1_350' title='bbox 1464 2100 1590 2140; x_wconf 84' lang='lat' dir='ltr'><strong>pretio,</strong></span> 
     </span>
     <span class='ocr_line' id='line_1_55' title="bbox 886 2151 1589 2192; baseline 0.001 -11"><span class='ocrx_word' id='word_1_351' title='bbox 886 2159 976 2182; x_wconf 86' lang='lat' dir='ltr'><strong>nune</strong></span> <span class='ocrx_word' id='word_1_352' title='bbox 1005 2151 1052 2192; x_wconf 90' lang='lat' dir='ltr'><strong>vi,</strong></span> <span class='ocrx_word' id='word_1_353' title='bbox 1083 2161 1172 2183; x_wconf 90' lang='lat' dir='ltr'><strong>nunc</strong></span> <span class='ocrx_word' id='word_1_354' title='bbox 1202 2156 1294 2183; x_wconf 74' lang='lat' dir='ltr'><strong>sorte</strong></span> <span class='ocrx_word' id='word_1_355' title='bbox 1321 2161 1478 2192; x_wconf 78' lang='lat' dir='ltr'><strong>suprema</strong></span> <span class='ocrx_word' id='word_1_356' title='bbox 1506 2151 1589 2182; x_wconf 88' lang='lat' dir='ltr'><strong>Per-</strong></span> 
     </span>
     <span class='ocr_line' id='line_1_56' title="bbox 886 2200 1589 2242; baseline 0.003 -12"><span class='ocrx_word' id='word_1_357' title='bbox 886 2203 996 2232; x_wconf 77' lang='lat' dir='ltr'><strong>mutet</strong></span> <span class='ocrx_word' id='word_1_358' title='bbox 1009 2200 1177 2242; x_wconf 85' lang='lat' dir='ltr'><strong>dominos,</strong></span> <span class='ocrx_word' id='word_1_359' title='bbox 1192 2205 1226 2233; x_wconf 90' lang='lat' dir='ltr'><strong>et</strong></span> <span class='ocrx_word' id='word_1_360' title='bbox 1243 2200 1345 2234; x_wconf 83' lang='lat' dir='ltr'><strong>cedat</strong></span> <span class='ocrx_word' id='word_1_361' title='bbox 1361 2202 1394 2234; x_wconf 90' lang='lat' dir='ltr'><strong>in</strong></span> <span class='ocrx_word' id='word_1_362' title='bbox 1408 2202 1516 2233; x_wconf 77' lang='lat' dir='ltr'><strong>altera</strong></span> <span class='ocrx_word' id='word_1_363' title='bbox 1534 2202 1589 2242; x_wconf 84' lang='lat' dir='ltr'><strong>jn-</strong></span> 
     </span>
     <span class='ocr_line' id='line_1_57' title="bbox 886 2248 948 2280; baseline 0.016 -1"><span class='ocrx_word' id='word_1_364' title='bbox 886 2248 948 2280; x_wconf 84' lang='lat' dir='ltr'><strong>ra.’</strong></span> 
     </span>
     <span class='ocr_line' id='line_1_58' title="bbox 931 2299 1586 2342; baseline 0.002 -12"><span class='ocrx_word' id='word_1_365' title='bbox 931 2300 992 2331; x_wconf 77' lang='lat'><strong>135</strong></span> <span class='ocrx_word' id='word_1_366' title='bbox 1018 2299 1172 2336; x_wconf 77' lang='lat' dir='ltr'><strong>Quocirca</strong></span> <span class='ocrx_word' id='word_1_367' title='bbox 1183 2301 1280 2333; x_wconf 79' lang='lat' dir='ltr'><strong>vivite</strong></span> <span class='ocrx_word' id='word_1_368' title='bbox 1288 2301 1402 2342; x_wconf 80' lang='lat' dir='ltr'><strong>fortes,</strong></span> <span class='ocrx_word' id='word_1_369' title='bbox 1412 2300 1484 2341; x_wconf 57' lang='grc' dir='ltr'><strong>ἔξω]</strong></span> <span class='ocrx_word' id='word_1_370' title='bbox 1500 2301 1586 2334; x_wconf 82' lang='lat' dir='ltr'><strong>Quae</strong></span> 
     </span>
     <span class='ocr_line' id='line_1_59' title="bbox 887 2349 1588 2393; baseline -0.001 -13"><span class='ocrx_word' id='word_1_371' title='bbox 887 2358 963 2380; x_wconf 89' lang='lat' dir='ltr'><strong>cum</strong></span> <span class='ocrx_word' id='word_1_372' title='bbox 981 2349 1031 2381; x_wconf 82' lang='lat' dir='ltr'><strong>ita</strong></span> <span class='ocrx_word' id='word_1_373' title='bbox 1046 2350 1125 2392; x_wconf 80' lang='lat' dir='ltr'><strong>sint,</strong></span> <span class='ocrx_word' id='word_1_374' title='bbox 1140 2361 1160 2382; x_wconf 95' lang='lat' dir='ltr'><strong>o</strong></span> <span class='ocrx_word' id='word_1_375' title='bbox 1177 2351 1275 2393; x_wconf 87' lang='lat' dir='ltr'><strong>pueri</strong></span> <span class='ocrx_word' id='word_1_376' title='bbox 1291 2351 1371 2390; x_wconf 89' lang='lat' dir='ltr'><strong>mei,</strong></span> <span class='ocrx_word' id='word_1_377' title='bbox 1390 2350 1512 2381; x_wconf 81' lang='lat' dir='ltr'><strong>discite</strong></span> <span class='ocrx_word' id='word_1_378' title='bbox 1529 2359 1588 2380; x_wconf 90' lang='lat' dir='ltr'><strong>ex-</strong></span> 
     </span>
     <span class='ocr_line' id='line_1_60' title="bbox 887 2399 1588 2443; baseline 0.001 -13"><span class='ocrx_word' id='word_1_379' title='bbox 887 2400 1000 2441; x_wconf 87' lang='lat' dir='ltr'><strong>emplo</strong></span> <span class='ocrx_word' id='word_1_380' title='bbox 1022 2410 1097 2433; x_wconf 90' lang='lat' dir='ltr'><strong>meo</strong></span> <span class='ocrx_word' id='word_1_381' title='bbox 1121 2402 1204 2433; x_wconf 84' lang='lat' dir='ltr'><strong>nihii</strong></span> <span class='ocrx_word' id='word_1_382' title='bbox 1225 2401 1399 2443; x_wconf 86' lang='lat' dir='ltr'><strong>proprium</strong></span> <span class='ocrx_word' id='word_1_383' title='bbox 1418 2399 1513 2430; x_wconf 75' lang='lat' dir='ltr'><strong>vobis</strong></span> <span class='ocrx_word' id='word_1_384' title='bbox 1529 2409 1588 2431; x_wconf 85' lang='lat' dir='ltr'><strong>ex·</strong></span> 
     </span>
     <span class='ocr_line' id='line_1_61' title="bbox 887 2449 1587 2492; baseline 0.003 -12"><span class='ocrx_word' id='word_1_385' title='bbox 887 2449 1052 2487; x_wconf 66' lang='lat' dir='ltr'><strong>inimare,</strong></span> <span class='ocrx_word' id='word_1_386' title='bbox 1078 2461 1183 2492; x_wconf 81' lang='lat' dir='ltr'><strong>parvo</strong></span> <span class='ocrx_word' id='word_1_387' title='bbox 1209 2450 1362 2482; x_wconf 87' lang='lat' dir='ltr'><strong>contenti</strong></span> <span class='ocrx_word' id='word_1_388' title='bbox 1384 2459 1471 2489; x_wconf 83' lang='lat' dir='ltr'><strong>esse,</strong></span> <span class='ocrx_word' id='word_1_389' title='bbox 1485 2454 1519 2480; x_wconf 85' lang='lat' dir='ltr'><strong>et</strong></span> <span class='ocrx_word' id='word_1_390' title='bbox 1537 2450 1587 2482; x_wconf 86' lang='lat' dir='ltr'><strong>sic</strong></span> 
     </span>
     <span class='ocr_line' id='line_1_62' title="bbox 889 2498 1320 2541; baseline 0.002 -12"><span class='ocrx_word' id='word_1_391' title='bbox 889 2498 1048 2532; x_wconf 75' lang='lat' dir='ltr'><strong>Fortunae</strong></span> <span class='ocrx_word' id='word_1_392' title='bbox 1066 2501 1132 2532; x_wconf 88' lang='lat' dir='ltr'><strong>vim</strong></span> <span class='ocrx_word' id='word_1_393' title='bbox 1149 2500 1320 2541; x_wconf 81' lang='lat' dir='ltr'><strong>frangere.</strong></span> 
     </span>
    </p>
   </div>
  </div>
 </body>
</html>
