1956 3236
610 296 886 328 sannionum
922 297 1016 328 mn.
1052 297 1082 327 1.
1111 286 1154 327 6.

1520 283 1606 327 855

153 392 265 442 Nec,
285 392 406 446 quod
427 398 539 432 avus
559 390 641 431 tibi
662 394 885 434 maternus
902 390 988 431 fuit
1009 395 1143 444 atque
1162 393 1391 443 paternus,

151 458 273 500 Olim
293 460 370 513 qui
391 458 561 512 magnis
582 458 835 510 legionibus
857 458 1179 511 imperitarent;
1211 511 1215 515 ‚

150 525 215 567 Ut
234 526 434 580 plerique
455 525 609 574 solent,
631 537 742 565 naso
764 524 1002 577 suspendis
1023 523 1197 566 adunco
1577 522 1606 562 5

150 592 355 646 Ignotos,
375 596 425 632 ut
444 604 514 632 me
533 591 737 632 libertino
757 596 883 644 patre
903 597 1077 632 natum:

151 659 263 701 Cum
282 658 440 700 referre
459 670 611 710 negas,
633 657 753 711 quali
775 657 834 698 sit
854 658 1044 711 quisque
1064 661 1244 710 parente

150 725 318 775 Natus,
338 724 444 766 dum
464 724 690 777 ingenuus.

751 724 1003 764 Persuades
1023 724 1106 764 hoc
1128 723 1207 764 tibi
1228 734 1345 770 vere,

150 791 270 834 Ante
290 794 551 846 potestatem
571 791 693 832 Tulli
715 796 850 844 atque
874 791 1067 843 ignobile
1086 802 1281 843 regnum,

149 858 322 900 Multos
342 871 464 912 saepe
484 859 606 900 viros
626 858 762 899 nullis
783 857 1022 911 maj0ribus
1044 862 1165 898 ortos

1551 854 1607 896 10

146 993 270 1030 larunt,
283 995 339 1022 aut
352 992 432 1032 quod
446 989 583 1024 habuisti
595 1002 668 1023 avos
681 995 828 1032 paternos
850 1001 886 1022 ac
907 995 1064 1023 maternos
1078 990 1132 1030 qui
1144 989 1267 1030 pridem
1281 985 1608 1034 magnis—exercitibus

142 1033 312 1074 proefuere,
327 1044 388 1066 non
399 1037 575 1074 propterea,
591 1045 673 1066 more
687 1035 864 1070 multorum,
879 1034 1049 1065 subsannas
1064 1035 1220 1067 obscuros,
1234 1032 1316 1062 sicut
1329 1039 1378 1060 me
1391 1028 1531 1060 libertini
1549 1039 1606 1069 pa·

147 1077 209 1107 tris
222 1075 351 1117 filium.-
375 1074 496 1116 quando
562 1086 647 1108 rmas
662 1077 742 1107 nihil
763 1075 880 1114 referre
894 1087 952 1115 quo
968 1079 1098 1116 parente
1113 1074 1242 1114 quilibet
1261 1073 1424 1111 oriundus,
1447 1072 1608 1102 dummodo

144 1117 260 1158 probus
273 1117 327 1149 sit.
357 1119 447 1149 Bene
461 1128 516 1159 pro
531 1122 597 1150 ecto
612 1119 787 1159 existimas,
802 1122 874 1149 ante
891 1118 996 1149 Servii
1007 1118 1224 1149 auctoritatem
1238 1119 1332 1156 atque
1345 1114 1510 1154 imperium
1524 1113 1608 1144 haud

146 1158 281 1199 illustre,
292 1160 454 1200 plerosque
467 1161 581 1200 soepius
595 1161 679 1191 viros
691 1160 810 1201 ignotis
825 1163 910 1191 ortos
923 1160 1091 1199 majoribus
1113 1163 1145 1191 et
1167 1159 1257 1190 bonos
1281 1156 1425 1189 extitisse
1438 1159 1469 1187 et
1485 1157 1608 1196 magnis

758 1242 997 1254 eaeeeeeeoaeoee

149 1295 209 1328 tiae
238 1305 323 1327 meae
352 1297 566 1338 conjectura,
599 1298 686 1328 Olim
715 1297 769 1337 qui
797 1298 921 1337 magnis
948 1297 1127 1336 regionibus
1152 1296 1368 1336 imperitarent
1379 1305 1391 1332 ;
1414 1304 1514 1335 quam
1547 1294 1608 1324 mi·

150 1347 208 1370 ror
223 1338 266 1370 ab
281 1339 355 1370 aliis
379 1349 446 1370 non
469 1345 692 1379 praereptam:
718 1349 829 1380 neque
845 1340 934 1370 enim
950 1341 1033 1370 satis
1052 1339 1220 1378 intelligo,
1236 1348 1277 1368 an
1295 1342 1391 1368 recte
1407 1336 1475 1367 dici
1499 1336 1607 1376 possit

147 1389 273 1420 magna
295 1381 427 1412 numeri
450 1382 536 1411 certi
554 1385 664 1412 turma
681 1381 856 1418 militaris;
881 1387 917 1412 et
933 1381 1066 1411 abunde
1086 1386 1183 1420 patet
1202 1379 1355 1410 Etruscis
1369 1378 1513 1417 regibus
1535 1378 1605 1408 edi-

149 1426 222 1454 tum
237 1431 312 1453 esse
323 1422 563 1453 Maecenatem.
610 1423 817 1462 Pomponius
830 1423 924 1453 Mela
943 1431 966 1452 ι.
985 1426 1036 1453 12.
1051 1422 1093 1452 ‹le
1109 1421 1350 1452 Phoenicibus:
1368 1421 1378 1437 ‘
1392 1420 1510 1451 Classe
1526 1429 1604 1450 eon-

145 1462 278 1504 fligere,
290 1463 489 1503 imperitare
507 1463 691 1503 gentibus.’
737 1465 782 1495 Et
799 1464 877 1494 mihi
895 1464 1087 1504 persuadeo
1110 1464 1270 1494 Flaccum
1293 1466 1447 1493 nostrum
1462 1461 1508 1492 ob
1523 1471 1604 1493 ocu·

143 1505 197 1538 los
217 1505 370 1536 habuisse
399 1506 551 1537 Lucretii
576 1506 698 1545 locum,
715 1515 755 1536 11.
774 1509 869 1537 1041.
902 1507 912 1523 ‘
931 1505 1017 1537 Inde
1045 1506 1099 1536 alii
1122 1505 1218 1536 multi
1236 1514 1333 1544 reges
1349 1513 1529 1546 rerumque
1546 1514 1606 1545 po-

145 1551 258 1579 tentes
275 1547 491 1587 Deciderint,
514 1548 644 1588 mugnis
659 1548 716 1589 qui
734 1549 894 1589 gentibus
910 1548 1173 1590 imperitarunt.’
1185 1547 1192 1560 ’
1219 1546 1349 1586 Wakef.
1396 1547 1486 1578 Han.
1509 1547 1606 1586 impe·

142 1589 254 1621 riserit
263 1600 277 1626 ,·
299 1589 400 1621 Harl.
413 1593 444 1622 3.
460 1594 492 1622 4.
505 1593 537 1622 7.
558 1590 768 1631 imperitat-int
781 1601 793 1627 ;
819 1591 917 1622 Harl.
934 1593 966 1622 6.
999 1591 1114 1622 Zarot.
1131 1591 1213 1621 Vet.
1232 1590 1351 1621 Comb.
1374 1589 1607 1628 imperitarunt.

144 1631 264 1664 Bentl.
280 1640 324 1663 ex
340 1632 441 1664 codd.
461 1632 755 1673 imperitarent—7
774 1634 854 1663 Cum
868 1633 985 1671 referre
1000 1643 1094 1671 neges
1108 1633 1197 1672 conj.
1214 1631 1435 1662 Bonfin.—ll
1461 1631 1559 1662 Harl.
1570 1635 1604 1664 4.

796 1723 937 1755 NOTAE

142 1785 267 1818 Troad.
297 1788 307 1805 ‘
326 1786 505 1819 Generosa
532 1787 566 1818 iu
593 1791 688 1818 ortus
718 1787 847 1818 semina
902 1786 1067 1818 libertini.
1114 1785 1181 1819 Qui
1202 1785 1245 1816 ab
1270 1785 1320 1815 his
1342 1783 1503 1824 deinceps
1527 1793 1604 1815 nas-

142 1841 331 1878 exsurgunt
347 1836 450 1868 suos!
902 1843 1022 1868 cuntur
1037 1837 1177 1877 ingenui
1193 1841 1283 1867 sunt.

185 1889 204 1918 3
229 1887 310 1926 Nec,
323 1889 404 1928 quod
417 1897 494 1918 uuus
514 1887 584 1926 tibi,
598 1886 669 1927 ᾅτκ]
694 1886 845 1918 Paterno
942 1889 962 1918 8
982 1885 1157 1926 Ingenuus]
1183 1886 1260 1917 Nou
1272 1883 1410 1926 proprie
1422 1882 1603 1915 adhibetur

142 1942 366 1979 maternoque
387 1946 511 1977 genere
533 1936 775 1968 nobilissimum
795 1936 845 1967 in-

143 1987 238 2021 dicat
251 1989 494 2021 Maecenatem.

187 2037 421 2079 41aegionibm]
436 2039 673 2081 Synecdoclie.
698 2039 842 2079 Proprie

144 2094 227 2118 vero
255 2086 345 2127 legio
367 2086 411 2118 ad
434 2088 603 2119 Romanos
622 2087 846 2127 pertinebat:

144 2135 344 2168 continebat
358 2145 418 2168 sex
436 2137 608 2168 hominum
624 2136 752 2168 millia:
776 2136 843 2166 sin-

144 2185 235 2226 gulis
249 2191 361 2217 autem
377 2186 523 2218 millibus
545 2186 714 2218 Tribunus
737 2186 842 2226 impe-

143 2233 285 2274 ritabat,
313 2241 466 2277 tempore
495 2235 630 2277 quidem
661 2236 701 2267 C.
727 2235 841 2266 Marii.

142 2283 213 2316 Hic
227 2284 318 2316 enim
342 2287 469 2326 primus
496 2286 663 2327 legionem
688 2294 747 2316 sex
770 2285 842 2316 mil-

140 2333 222 2366 lium
245 2335 461 2376 conscrspsst,
478 2345 555 2377 quae
581 2340 684 2367 antea
699 2340 843 2377 quatuor

141 2383 284 2416 millium
308 2383 434 2416 fuerat.
477 2385 566 2416 Vide
589 2385 713 2416 Isidor.
737 2394 789 2416 rx.
811 2388 839 2416 3.

142 2433 267 2476 Veget.
281 2434 338 2466 lib.
355 2444 396 2467 ιι.
411 2435 504 2466 Fest.
519 2438 585 2467 &c-

185 2487 205 2515 ⁶
231 2482 317 2516 Naso
333 2485 493 2525 suspendis
514 2484 647 2524 adunco]
675 2484 780 2515 Vafre
806 2488 842 2516 et

143 2532 232 2565 salse
241 2533 391 2565 derides.
402 2535 550 2567 Quintil.
563 2543 613 2566 x1.
627 2537 658 2566 3.
671 2535 680 2551 ‘
693 2533 842 2565 Naribus

144 2581 280 2622 quidem
295 2583 439 2620 derisus,
450 2588 654 2622 contemtus,
665 2583 841 2614 fastidium

145 2629 329 2671 significari
346 2632 454 2663 solet.¹
490 2634 580 2666 Plin.
605 2643 657 2666 xr.
678 2636 730 2666 37.
755 2636 763 2651 ‘
782 2633 840 2664 Al-

145 2679 214 2711 tior
229 2679 352 2711 homini
369 2685 499 2713 tautum
519 2693 630 2724 nasus,
646 2693 746 2725 quem
762 2685 840 2715 novi

144 2737 257 2760 mores
272 2728 420 2761 subdolae
433 2731 578 2764 irrisioni
594 2732 777 2765 dicavere.'

188 2781 210 2810 6
238 2777 418 2818 Libertina]
464 2779 588 2814 Servus
619 2784 840 2815 manumissus

146 2833 287 2861 vocatur
309 2828 474 2860 libertus:
502 2830 573 2870 ejus
598 2830 659 2863 filii
680 2832 840 2866 dicuntur

899 1944 965 1966 vox
995 1936 1062 1967 ista
1087 1936 1150 1966 ltoc
1171 1934 1272 1966 loco:
1295 1933 1466 1974 significat
1488 1938 1601 1964 autem

898 1984 954 2015 hic
970 1994 1036 2015 non
1051 1984 1209 2022 liberum,
1230 1982 1291 2014 sed
1307 1982 1456 2014 moribus
1478 1983 1603 2022 praedi-

897 2039 968 2066 tum
999 2034 1109 2073 bouis,
1141 2034 1288 2074 ingenuo
1323 2038 1360 2064 et
1394 2032 1499 2064 nobili
1531 2033 1602 2063 viro

897 2085 1022 2126 dignis.

939 2137 960 2165 9
982 2135 1067 2166 Ante
1078 2136 1264 2174 potestatem
1282 2131 1383 2172 Tum]
1407 2131 1600 2174 Antequam

899 2184 1016 2216 Romae
1032 2187 1149 2215 sextus
1175 2186 1336 2223 regnaret
1356 2182 1496 2215 Servius
1520 2184 1601 2214 Tul-

897 2234 975 2273 lius,
1001 2233 1181 2275 Tarquinii
1210 2242 1388 2265 successor
1418 2238 1452 2265 et
1483 2243 1600 2274 gener,

899 2284 1035 2316 Ocrisia
1050 2288 1161 2315 matre
1183 2284 1322 2325 captiva
1344 2289 1454 2315 natus.
1500 2285 1599 2316 Unde

898 2340 1016 2367 noster
1040 2335 1116 2375 ejus
1146 2334 1156 2351 ‘
1171 2343 1314 2375 reguum
1343 2334 1494 2375 ignobile
1510 2333 1518 2347 ’
1541 2344 1600 2375 ap-

897 2386 1015 2426 pellat.
1052 2386 1254 2426 Quanquam
1270 2383 1362 2424 apud
1379 2383 1597 2414 Corniculum

895 2444 988 2466 suam
1003 2435 1149 2475 patriam
1171 2433 1263 2464 domi
1287 2432 1387 2463 valde
1407 2431 1530 2462 nobilis
1546 2430 1600 2462 fu-

896 2485 962 2516 isse
985 2484 1217 2526 cognoscitur.
1263 2482 1349 2512 Vide
1367 2481 1510 2520 Dionys.
1530 2481 1600 2512 Ha-

896 2534 954 2566 lic.
970 2543 1020 2566 1v.
1036 2534 1110 2565 Liv.
1128 2542 1151 2563 1.
1167 2535 1220 2564 41.
1245 2531 1303 2561 nbi
1325 2530 1488 2570 Tanaquil
1512 2539 1600 2562 uxor

894 2583 1069 2624 Tarquinii
1086 2583 1134 2612 sic
1151 2582 1307 2611 hortatur
1321 2579 1476 2611 Servium
1493 2579 1599 2612 hunc:

896 2634 904 2649 ‘
923 2633 1026 2672 Erige
1043 2635 1090 2671 te,
1110 2631 1274 2670 Deosque
1298 2629 1403 2659 duces
1426 2638 1571 2669 sequere
1588 2641 1595 2660 :

893 2683 951 2724 qui
967 2682 1026 2720 sis,
1042 2689 1108 2711 uon
1133 2678 1223 2710 unde
1247 2682 1347 2709 natus
1368 2678 1427 2718 sis,
1450 2683 1598 2718 reputa:

897 2738 933 2764 et
954 2741 1016 2762 nos
1033 2729 1203 2770 peregrini
1219 2728 1444 2769 regnavimus.
1487 2729 1596 2762 Tuum

896 2787 962 2821 est,
975 2780 1085 2819 Servi,
1100 2779 1126 2810 si
1145 2779 1194 2808 vir
1210 2787 1259 2814 es,
1276 2776 1441 2819 regnum,’
1455 2780 1518 2810 &c-

940 2831 1048 2864 Nullis
1076 2827 1244 2868 majoribus
1272 2826 1371 2868 ortos]
1418 2828 1595 2869 Originem
