1904 3256
676 317 863 348 EPODnN
898 317 943 348 m
952 317 1060 348 BER.

1499 308 1585 351 ⁴723

250 412 416 455 Reddit
432 412 507 454 ubi
527 411 730 453 Cererem
749 410 881 454 tellus
901 413 1066 455 inarata
1087 414 1336 468 quotannis,

308 481 368 522 Et
387 481 604 534 imputata
630 479 756 521 floret
775 493 916 534 usque
934 481 1078 531 vinea,

252 547 481 591 Gen-minat
499 552 544 589 et
561 560 786 602 nunquam
803 548 999 589 fallentis
1019 553 1177 590 termes
1199 548 1344 599 olivae,

1529 549 1587 589 45

307 615 534 668 Suamque
554 615 677 669 pulla
696 614 804 656 ficus
826 619 948 658 ornat
966 617 1162 658 arborem
1178 630 1190 668 ;

135 776 202 798 cem
214 771 246 799 et
258 766 378 799 insulas
391 767 510 806 beatae,
525 766 578 798 ubi
600 767 698 798 solum
722 767 871 797 incultum
884 766 954 804 sert
974 777 1102 799 mensem
1124 769 1214 800 annis
1226 768 1372 809 singuli-r,
1390 771 1420 800 et
1434 769 1511 800 vilis
1525 778 1586 799 non

137 810 237 841 recisa
258 810 458 842 nihilominus
469 810 638 851 βοηθοίη
668 813 761 850 atque
782 819 888 840 ramus
909 810 984 840 oleoe
1008 820 1225 851 nunquamnon
1245 822 1370 850 germen
1395 814 1425 842 et
1442 812 1586 850 fructum

133 852 289 894 producit,
312 856 344 885 et
358 852 445 896 ficus
466 856 592 884 matura
611 853 771 893 propriam
791 852 931 883 arborem
946 857 1076 884 exornat
1087 864 1099 890 ,·
1122 855 1181 885 mel
1194 854 1276 896 fluit
1292 864 1308 886 e
1328 858 1438 886 cavata
1453 863 1586 895 quercum·

739 946 860 959 eeeeee

863 946 980 960 ‘emo

137 1021 196 1053 sed
222 1027 308 1062 puto
333 1033 400 1055 nou
425 1033 502 1055 esse
523 1034 674 1056 necesse.
721 1025 810 1057 Nam
827 1035 894 1056 non
912 1026 1091 1067 quaeritur,
1105 1035 1147 1056 an
1165 1026 1324 1057 Oceanus
1341 1023 1468 1065 aliquid
1485 1032 1590 1064 expe·

138 1064 275 1096 tendum
301 1065 445 1098 habeat:
469 1076 585 1098 sensus
601 1072 675 1098 est:
702 1068 810 1099 Nobis
827 1069 1054 1108 navigandum
1071 1074 1144 1099 est:
1171 1068 1303 1108 ingredi
1320 1067 1480 1098 debemus
1495 1065 1590 1096 navi-

138 1106 202 1137 bns
218 1116 319 1138 mure.
362 1108 487 1147 Manet,
509 1110 573 1141 lroc
597 1119 697 1141 sensu
723 1119 815 1150 saepe
835 1112 985 1151 ponitur,
1010 1120 1072 1151 pro
1087 1116 1287 1151 expectare,
1302 1113 1359 1141 ut:
1382 1111 1392 1127 ⁴
1407 1109 1456 1139 Te
1472 1112 1589 1139 manet

141 1148 288 1180 Asiatici
305 1150 424 1181 tellns'
447 1151 512 1192 Ep.
530 1160 617 1183 xru.
635 1155 686 1183 13.
709 1155 718 1170 ‘
734 1152 822 1183 Fata
837 1162 914 1193 quae
930 1159 1068 1184 manent
1082 1154 1198 1193 culpas
1215 1154 1316 1184 etiam
1333 1151 1396 1182 sub
1413 1150 1511 1182 orco'
1535 1158 1591 1181 ιιι.

139 1191 207 1222 Od.
227 1194 278 1223 11.
292 1191 356 1223 293
377 1192 638 1226 Klotz.—42-45
662 1194 736 1226 Hos
751 1199 898 1236 quatuor
914 1205 1032 1227 versus
1053 1196 1163 1227 versui
1186 1194 1462 1227 duodevicesimo
1478 1192 1589 1233 subje-

792 1304 823 1336 N
829 1304 933 1338 01*AE

140 1369 189 1392 ιν.
206 1359 275 1392 Od.
291 1363 322 1393 8.
335 1361 398 1393 sub
412 1361 526 1394 finem.

179 1415 222 1443 43
247 1412 365 1444 Reddit
379 1413 431 1444 ubi
445 1414 600 1453 Cererem,
613 1414 684 1455 ξω]
708 1415 835 1446 Beatus

135 1462 262 1494 insulas
276 1462 442 1494 describit
464 1463 628 1496 Horatius
652 1465 738 1496 miro
756 1464 835 1496 arti·

135 1511 214 1544 ficio
242 1511 394 1544 imitatus
422 1512 603 1553 ‘Virgilium
633 1513 761 1555 Georg.
791 1523 833 1546 11.

137 1564 212 1594 14⁰.
226 1565 262 1594 et
273 1571 343 1603 neq.
364 1562 476 1594 Italiae
493 1563 610 1595 laudes
627 1573 834 1605 persequen-

137 1617 205 1644 tem
220 1622 230 1644 :
247 1613 258 1631 ‘
269 1612 337 1645 Sed
349 1614 500 1654 gravidae
516 1614 648 1656 fruges,
659 1620 695 1646 et
707 1615 835 1647 Bacchi

135 1663 305 1695 Massicus
327 1663 448 1695 humor
475 1664 686 1705 Implevere:
715 1668 837 1696 tenent

135 1713 302 1755 oleoeque,
317 1718 537 1756 armentaque
555 1715 637 1746 laeta
639 1735 752 1746 .....
768 1714 837 1746 Hic

137 1771 197 1794 ver
211 1762 398 1803 assiduum,
414 1768 516 1805 atque
532 1763 649 1795 alienis
665 1763 837 1795 mensibus

135 1818 261 1853 tutan
285 1814 345 1846 Bis
361 1813 511 1855 gravidae
527 1813 691 1855 pecudes,
707 1813 759 1845 bis
779 1823 838 1854 po·

135 1864 199 1896 mis
214 1863 307 1896 utilis
322 1863 447 1903 arbos:
460 1866 526 1896 dcc.
581 1864 788 1896 Plutarchus
802 1864 838 1895 in

135 1913 300 1953 Sertorio,
323 1914 367 1946 de
397 1913 583 1946 Atlanticis
606 1915 723 1946 insulis
753 1923 838 1956 quas

137 1969 262 1997 vocant
290 1965 430 2004 Ecaten,
459 1964 508 1996 ita
536 1964 687 1996 scribit:
722 1964 837 1995 ‘Duae

136 2019 229 2055 nunt,
239 2024 344 2056 parvo
360 2014 444 2046 mari
460 2014 580 2047 divisae
594 2015 686 2046 inter
701 2024 759 2054 se;
774 2013 836 2046 de·

139 2072 212 2096 cem
249 2064 400 2096 millibus
436 2064 622 2096 stadiorum
652 2064 783 2095 distant
814 2073 836 2095 a

138 2111 260 2153 Libyn.
306 2112 438 2144 Imbres
459 2113 532 2144 illic
551 2114 619 2144 rari
634 2112 836 2144 mediocres-

139 2171 218 2202 que,
236 2162 329 2193 venti
354 2171 474 2194 suaves
498 2162 679 2203 plurimum
700 2171 740 2193 ac
757 2161 839 2193 rori-

138 2209 224 2242 feri:
249 2211 356 2242 solum
384 2211 526 2252 pingue,
550 2221 613 2243 uec
635 2211 721 2243 arari
737 2210 838 2243 modo

139 2261 331 2302 plantarive
355 2259 482 2300 facile3
509 2260 569 2292 sed
593 2261 697 2293 etiam
728 2271 773 2293 ex
800 2271 838 2293 se

139 2310 270 2352 absque
293 2310 362 2341 ullu
382 2310 525 2342 humana
546 2310 712 2342 industria
734 2315 771 2342 et
789 2311 838 2342 la-

139 2359 236 2400 bore,
250 2358 400 2391 fructum
418 2359 575 2400 producit
593 2383 602 2392 .
618 2383 627 2392 .
643 2383 651 2392 .
668 2384 677 2392 .
693 2360 752 2393 aet
769 2361 837 2392 siu-

138 2418 237 2441 cerus
266 2418 307 2441 ac
337 2414 559 2450 temperatus,
588 2410 652 2442 &c.
676 2413 715 2441 ut
736 2410 839 2442 etiam

140 2458 230 2500 npud
245 2458 417 2490 Barbaros
431 2458 661 2491 increbruerit
681 2458 778 2498 fides,
793 2460 839 2492 E-

139 2507 242 2548 lysio·
263 2508 309 2539 ibi
333 2517 408 2540 esse
429 2518 579 2550 campoS,
602 2513 639 2541 et
662 2508 839 2541 beatorum

141 2555 311 2589 domicilia
321 2557 364 2589 ab
377 2558 531 2590 Homero
544 2559 738 2591 decantata.
751 2560 838 2592 Haec

141 2605 244 2643 igitur
262 2615 337 2638 cum
359 2607 508 2639 audisset
531 2608 718 2648 Sertorius,
742 2610 839 2639 mira-

144 2652 221 2684 bilin
249 2663 325 2686 eum
353 2657 479 2697 cupido
507 2658 603 2700 cepit
630 2668 688 2690 eas
711 2659 838 2690 insulas

145 2702 292 2734 adeundi
306 2703 560 2748 incolendique;
581 2712 617 2740 et
636 2708 706 2739 illic
722 2707 838 2749 quiete

143 2750 282 2782 vivendi
295 2751 367 2783 sine
381 2755 639 2794 magistratuum
651 2761 755 2798 atque
767 2756 839 2788 bel-

144 2802 254 2832 lorum
292 2801 395 2832 curis.
439 2803 487 2835 At
519 2805 645 2838 Cilices
675 2807 772 2847 pacis
802 2811 839 2838 et

147 2850 270 2892 quietis
313 2849 540 2894 impatientes,
578 2855 838 2898 rapinarumque

888 1367 993 1406 avidi,
1012 1368 1153 1399 Sertorii
1167 1368 1315 1398 animum
1328 1365 1483 1397 frustrati
1499 1367 1590 1404 sunt,

889 1417 971 1446 etin
987 1417 1130 1457 Libyam
1146 1418 1263 1447 statim
1278 1414 1508 1455 navigarunt!

931 1467 973 1496 44
996 1465 1157 1505 Impunita
1171 1464 1272 1505 floret
1290 1473 1385 1504 usque
1400 1462 1506 1502 vinea]
1530 1462 1590 1493 vi-

887 1514 945 1553 tis,
959 1514 1026 1545 etsi
1050 1524 1116 1545 non
1141 1519 1276 1554 putata,
1291 1513 1392 1545 floret
1418 1517 1531 1544 tamen
1554 1517 1591 1555 qt

887 1563 1036 1596 fructum
1058 1563 1171 1596 affert.
1216 1564 1307 1596 Nou.
1332 1563 1488 1595 Marcell.
1502 1564 1511 1580 ‘
1530 1572 1590 1603 pu-

889 1618 965 1645 tare
979 1614 1107 1645 dicitur
1131 1624 1291 1655 purgare,
1307 1612 1524 1650 rarefacere:
1541 1612 1590 1643 in-

889 1663 974 1703 quit,
987 1661 1154 1704 affertque
1169 1663 1254 1694 illud
1271 1673 1289 1694 e
1304 1672 1346 1693 ιι.
1363 1661 1491 1701 Georg.
1507 1663 1516 1679 ‘
1528 1660 1590 1692 fin-

890 1713 1009 1754 gitque
1031 1712 1205 1754 putando.'
1235 1712 1279 1744 A.
1304 1712 1396 1743 Geli.
1423 1720 1471 1743 vr.
1495 1715 1527 1742 5.
1544 1711 1592 1742 sic

889 1762 1008 1794 scribit
1023 1773 1031 1794 :
1055 1764 1064 1780 ⁴
1081 1763 1210 1794 Putate
1226 1767 1362 1794 veteres
1388 1761 1518 1797 dixere,
1535 1770 1592 1791 va-

891 1813 1006 1845 cantia
1013 1822 1056 1845 ex
1063 1822 1196 1855 quaque
1207 1823 1244 1844 re
1254 1822 1294 1844 ac
1306 1821 1372 1844 non
1387 1811 1592 1849 necessaria,

892 1867 951 1894 aut
963 1863 1065 1894 etiam
1081 1862 1251 1894 obstantia
1264 1867 1300 1894 et
1319 1861 1443 1900 aliena,
1455 1859 1591 1891 auferre

892 1918 928 1944 et
957 1912 1136 1952 excidere;
1173 1912 1265 1953 quod
1295 1916 1409 1942 autem
1439 1910 1524 1942 utile
1555 1914 1591 1941 et

892 1962 965 1994 sine
983 1963 1065 1995 vitio
1089 1963 1278 2002 videretur,
1295 1962 1500 2002 relinquere.
1537 1959 1593 1991 Sic

889 2012 1026 2044 arbores
1040 2017 1076 2044 et
1090 2013 1190 2049 vites,
1209 2013 1259 2044 sic
1275 2017 1312 2044 et
1327 2012 1476 2043 rationes
1489 2011 1591 2043 dictae

890 2062 1028 2104 putari!
1071 2063 1249 2103 Originem
1265 2062 1408 2094 deducit
1423 2061 1545 2092 Festus
1573 2069 1593 2091 a

890 2122 974 2144 voce
989 2117 999 2131 ’
1018 2112 1159 2154 putum,¹
1184 2123 1260 2155 quae
1288 2112 1378 2143 idem
1395 2111 1485 2153 quod
1502 2115 1509 2128 ⁸
1529 2120 1591 2151 pu·

893 2170 965 2192 rum
975 2161 986 2175 ’
1000 2161 1183 2202 significet.

933 2213 974 2241 45
1001 2210 1141 2252 Termes]
1179 2210 1211 2242 A
1241 2210 1463 2242 terminandis
1501 2209 1590 2250 agris

892 2258 1004 2290 dictus
1019 2263 1150 2292 temes.-
1173 2265 1314 2301 eratque
1340 2270 1454 2291 ramus
1478 2269 1520 2291 ex
1538 2268 1590 2290 ar-

891 2307 974 2340 bore
987 2308 1155 2349 direptus,
1166 2309 1294 2340 habens
1309 2308 1392 2340 folia
1406 2309 1439 2340 in
1456 2308 1591 2339 summi-

892 2362 976 2394 tate,
1002 2358 1140 2399 reliquis
1165 2357 1270 2389 ferme
1293 2359 1466 2397 excussis3
1490 2367 1590 2398 quem

892 2408 927 2439 in
947 2407 1112 2439 divisione
1131 2418 1287 2449 agrorum
1303 2408 1468 2448 figebant,
1485 2407 1591 2447 prius-

894 2468 994 2500 quam
1009 2463 1111 2489 metae
1127 2463 1344 2499 ponerentur.
1369 2458 1504 2487 Festus.

937 2508 1106 2548 Nunquam
1127 2508 1273 2546 fallentis
1304 2506 1408 2545 olivoe]
1445 2506 1501 2536 Sic
1532 2513 1590 2536 ur.

894 2558 963 2589 Od.
989 2561 1021 2588 1.
1049 2558 1214 2588 ‘fundum
1243 2555 1460 2587 mendacem’
1480 2561 1592 2595 vocat,

893 2607 950 2648 qui
969 2606 1117 2637 fructum
1142 2615 1207 2636 non
1230 2604 1377 2637 afferens
1392 2614 1487 2645 spem
1505 2604 1592 2646 agri-

892 2657 977 2688 colae
992 2655 1191 2687 frustretur.

934 2709 977 2738 46
1000 2706 1156 2747 Suamque
1178 2706 1265 2746 pulla
1282 2705 1368 2746 ficus
1389 2707 1480 2736 ornat
1499 2703 1588 2736 urbo-

891 2755 972 2796 rem]
994 2755 1095 2787 Ficus
1116 2755 1267 2795 gignitur
1292 2764 1312 2786 e
1334 2755 1468 2787 surculo
1491 2759 1591 2786 natu-

892 2806 954 2839 ruli
970 2810 1005 2838 et
1020 2815 1085 2838 nou
1102 2805 1219 2837 insito.
