1930 3242
421 258 504 299 914

886 273 930 309 Q·
959 270 1160 301 HORATn
1195 267 1363 300 mascel

461 360 785 401 peu-stringebantur,
807 359 1069 395 offenderentur,
1093 362 1128 388 ut
1150 367 1189 389 eo
1212 357 1421 389 familiariter
1443 362 1625 392 uterentur.
1667 362 1725 394 Me
1749 373 1827 405 quo.

460 421 536 452 que,
549 421 733 453 quanquam
759 414 793 440 et
808 417 930 449 genere
955 414 990 439 et
1013 408 1145 448 ingenio
1169 408 1350 449 disparem,
1365 414 1475 441 tamen
1497 420 1574 442 cum
1598 412 1677 444 viris
1703 415 1828 454 magnis

459 463 579 494 vixisse
602 471 744 502 semper,
765 469 827 490 nec
848 459 1018 499 negabunt
1039 460 1207 498 malevoli,
1223 461 1277 501 qui
1294 471 1368 492 cum
1389 463 1474 493 malo
1490 471 1549 494 suo
1572 471 1624 494 me
1642 463 1828 504 lacesseut;

457 515 519 545 nisi
545 514 605 545 tibi
632 522 725 543 secus
742 512 844 541 visum
869 510 984 542 fuerit.
1026 511 1140 543 TREB.
1164 513 1325 553 Equidem
1351 513 1410 544 tibi
1427 523 1491 545 non
1514 515 1715 555 repugnabo.
1760 517 1828 548 Ve-

458 570 643 596 rumtamen
660 571 779 593 caveas
796 562 907 602 velim,
925 572 967 593 ne
991 561 1198 602 ignoratione
1221 565 1342 605 legum,
1361 575 1434 606 quae
1450 575 1580 606 poenam
1606 566 1786 605 minantur,
1801 568 1828 598 si

457 617 529 657 quis
544 616 629 647 mala
652 613 807 645 Carmina
823 614 856 644 in
882 624 979 655 quem
1003 615 1186 655 scripserit,
1209 616 1305 656 injus
1322 617 1447 648 voceris
1462 621 1497 648 et
1512 617 1687 649 damneris.
1730 618 1827 650 Hon-

457 666 611 699 Concedo
626 676 632 695 :
655 665 682 695 si
700 665 770 705 quis
785 665 872 695 mala
888 665 1043 696 Carmina
1057 666 1245 706 scripserit;
1268 671 1303 698 at
1318 667 1396 708 quid
1413 672 1495 708 tum,
1506 669 1533 699 si
1558 668 1643 710 quis,
1659 669 1730 710 ipse
1747 670 1824 701 vitae

455 719 597 757 integer,
612 716 698 746 bona
714 715 880 754 Carmina,
903 726 976 757 quas
999 717 1060 756 ipsi
1080 717 1231 758 Augusto
1256 718 1452 758 probantur,
1477 720 1510 750 in
1524 719 1687 751 hominem
1704 730 1826 761 oppro-

454 768 534 800 briis
550 767 708 806 dignum?
751 768 861 798 TREB.
881 768 964 799 Tum
980 777 1076 799 omne
1091 769 1255 808 judicium
1271 779 1345 800 cum
1362 770 1428 801 risu
1444 771 1562 811 exibit,
1579 776 1615 803 et
1631 776 1669 804 tu
1690 772 1824 813 impune

454 819 570 850 abibis.
588 819 684 850 Gesn.

411 892 547 932 SUNT
568 892 727 943 quibus
747 891 790 931 in
808 891 953 932 Satira
973 893 1120 934 videor
1138 895 1265 935 nimis
1283 907 1394 944 acer,
1413 898 1455 936 et
1472 895 1584 937 ultra

410 957 570 1008 Legem
590 956 760 998 tendere
778 969 918 1009 opus;
949 958 1041 998 sine
1062 959 1204 999 nervis
1224 960 1372 1009 altera,
1394 959 1601 1013 quicquid

409 1021 664 1073 Composui,
684 1034 784 1073 pars
804 1034 898 1062 esse
919 1027 1062 1074 putat,
1083 1023 1333 1076 similesque
1352 1037 1540 1065 meorum

410 1086 534 1127 Mille
556 1086 626 1127 die
647 1099 795 1127 versus
814 1086 971 1128 deduci
991 1100 1135 1140 posse.
1192 1088 1383 1137 Trebati,

451 1202 596 1235 Honmr.
618 1203 698 1234 Sient
711 1203 854 1243 homines,
867 1203 974 1243 quibus
989 1204 1095 1236 videar
1106 1204 1198 1236 nimis
1211 1213 1297 1245 asper
1311 1205 1345 1235 in
1357 1204 1476 1244 Satira,
1489 1207 1520 1235 et
1535 1214 1653 1237 carmen
1667 1207 1822 1241 intendere

406 1254 498 1283 supra
513 1246 642 1275 modum.
690 1245 769 1275 Pars
782 1246 879 1275 altera
891 1245 1050 1276 existimat
1064 1247 1131 1277 sine
1145 1246 1261 1276 viribus
1274 1255 1337 1277 esse
1349 1246 1382 1276 id
1397 1255 1481 1277 omne
1497 1247 1574 1285 quod
1587 1248 1713 1287 scripsi:
1732 1253 1822 1290 atque

407 1295 466 1317 uno
490 1287 540 1317 die
563 1286 652 1316 condi
675 1295 762 1326 posse
785 1286 923 1318 millenos
947 1296 1050 1318 versus
1064 1288 1191 1327 oequales
1211 1287 1296 1318 meis.
1343 1288 1372 1316 Ο
1391 1287 1525 1327 Trebati,
1538 1286 1612 1326 jube
1626 1289 1698 1329 quid
1718 1300 1820 1330 agam.

994 1377 1229 1389 oeaeaemwo

445 1440 554 1472 Satira
570 1440 683 1480 quinta
708 1439 801 1470 Libri
825 1439 963 1470 secundi
985 1440 1017 1470 in
1040 1440 1102 1471 Ed.
1118 1440 1241 1472 Sanad.
1284 1440 1422 1481 Antiqui
1440 1441 1537 1472 codd.
1556 1442 1675 1481 partim
1697 1442 1818 1473 librum

403 1482 490 1513 hunc
505 1481 703 1517 universum,
726 1481 845 1519 partim
870 1481 1009 1520 primam
1036 1481 1112 1511 libri
1134 1482 1274 1512 Satiram
1292 1482 1433 1513 Trebatio
1449 1483 1651 1514 inscribunt:
1675 1483 1731 1514 alii
1746 1483 1821 1514 Auli

403 1531 596 1563 praenomen
611 1522 640 1552 ei
659 1521 819 1560 tribuunt,
835 1521 1046 1562 improbante
1061 1523 1313 1554 Torrentio.-—l
1339 1525 1348 1541 ‘
1364 1524 1445 1554 Cum
1463 1524 1656 1564 quibusdam
1667 1524 1819 1555 Lambini

403 1564 539 1603 scriptis
554 1563 723 1594 codicibus
749 1572 807 1601 pro
830 1563 936 1593 videar
957 1563 1091 1603 reposui
1114 1564 1228 1594 videor.
1272 1563 1343 1594 Etsi
1369 1563 1518 1595 fateatur
1542 1566 1622 1596 nihil
1646 1566 1820 1605 interesse,

402 1603 577 1635 Bentleius
593 1608 704 1634 tamen
720 1603 761 1633 de
775 1603 879 1633 videor
894 1603 976 1634 fecit
990 1604 1108 1635 videar.
1149 1605 1238 1635 Satis
1254 1609 1363 1635 tamen
1380 1609 1510 1636 constat
1526 1615 1566 1636 ex
1591 1606 1818 1646 sequentibus,

402 1646 508 1676 videor
531 1649 623 1675 recte
647 1644 714 1674 dici
733 1644 767 1674 in
794 1643 994 1682 Indicativo‚
1008 1654 1083 1675 cum
1108 1654 1174 1675 non
1198 1645 1256 1675 fiat
1275 1647 1418 1677 narratio
1441 1647 1474 1677 in
1497 1646 1593 1678 modo
1609 1646 1819 1678 dubitativo!

402 1687 504 1717 Baxt.
547 1685 756 1717 videarHan.
772 1688 802 1715 l.
826 1685 922 1715 Harl.
938 1687 969 1715 2.
984 1687 1015 1716 3.
1031 1688 1061 1717 4.
1083 1690 1118 1716 et
1143 1686 1277 1717 dimidia
1293 1696 1367 1726 pars
1383 1687 1480 1718 codd.
1497 1697 1549 1728 ap.
1566 1687 1678 1719 Bentl.
1694 1696 1770 1718 cum
1785 1691 1819 1719 et

402 1727 480 1759 edd.
496 1732 580 1758 vett.
602 1728 611 1744 ‘
627 1727 725 1757 Ratio
741 1726 876 1756 dicendi
900 1727 1020 1757 Latina
1043 1736 1149 1767 eaque
1172 1728 1316 1758 severior
1339 1729 1445 1768 poscit
1459 1729 1593 1769 quidem
1607 1729 1712 1760 videar
1725 1739 1738 1766 ;
1759 1729 1817 1759 sed

402 1769 520 1807 videor,
534 1777 607 1798 cum
631 1768 674 1798 sit
698 1771 867 1798 structura
883 1768 1039 1798 orationis
1055 1768 1187 1806 Graeca,
1210 1778 1307 1809 quam
1335 1774 1423 1800 amat
1451 1771 1587 1808 Noster,
1610 1769 1818 1801 retinendum

426 1808 508 1840 uto.'
531 1809 691 1840 Zeun.-—2
717 1809 832 1847 Legem
845 1809 1003 1840 intendere
1018 1818 1091 1848 opus
1106 1810 1238 1849 quidam
1255 1810 1352 1841 codd.
1369 1810 1531 1850 Lambini,
1553 1811 1761 1850 Cuningami,
1780 1816 1816 1841 et

436 1851 477 1880 ic.
495 1849 639 1888 Heinsii‚
653 1859 714 1880 nec
730 1849 895 1889 improbat
911 1850 1095 1880 Bentleius.
1137 1851 1175 1880 L.
1191 1852 1313 1881 tendere
1325 1861 1398 1889 opus
1413 1861 1524 1882 omnes
1547 1852 1692 1882 Bentleii
1707 1857 1742 1882 et
1758 1852 1816 1882 ali-

400 1899 504 1922 orum.
527 1891 623 1929 Best‚
652 1890 730 1921 Rat.
756 1889 896 1921 Emend.
924 1899 956 1929 p.
973 1893 1043 1921 128.
1059 1890 1160 1930 legit:
1183 1895 1213 1921 et
1237 1892 1318 1922 ultra
1337 1893 1433 1930 legem
1456 1893 1596 1923 tendere.-
1623 1902 1705 1932 opus,
1719 1894 1815 1932 asc.—

1046 1982 1182 2014 NOTAE

442 2049 459 2076 1
494 2045 574 2077 Sunt
603 2045 720 2086 quibus,
751 2044 819 2085 ssa]
856 2044 1077 2084 Dialogismus

397 2094 476 2125 istic
492 2099 543 2126 est
561 2094 692 2125 Horatii
717 2103 756 2124 ac
779 2092 939 2123 Trebatii.
977 2092 1077 2123 Hunc

397 2152 518 2183 nempe
547 2143 657 2183 magni
686 2141 826 2173 nominis
857 2140 1077 2172 Jurisconsul-

398 2196 468 2222 tum
494 2190 603 2223 facete
632 2190 774 2222 consulit
797 2190 852 2220 ille
881 2189 961 2230 quid
990 2192 1080 2229 agat,

396 2251 474 2273 num
499 2241 623 2272 Satiras
643 2241 789 2271 scribere
812 2238 947 2270 debeat.
989 2239 1077 2269 Tan-

397 2291 473 2325 dem
489 2299 602 2321 omnes
617 2283 769 2320 Trebatii
791 2287 1011 2319 dissuadentis
1026 2296 1077 2318 ra-

397 2339 503 2370 tiones
518 2348 556 2370 ac
563 2339 672 2379 legum
686 2338 787 2369 etiam
801 2337 995 2377 praescripta
1008 2337 1076 2367 risu

396 2387 495 2418 solvit
507 2386 678 2417 Horatius.

443 2436 556 2467 Videor
577 2434 668 2465 nimis
686 2434 770 2474 acer]
795 2433 902 2464 Nimis
927 2431 1076 2463 dicacem

396 2488 432 2515 et
445 2483 601 2515 acerbum
625 2492 676 2513 me
703 2482 907 2521 redarguunt
922 2481 997 2511 alii:
1020 2481 1076 2512 alii

396 2537 515 2563 contra
540 2531 630 2561 velut
653 2534 849 2561 enervatum
872 2533 907 2559 et
929 2529 1074 2568 satyrico

395 2581 463 2611 sale
491 2580 698 2611 destitutum.
744 2579 776 2609 Ο
801 2578 963 2609 hominum
985 2578 1074 2618 judi-

396 2628 468 2658 cia!

443 2676 534 2706 Ultra
545 2676 671 2716 Legem]
685 2675 760 2714 Vel,
775 2676 861 2706 ultra
874 2675 1004 2706 modum
1018 2675 1075 2706 Sa-

397 2723 469 2755 tirae
488 2725 761 2763 convenientem3
786 2734 858 2765 quae
881 2725 1015 2765 quidem
1030 2723 1075 2753 le·

1130 2044 1222 2084 pida,
1235 2045 1365 2085 jocosa,
1379 2047 1466 2077 salsa
1482 2047 1591 2087 potius
1609 2057 1706 2089 quam
1721 2057 1813 2088 aspe-

1131 2102 1179 2132 ra,
1190 2093 1361 2134 injuriosa,
1372 2096 1619 2128 contumeliosa.
1640 2097 1715 2135 Vel,
1726 2098 1814 2128 ultra

1130 2150 1229 2181 quam
1252 2142 1353 2182 jubet
1381 2143 1452 2174 Lex
1482 2153 1540 2175 seu
1562 2153 1626 2176 xtr.
1647 2144 1730 2176 'l'ab.
1753 2153 1812 2176 seu

1130 2189 1222 2221 Julia
1237 2189 1278 2220 de
1304 2191 1499 2231 Majestate,
1519 2196 1658 2232 utraque
1683 2191 1812 2223 scilicet

1131 2241 1245 2268 vetans
1282 2246 1470 2278 quenquam
1503 2238 1630 2270 famoso
1664 2239 1811 2270 carmine

1130 2289 1188 2315 aut
1203 2284 1315 2315 libello
1341 2285 1467 2317 violari.
1514 2286 1599 2317 Vide
1625 2291 1742 2326 postea
1762 2296 1811 2319 vs.

1129 2335 1183 2364 82.
1225 2332 1311 2364 Item
1330 2333 1438 2372 Epist.
1461 2334 1502 2364 ad
1519 2334 1587 2366 Pis.
1602 2343 1650 2365 vs.
1665 2337 1737 2366 283.
1753 2334 1809 2365 ubi

1129 2382 1177 2413 sic
1191 2381 1349 2413 habetur:
1373 2382 1382 2397 ‘
1398 2381 1464 2412 Sed
1482 2382 1514 2412 in
1532 2382 1646 2414 vitium
1668 2383 1809 2414 libertas

1128 2430 1254 2461 excidit
1278 2434 1312 2460 et
1341 2429 1404 2460 vim
1430 2429 1574 2471 Dignam
1605 2432 1680 2471 lege
1712 2431 1808 2472 regi,’

1129 2480 1193 2511 &c.

1170 2529 1190 2557 2
1215 2525 1346 2557 Tendere
1358 2525 1446 2565 opus]
1465 2525 1617 2566 Metaph.
1633 2526 1807 2558 abinstru-

1128 2574 1245 2605 mentis
1269 2574 1415 2613 musicis,
1435 2574 1467 2604 in
1489 2574 1607 2615 quibus
1632 2578 1734 2606 tensae
1757 2576 1807 2607 ni-

1127 2626 1187 2656 mis
1201 2624 1333 2656 chordae
1350 2630 1558 2664 rumpuntur.

1168 2676 1187 2704 4
1221 2673 1354 2712 Deduci]
1391 2673 1499 2713 Epist.
1533 2673 1575 2704 ad
1605 2673 1806 2716 Augustum,

1126 2722 1136 2740 ‘
1148 2722 1253 2753 Tenui
1268 2722 1412 2754 deducta
1427 2721 1580 2762 poemata
1591 2721 1671 2753 filo.'
