1904 3256
347 320 430 360 694
818 337 859 373 Q.
891 333 1094 365 noRA'ru
1129 333 1299 365 FLACGI

519 425 842 478 Hostiliumque
862 425 1035 465 navium
1055 430 1185 477 portu
1204 425 1336 466 latent

571 491 751 543 Puppes
773 490 1065 530 sinistrorsum
1087 489 1201 530 citae.

516 554 567 595 Io
586 554 841 606 Triumphe,
866 559 914 593 tu
933 554 1112 594 moraris
1131 566 1284 594 aureos

572 619 746 667 Currus,
767 622 811 658 et
831 618 1015 658 intactas
1035 619 1193 669 boves3

1709 492 1764 533 20

347 737 437 758 naves
450 729 579 759 hostium
592 730 632 760 ad
646 730 805 760 sinistram
818 727 973 769 dispositae
986 729 1019 760 in
1030 733 1122 769 portu
1133 729 1322 763 delitescunt.
1352 730 1387 762 Io
1402 730 1563 772 triumphe,
1577 734 1611 762 tu
1624 731 1764 762 retardas

936 821 1113 834 oeeaeeeeeo
1117 822 1173 834 000

344 889 378 920 p.
398 881 479 912 109.’
501 883 606 914 Klotz.
649 884 874 916 Bersmannus
898 887 984 926 conj.
1000 887 1244 918 verterint.—19
1267 885 1371 918 Codd.
1395 886 1459 917 duo
1485 886 1703 917 Bersmanni:
1727 886 1761 916 in

342 926 531 960 portua—20
556 925 630 955 Duo
653 925 752 958 codd.
774 927 910 966 Cruquii
933 933 968 958 et
992 927 1045 958 ed.
1069 927 1198 968 Gryph.
1221 928 1433 958 sinistrorsum
1446 928 1536 963 sitoe;
1559 926 1668 967 ‘quod
1694 935 1761 974 non

347 963 462 999 probo,
478 966 541 996 etsi
559 967 720 997 Dacerius
736 966 827 998 dicat
840 969 1056 999 sinestrorsum
1070 970 1140 1000 citoe
1154 978 1217 999 non
1238 978 1310 999 esse
1332 969 1508 999 Latinum-¹
1529 969 1628 999 Baaet.
1669 967 1679 985 ⁴
1694 968 1760 999 Hie

343 1003 435 1034 locus
451 1007 619 1045 negotium
637 1006 771 1039 facessit
787 1009 1027 1049 interpretibus
1041 1020 1049 1041 ε
1066 1010 1144 1050 quid
1158 1010 1368 1041 sinistrorsum
1384 1009 1556 1040 commode
1571 1008 1759 1048 significare

343 1046 451 1083 possit
466 1047 550 1077 haud
567 1047 666 1079 facile
683 1054 734 1080 est
749 1050 930 1090 expedire:
953 1050 1065 1082 forsan
1078 1051 1181 1091 igitur
1196 1052 1248 1082 hic
1263 1051 1441 1091 legendum
1457 1060 1517 1091 pro
1538 1050 1759 1088 sinistrorsum,

342 1085 412 1116 sinu
426 1087 602 1120 introrsum.
646 1090 802 1122 Hostium
818 1101 930 1131 naves,
945 1102 1018 1133 quaa
1035 1097 1112 1132 post
1126 1101 1269 1132 pugnam
1285 1091 1500 1132 aufugerunt,
1521 1100 1556 1122 se
1571 1092 1604 1122 in
1627 1095 1760 1130 portum

343 1126 556 1161 Alexandriae
574 1137 830 1171 receperunt‚et
844 1133 877 1163 in
891 1133 998 1164 sinum
1014 1133 1204 1164 interiorem
1213 1133 1382 1173 deductae,
1392 1142 1456 1163 non
1468 1133 1608 1172 amplius
1619 1132 1652 1162 in
1667 1140 1759 1180 mare

344 1168 539 1208 proditur-ae,
557 1171 783 1204 delitescunt!
810 1174 1035 1207 vitamet—22
1058 1175 1136 1206 Nic.
1153 1174 1309 1204 Heinsius
1331 1174 1364 1203 iu
1386 1174 1536 1213 margine
1557 1173 1760 1212 exemplaris

343 1209 394 1239 sui
409 1209 456 1240 ait
470 1221 478 1240 ε
502 1213 511 1229 ‘
523 1212 610 1244 t‘orte
635 1215 766 1244 intactos
777 1213 800 1251 ;'
824 1215 881 1246 sed
897 1220 989 1246 vetat
1005 1217 1066 1246 hoc
1083 1219 1234 1246 vetustus
1248 1215 1492 1246 Grammaticus
1507 1213 1662 1245 Valerius
1677 1213 1761 1244 Pro·

343 1249 404 1280 bus
420 1260 453 1291 p.
470 1254 564 1285 1462.
586 1255 595 1271 ‘
608 1255 674 1286 Hic
690 1261 725 1287 et
739 1256 811 1287 haec
829 1256 900 1297 bos,
915 1257 1013 1298 hujus
1028 1256 1123 1288 bovis
1137 1266 1146 1288 z
1168 1256 1346 1287 Horatius:
1372 1256 1510 1287 Intactas
1522 1254 1631 1286 boves!
1653 1254 1760 1286 Porro

983 1363 1015 1393 N
1020 1363 1125 1394 01·AE

1074 1433 1149 1464 vela
1161 1432 1313 1464 facienda
1324 1433 1357 1463 in
1370 1432 1561 1472 AEgyptum.
1585 1430 1758 1463 Plutarch.
1776 1436 1779 1437 ’

1073 1491 1150 1512 mox
1165 1482 1286 1512 citaud.

340 1426 444 1456 lorum
461 1426 630 1459 fremitum
655 1433 690 1461 et
711 1440 836 1462 morum
862 1432 1023 1472 asperita-

342 1479 410 1505 tem
440 1475 525 1506 belle
554 1478 759 1517 exprimunt.
815 1480 951 1511 Deinde
981 1490 1022 1511 an

340 1522 597 1563 Hypercriticus
614 1527 799 1568 nesciebat,
819 1534 943 1568 praeter
965 1539 1022 1560 na-

340 1572 431 1602 vales
446 1574 572 1613 copias,
586 1575 626 1605 ad
644 1575 736 1606 littus
751 1575 885 1607 affuisse
902 1581 1023 1608 terres·

339 1623 408 1650 tres
424 1620 572 1660 peditum
588 1623 825 1664 equitumque?
851 1625 968 1666 Itaque
981 1626 1024 1656 ab

339 1669 491 1699 exercitu
507 1669 564 1699 illo
579 1672 730 1702 terrestri
748 1672 884 1704 Antonii
897 1674 938 1704 ad
952 1674 1024 1705 Cae—

337 1715 501 1747 sarianum
533 1718 703 1750 transiisse
737 1720 793 1750 illa
822 1721 888 1752 duo
919 1721 1024 1753 millia

337 1765 487 1805 equitum
498 1765 683 1807 Gallorum,
695 1769 751 1809 qui
763 1769 937 1801 victoriam
949 1771 1024 1802 Cae·

337 1813 419 1844 saris
435 1821 694 1852 promoverunt:
720 1822 757 1848 ut
780 1822 926 1850 testatur
947 1819 1024 1850 Ser-

338 1862 410 1892 vius
435 1861 475 1892 ad
498 1863 627 1895 AEneid.
644 1873 695 1896 vr.
716 1870 752 1896 et
772 1867 974 1898 Plutarchus
989 1868 1022 1899 in

338 1909 488 1941 Antonio
500 1920 508 1940 :
526 1911 535 1927 ‘
546 1911 772 1944 Terrestribus
784 1914 890 1954 copiis
901 1915 943 1945 ab
955 1914 1021 1945 An·

337 1959 430 1990 tonio
453 1958 610 1990 Canidius
640 1966 802 2000 praeerat:
837 1972 857 1992 a
887 1962 1020 1994 Caesare

336 2007 480 2038 Taurus:
507 2007 564 2048 qui
585 2008 751 2050 utrimque
770 2010 932 2042 instructa
948 2011 1021 2042 acie

336 2056 371 2087 in
396 2055 511 2087 littore
531 2057 759 2098 quiescebant,
783 2065 938 2091 eventum
962 2070 1019 2091 na·

338 2104 419 2135 valis
435 2114 555 2144 pugnae
571 2108 813 2146 expectantes)

380 2155 421 2184 18
444 2154 596 2186 canentes
623 2156 789 2198 Coesarem]
814 2158 884 2189 Nos
905 2167 1020 2190 verna·

337 2202 412 2233 cule
427 2201 636 2235 diceremus:
656 2206 769 2242 ‹tr-iam,
787 2206 862 2238 Vive
878 2208 982 2239 Cesar.

380 2252 421 2280 19
435 2250 660 2292 Hmiliumque
675 2254 797 2285 nuvium
812 2259 905 2295 portu
923 2257 1019 2288 latent

337 2300 475 2342 Puppes]
498 2302 663 2334 Continuo
686 2304 934 2337 excandescens
957 2306 1019 2338 Ju-

334 2349 400 2380 lius
406 2349 570 2390 Scaliger,
580 2351 589 2368 ‘
600 2351 628 2382 si
640 2352 747 2383 latent
758 2363 900 2394 puppes,
912 2364 1019 2394 proroe

337 2407 405 2429 non
427 2398 553 2438 latent:
577 2399 698 2440 inquit.
741 2402 883 2443 Egregie
906 2403 1018 2433 admo-

338 2446 418 2478 dum
433 2458 440 2477 :
464 2456 538 2479 nam
555 2450 680 2488 paratis
694 2449 735 2480 ad
751 2450 864 2491 fugam
879 2451 1017 2482 navibus

336 2495 487 2528 latebant
515 2506 645 2538 puppes
673 2497 849 2539 duntaxat,
876 2508 1017 2540 appare-

338 2543 421 2575 bant
435 2547 544 2575 autem
561 2554 669 2585 prorae
684 2546 766 2577 mari
777 2546 938 2578 obversae.
960 2548 1019 2578 Er·

338 2601 381 2631 go
395 2593 480 2624 male
495 2593 709 2634 redarguitur
723 2594 788 2626 iste
809 2595 913 2626 locus.
948 2594 1019 2626 Ho-

337 2639 442 2671 ratius
464 2646 559 2673 notat
573 2643 748 2683 sexaginta
761 2653 862 2674 naves
877 2644 1018 2684 Cleopa-

337 2691 399 2719 trae
417 2693 492 2728 post
511 2690 650 2722 classem
673 2691 810 2722 Antonii
827 2692 1016 2730 collocatas,

336 2736 474 2768 sublatis
488 2738 568 2768 velis
581 2740 757 2779 expeditas
768 2741 809 2771 ad
825 2739 937 2780 fugam
950 2740 1017 2780 pri·

335 2795 389 2817 mo
405 2794 535 2828 quoque
551 2791 700 2828 tempore
714 2790 967 2830 capessendam,
981 2794 1016 2821 et

1115 1530 1332 1562 sinistrorsum
1343 1529 1413 1559 citoe
1427 1529 1527 1569 [sitae]
1543 1528 1687 1560 Valeant
1699 1529 1757 1568 qui

1075 1580 1193 1619 legunt
1207 1579 1290 1610 citoe.
1343 1578 1490 1609 Hostiles
1506 1586 1608 1607 naves
1623 1586 1642 1607 e
1659 1580 1758 1617 portu

1076 1627 1219 1658 Actiaco
1235 1626 1437 1666 prodeuntes
1453 1625 1495 1654 ad
1513 1624 1679 1655 sinistram
1701 1625 1758 1655 ha-

1078 1675 1202 1705 bebant
1215 1675 1493 1714 Peloponnesum,
1503 1681 1570 1712 quo
1585 1670 1758 1712 fugerunt,

1077 1728 1112 1754 et
1137 1723 1214 1753 inde
1233 1721 1482 1753 Alexandriam.
1522 1720 1696 1752 Plutarch.
1722 1721 1758 1751 in

1077 1771 1243 1803 Antonio:
1273 1771 1283 1788 ⁴
1298 1771 1410 1802 Naves
1430 1769 1603 1808 sexaginta
1618 1768 1758 1808 Cleopa-

1075 1823 1149 1858 trae,
1175 1830 1249 1861 quae
1279 1823 1356 1860 post
1376 1827 1512 1858 magnas
1535 1826 1635 1848 naves
1659 1822 1758 1848 erant

1073 1868 1160 1906 sitae,
1176 1869 1259 1898 velis
1285 1867 1425 1898 sublatis
1448 1875 1507 1906 per
1531 1866 1658 1896 medios
1673 1874 1756 1905 pug-

1072 1919 1192 1946 nantes
1208 1915 1318 1955 fugam
1332 1914 1509 1954 arripiunt,
1524 1922 1666 1954 suosque
1679 1922 1756 1953 per-

1074 1963 1221 1994 turbant.
1265 1958 1445 1994 Caesariani
1465 1971 1530 1992 non
1555 1961 1626 1992 sine
1649 1962 1756 1993 admi-

1072 2011 1201 2041 ratione
1229 2014 1383 2050 spectant
1405 2008 1572 2049 fugientes
1594 2018 1694 2040 naves
1720 2009 1756 2040 in

1073 2060 1342 2099 Peloponnesum
1370 2066 1565 2088 conversas:
1603 2066 1665 2090 nec
1687 2067 1756 2099 qua

1073 2109 1115 2139 de
1126 2118 1227 2139 causa
1235 2106 1268 2138 id
1278 2106 1376 2138 fieret
1388 2105 1642 2146 intelligebant?
1682 2105 1754 2138 Ad-

1072 2157 1190 2197 ditque
1215 2155 1398 2187 Antonium
1421 2163 1485 2186 non
1509 2154 1571 2185 viri
1588 2159 1647 2186 aut
1661 2154 1756 2186 ducis

1071 2205 1216 2237 consiliis
1231 2214 1339 2240 usum,
1353 2203 1413 2234 sed
1428 2203 1589 2242 amantis;
1608 2207 1753 2234 tractum

1071 2254 1203 2286 scilicet
1217 2263 1236 2283 a
1257 2252 1408 2291 muliere,
1422 2256 1457 2282 et
1473 2250 1671 2291 posthabitis
1684 2260 1753 2282 om-

1072 2303 1168 2335 nibus
1185 2303 1398 2342 Cleopatram
1414 2300 1613 2330 insecutum.

1112 2355 1152 2384 21
1178 2351 1229 2391 10]
1250 2350 1323 2381 Vox
1338 2347 1465 2380 laetitiae
1481 2346 1596 2383 index,
1614 2355 1680 2387 qua
1693 2347 1752 2378 tri.

1071 2399 1242 2440 umphanti
1257 2396 1336 2429 duci
1351 2396 1472 2426 milites
1488 2394 1730 2426 acclamabant.

1115 2446 1292 2487 Triumphe]
1327 2444 1541 2484 Triumphum
1574 2443 1752 2483 alloquitur

1070 2502 1105 2528 et
1128 2495 1308 2536 compellat
1331 2492 1434 2524 veluti
1458 2493 1582 2523 Deum.
1626 2491 1683 2523 Sic
1701 2501 1751 2524 iv.

1071 2544 1139 2576 Od.
1162 2547 1193 2575 2.
1213 2543 1351 2582 ‘Tuque
1374 2539 1451 2571 dum
1475 2538 1629 2580 procedis
1643 2539 1675 2570 io
1690 2538 1749 2570 tri-

1071 2592 1214 2634 umpbe.’

1105 2642 1223 2673 Aureus
1233 2638 1364 2678 Currus]
1377 2635 1612 2676 Triumphales
1619 2634 1751 2675 Augus·

1070 2695 1105 2722 to
1121 2690 1264 2721 debitos.
1286 2688 1414 2719 Horum
1431 2684 1568 2716 formam
1587 2683 1750 2716 describit

1069 2739 1217 2770 Zonaras
1244 2737 1292 2767 his
1321 2734 1453 2766 verbis:
1476 2732 1518 2764 Τὸ
1543 2730 1576 2763 δὲ
1603 2731 1639 2769 δὴ
1667 2730 1748 2771 ἅμμα

1067 2787 1137 2820 οὔτε
1152 2783 1369 2826 ἆγωνιστηρίῳ,
1389 2784 1459 2814 οὔτε
1473 2780 1695 2821 πολεμιστηρίῳ
1708 2779 1746 2818 ἥν
