1890 3256
352 281 461 322 1064

812 298 856 334 Q.
888 297 1095 327 HoRA‘ru
1131 294 1298 328 rumor
1337 291 1340 294 ’

351 384 607 436 Spectatum
627 387 748 435 satis,
769 390 809 426 et
828 386 1028 427 donatum
1045 386 1136 439 jam
1157 388 1275 439 rude,
1298 391 1470 443 quaeris,

353 448 594 501 Maecenas,
612 451 763 491 iterum
784 451 962 503 antiquo
982 465 1051 492 me
1071 452 1289 494 includere
1305 455 1425 496 ludo.

351 514 454 555 Non
471 515 622 556 eadem
641 519 706 556 est
725 520 852 564 aetas,
873 528 959 556 non
979 529 1116 557 mens.

1173 517 1401 569 Veianius,
1423 521 1554 560 armis

343 578 558 621 ,Herculis
575 581 630 621 ad
651 585 820 633 postem
837 581 952 631 fixis,
967 581 1078 623 latet
1097 583 1272 624 abditus
1290 597 1407 637 agro,
1740 589 1769 628 5

347 708 507 750 probatum
520 709 647 749 jamque
667 709 808 743 libertate
820 709 978 748 fruentem
998 709 1048 741 vis
1066 719 1188 742 rursum
1207 711 1395 750 obstringere
1415 713 1512 744 veteri
1538 713 1769 744 exercitatione.

351 751 447 791 Atqui
460 760 520 781 non
534 753 638 782 eadem
650 756 727 782 aetas
739 753 837 792 adest,
851 761 910 783 non
923 751 1005 782 idem
1017 752 1186 791 ingenium.
1231 754 1283 784 Eu
1300 754 1454 791 Veianius,
1468 755 1563 786 armis
1576 755 1609 785 in
1625 754 1771 786 Herculis

943 843 1176 856 mmm„

352 925 410 956 quo
423 916 545 948 iterum.
588 917 666 948 Vat.
683 917 794 949 Palat.
811 921 841 950 3.
858 927 877 948 a
892 928 935 950 m.
952 929 1003 960 pr.
1019 923 1055 951 et
1069 929 1152 951 unus
1169 920 1382 959 Bersmanni,
1396 931 1442 952 me
1456 922 1606 952 inducere.
1643 921 1722 952 Vat.
1738 925 1769 953 5.

352 967 400 988 me
423 959 559 989 reddere.

605 959 684 989 Vat.
702 962 732 990 1.
755 961 843 990 ludo?
865 969 939 991 cum
965 961 1249 1002 interrogatione;
1273 967 1374 1002 atque
1398 963 1446 994 ita
1465 962 1598 993 Wakef.
1623 963 1771 1002 Francis,

351 998 434 1036 Fen,
447 999 569 1036 Bothe,
584 999 705 1039 Jaeck,
721 1004 756 1030 et
773 1001 987 1041 Doering.—4
1005 1003 1076 1033 Non
1090 1007 1167 1034 oetus
1180 1004 1295 1042 eudem,
1308 1013 1368 1034 mn
1383 1013 1465 1034 mens
1487 1013 1570 1034 unus
1583 1004 1658 1034 cod.
1673 1004 1772 1034 Bers-

353 1040 478 1070 manni.
523 1040 598 1070 Non
622 1042 726 1071 eadem
749 1045 827 1072 «τίω
851 1046 897 1072 est
918 1043 1063 1074 Chisian.
1081 1047 1112 1074 5.
1161 1043 1310 1074 Vesanius
1332 1043 1406 1075 cod.
1427 1044 1652 1075 Schoenborn.
1667 1047 1699 1075 2.
1716 1054 1771 1084 ap.

352 1080 535 1112 Jaeck.—5
559 1081 605 1112 H.
620 1083 660 1112 ad
678 1086 779 1121 postes
798 1083 948 1114 Chisian.
964 1087 993 1114 1.
1010 1094 1030 1115 a
1044 1094 1086 1115 m.
1101 1093 1167 1115 sec.
1180 1084 1271 1124 fixus
1287 1085 1513 1117 Schoenborn.
1528 1088 1560 1117 ⁴.
1582 1087 1659 1116 lutet
1671 1085 1775 1117 aditus

995 1190 1027 1221 N
1032 1189 1134 1220 O'rAE

354 1258 487 1288 hortatu
509 1258 635 1298 scripta
654 1260 735 1289 satis
749 1265 903 1300 apparet,
918 1265 953 1292 et
968 1261 1040 1302 qui-

355 1306 429 1336 dem
447 1310 549 1337 aetate
564 1307 635 1346 jam
659 1312 820 1347 provecto
838 1309 947 1340 Poeta
966 1319 1040 1341 nos-

356 1358 419 1386 tro.
462 1355 502 1385 In
525 1363 565 1385 ea
584 1356 877 1395 reprehenduntur
891 1358 1040 1389 homines

1093 1260 1199 1300 sinet;
1229 1261 1346 1302 accipe
1366 1260 1469 1301 jussis
1489 1259 1642 1291 Carmina
1665 1264 1776 1301 coepta

1132 1310 1139 1339 i
1161 1309 1180 1340 .'

1093 1314 1156 1390 ²¹¹3
1171 1359 1328 1391 Donatum
1342 1358 1434 1398 rude]
1450 1357 1603 1398 Accepta
1617 1359 1776 1390 missione

356 1403 514 1433 virtutem
537 1403 714 1435 honoribus
739 1415 778 1436 ac
801 1406 926 1437 divitiis
949 1410 1040 1446 post·
1087 1407 1159 1446 jain
1183 1407 1342 1438 liberum:
1367 1407 1458 1437 rudis
1477 1407 1570 1446 virga
1591 1411 1666 1439 erat
1680 1408 1779 1448 (Pal-

355 1451 478 1482 habere
493 1451 595 1492 soliti,
606 1457 642 1483 et
653 1462 727 1493 quae
739 1453 782 1484 ad
794 1463 927 1494 corpus,
939 1464 1039 1496 quam

355 1511 429 1541 qnae
445 1501 486 1532 ad
501 1501 645 1532 animum
663 1506 828 1542 spectant,
842 1503 947 1534 multo
970 1508 1039 1534 stu-

356 1549 480 1579 diosius
515 1549 732 1589 inquirentes.
787 1551 856 1583 Jul.
889 1552 1040 1591 Scaliger

357 1597 455 1628 Poet.
479 1597 536 1630 lib.
552 1606 601 1628 vr.
629 1608 815 1639 quanquam
839 1601 939 1631 durus
961 1601 1040 1632 alias

357 1647 553 1686 castigator,
582 1647 592 1663 ‘
609 1646 773 1679 nitidioris
795 1649 890 1688 styli'
915 1648 1042 1681 fatetur

357 1705 429 1726 esse
440 1696 620 1736 Epistulas.
635 1698 644 1713 ‘
658 1697 797 1738 Prima‚'
809 1699 930 1740 inquit,
940 1701 950 1718 ‘
961 1710 1041 1742 quo·

359 1744 408 1774 vis
431 1745 530 1775 melle
551 1744 681 1777 dulcior
696 1751 763 1779 est:
787 1748 968 1780 sententia!
984 1759 1041 1790 ap-

359 1793 477 1832 positae
492 1803 500 1824 τ
517 1793 620 1825 dictio
636 1799 738 1834 casta,
751 1797 906 1834 rotunda,
921 1798 1042 1830 suavia.

358 1843 575 1882 Quapropter
596 1843 742 1875 arbitror
755 1850 959 1885 postremam
974 1856 1042 1877 om-

358 1891 446 1921 nium
462 1890 599 1930 factam,
613 1893 752 1931 primam
777 1895 918 1934 positam
935 1895 977 1925 ob
992 1896 1042 1925 lu-

358 1940 525 1969 culentam
555 1940 739 1972 raritatem.
799 1942 910 1973 Quare
940 1943 1042 1973 etiam

358 1987 585 2027 Epistolarum
612 1988 731 2019 librum
758 1989 879 2021 Satiris
907 1995 1043 2031 postpo-

358 2036 504 2067 nendum
516 2045 649 2068 censeo.
686 2037 727 2068 Id
743 2037 830 2078 quod
848 2047 922 2069 cum
939 2039 970 2069 in
987 2049 1043 2070 ve-

359 2085 457 2115 tustis
472 2085 720 2125 exemplaribus
735 2086 915 2126 videamus,
929 2088 1042 2120 nescio

360 2132 438 2174 quid
465 2133 593 2164 consilii
621 2134 654 2164 in
680 2140 824 2167 mentem
850 2137 980 2168 venerit
1001 2137 1042 2168 iis

359 2181 416 2222 qui
445 2181 615 2212 inventum
653 2183 802 2215 ordinem
838 2185 1043 2217 subvertere.

361 2229 590 2261 Grammatico
611 2230 690 2261 nihil
710 2231 888 2265 infelicius.
933 2235 1046 2266 Credo

361 2278 452 2318 quod
467 2278 621 2310 viderent
641 2289 770 2311 versum
794 2282 907 2313 illum:
931 2284 941 2301 ‘
959 2293 1046 2314 sum·

360 2335 414 2356 ma
429 2326 570 2357 dicende
586 2328 766 2358 camoena:’
780 2330 966 2369 quasivero
979 2340 1045 2362 non

358 2374 444 2406 hanc
459 2375 565 2415 ipsam
581 2380 784 2416 postremam
800 2377 1026 2418 intelligeret.¹

405 2427 421 2456 1
447 2425 557 2456 Primu
579 2425 660 2456 dicte
688 2426 774 2466 mihi,
797 2427 863 2468 «ξι-α]
897 2428 1046 2459 Similem

361 2473 543 2506 dictionem
558 2475 649 2515 legas
659 2475 747 2515 apud
760 2476 898 2508 Graecos
911 2477 1048 2519 Poetas,

362 2523 503 2554 Hesiod.
531 2523 671 2555 Homer.
698 2524 868 2557 Theocrit.
896 2526 1046 2567 Theogn.

363 2572 550 2611 praesertim
577 2582 656 2611 erga
684 2573 798 2606 Deos:
822 2574 911 2606 unde
938 2575 1047 2606 Hora·

363 2621 428 2652 tius
448 2622 671 2653 Maecenatem
687 2623 783 2663 quasi
805 2632 927 2655 numen
951 2632 1048 2655 vene·

363 2670 430 2700 rari
445 2679 481 2701 se
496 2670 654 2702 ostendit.
674 2671 731 2702 Sic
747 2672 820 2703 Ecl.
834 2681 914 2703 vm.
926 2672 1046 2713 virgil.

363 2718 434 2750 sive
454 2719 640 2750 Pollionem
662 2719 733 2751 sive
757 2719 944 2761 Angustum
967 2721 1048 2752 allo-

364 2767 500 2810 quitur:
522 2770 533 2787 ‘
550 2768 579 2800 Α
603 2772 637 2800 te
659 2769 883 2811 principium;
908 2769 968 2801 tibi
991 2770 1048 2801 de-

1092 1464 1166 1486 mea
1192 1456 1220 1486 si
1248 1455 1447 1495 quibusdam
1465 1455 1567 1496 fides)
1591 1466 1657 1497 qua
1679 1457 1781 1488 dona-

1093 1504 1215 1535 bantur
1245 1504 1473 1543 Gladiatores,
1501 1505 1533 1535 in
1561 1505 1691 1545 signum
1722 1515 1780 1537 ex-

1091 1554 1327 1585 auctorationis
1342 1565 1351 1592 ;
1375 1559 1411 1586 ut
1430 1555 1590 1595 deinceps
1605 1559 1781 1586 cessarent

1093 1612 1113 1633 a
1128 1603 1338 1643 gladiatura3
1359 1608 1394 1634 et
1414 1603 1573 1634 alimenta
1586 1613 1629 1634 ex
1645 1604 1780 1644 publico

1094 1656 1265 1691 caperent.
1302 1651 1391 1682 Hinc
1409 1652 1493 1683 dicti
1509 1652 1658 1683 rudiarii.
1689 1653 1782 1684 Pris-

1095 1700 1179 1732 cian.
1201 1701 1336 1732 Sueton.
1358 1700 1470 1732 Tiber.
1493 1709 1568 1740 cap.
1584 1703 1615 1732 7.
1630 1702 1640 1718 ‘
1656 1701 1781 1732 Munus

1095 1749 1325 1789 gladiatorium
1351 1749 1445 1780 dedit
1465 1748 1604 1780 diversis
1625 1749 1783 1789 tempori-

1096 1798 1157 1830 bus
1171 1807 1210 1829 ac
1226 1798 1319 1832 locis.
1357 1798 1507 1828 Primum
1521 1797 1555 1828 in
1570 1796 1780 1834 formsecun'-

1095 1846 1173 1877 dum
1189 1847 1222 1876 in
1237 1845 1504 1886 amphitheatro;
1528 1844 1685 1875 rudiariis
1701 1855 1784 1886 quo·

1094 1903 1159 1934 que
1189 1894 1386 1934 quibusdam
1417 1885 1596 1932 revocatis,
1627 1898 1782 1924 auctora-

1095 1945 1208 1972 mento
1223 1946 1400 1972 centenum
1415 1940 1578 1971 millium?

1135 1993 1154 2020 3
1178 1990 1314 2030 Antiqua
1336 1990 1422 2029 ludo]
1444 1989 1640 2021 Scribendis
1663 1990 1782 2022 etiam·

1095 2047 1173 2068 num
1188 2038 1317 2078 Lyricis
1333 2042 1368 2069 et
1384 2038 1552 2070 amatoriis
1570 2038 1782 2079 carminibus,

1096 2087 1188 2119 velut
1203 2088 1279 2118 olim
1307 2087 1340 2118 in
1359 2087 1502 2127 juvenili
1523 2086 1607 2119 flore
1626 2092 1661 2119 et
1675 2086 1783 2119 sacul-

1095 2141 1179 2168 tate.
1224 2137 1329 2178 Atqui
1345 2137 1451 2167 minus
1470 2141 1569 2177 aptus
1591 2137 1689 2168 modo
1710 2146 1782 2168 sum

1096 2185 1167 2216 istis
1183 2185 1301 2216 rebus:
1319 2185 1417 2216 immo
1433 2185 1532 2224 seria,
1543 2185 1782 2225 honesta,Phi·

1097 2233 1268 2273 losophica
1283 2233 1359 2263 dein
1375 2238 1563 2265 consector.

1139 2285 1159 2313 4
1187 2280 1346 2319 Veianius]
1363 2281 1508 2312 Illustris
1521 2281 1697 2321 gladiator.

1139 2330 1247 2362 Armis
1285 2330 1431 2360 Herculis
1471 2331 1511 2360 ad
1543 2333 1660 2370 postem
1685 2330 1784 2372 fixis]

1099 2379 1211 2411 Armis
1227 2383 1303 2419 post
1314 2378 1452 2409 emerita
1465 2379 1634 2418 stipendia
1648 2389 1785 2420 suspen-

1100 2428 1144 2458 sis
1161 2437 1200 2459 ex
1217 2435 1308 2458 more
1327 2427 1358 2457 in
1379 2425 1533 2457 Herculis
1548 2428 1681 2467 sacello,
1694 2428 1784 2469 quod

1100 2481 1174 2508 erat
1203 2475 1245 2508 ad
1275 2475 1590 2515 Amphitheatrum;
1624 2480 1662 2507 ut
1690 2481 1785 2509 notat

1098 2525 1221 2556 Tlieod.
1246 2523 1429 2555 Mau-cilius.
1473 2523 1576 2564 Cujus
1598 2530 1694 2557 certe
1715 2535 1785 2558 ma-

1100 2575 1149 2614 gis
1178 2572 1302 2604 arridet
1326 2573 1499 2608 sententia,
1522 2582 1620 2613 quam
1645 2574 1783 2614 opinan-

1099 2623 1180 2653 tium
1197 2620 1322 2652 idcirco
1339 2631 1410 2661 prae
1425 2621 1549 2653 ceteris
1563 2622 1636 2654 Diis
1651 2623 1785 2655 Hercu-

1099 2672 1164 2702 lem
1180 2669 1354 2710 nominari,
1366 2669 1454 2710 quod
1466 2670 1521 2701 ille
1537 2680 1612 2702 cum
1626 2673 1785 2703 monstris

1100 2721 1248 2751 luctatus
1265 2718 1363 2750 toties
1380 2718 1488 2759 victor
1500 2717 1613 2751 fuerit.
1773 2748 1776 2749 γ

1143 2773 1160 2800 5
1172 2768 1264 2801 Latet
1278 2767 1400 2801 abditus
1409 2768 1500 2809 agro]
1521 2767 1621 2811 Apud
1637 2768 1783 2805 villulam
