1936 3236
294 300 349 340 ἐξ

351 302 377 339 ἢ

765 317 806 354 Q.
839 317 1043 346 HoRA'rll
1078 318 1246 348 FLACCI

519 404 604 452 ule,
628 406 782 446 ceratis
803 420 889 459 ope
911 408 1119 448 Daedalea

515 469 682 510 Nititur
703 474 866 523 penniS,
887 473 1021 513 vitreo
1042 473 1219 514 daturus

847 536 1036 577 Nomina
1054 542 1201 590 ponto.

513 599 662 640 Monte
682 600 910 642 decurrens
931 603 1047 644 velut
1066 604 1219 653 amnis,
1239 604 1396 645 imbres
1683 606 1712 645 5

513 664 651 713 Quem
673 678 801 719 super
820 672 952 707 notas
971 667 1115 709 aluere
1135 669 1268 721 ripas,

514 729 669 771 Fervet
686 731 1005 785 immensusque
1026 734 1113 774 ruit
1132 734 1346 786 profundo

839 798 1054 839 Pindarus
1074 812 1159 848 ore,

511 860 682 902 Laurea
701 863 932 904 donandus
953 863 1209 917 Apollinari,

290 984 427 1026 Dmlali,
447 990 478 1017 et
497 989 576 1019 mari
597 989 743 1028 pellucido
766 1000 929 1029 cognomen
950 991 1109 1031 proebebit.
1155 992 1312 1023 Pindarus
1331 991 1488 1022 abundans
1502 990 1566 1020 alto
1578 997 1712 1020 sermone

287 1026 421 1057 volvitur
435 1032 465 1059 et
490 1031 594 1068 rapide
609 1030 718 1068 fertur
732 1032 833 1062 instar
847 1032 991 1071 fluminis
1006 1042 1022 1063 e
1037 1036 1136 1063 monte
1151 1034 1293 1071 labentis,
1308 1034 1386 1072 quod
1407 1033 1518 1073 pluvia>
1534 1040 1629 1071 supra
1642 1039 1711 1060 con-

289 1070 392 1099 suetas
406 1069 491 1109 ripas
504 1073 690 1103 extulerunt.
733 1073 885 1104 Lauream
900 1074 1055 1114 Apollinis
1077 1078 1223 1115 meretur,
1249 1074 1310 1104 sive
1327 1073 1449 1114 profert
1470 1082 1555 1104 voces
1573 1072 1713 1103 insolitae

887 1166 1022 1178 eeeeeee
1024 1167 1121 1179 mu

289 1230 337 1252 vs.
351 1225 382 1252 5.
406 1222 541 1254 referre.
584 1225 707 1256 Similis
723 1227 810 1257 ratio
836 1237 884 1260 vs.
900 1231 952 1259 22.
969 1233 1005 1259 et
1021 1231 1137 1260 23.—3
1161 1228 1322 1260 Nonnulli
1338 1228 1436 1259 codd.
1461 1226 1626 1262 Lambini,
1642 1229 1711 1256 tres

287 1262 409 1294 Bland.
427 1265 579 1305 Cruquii,
595 1267 736 1298 Mentel.
759 1268 850 1307 Lips.
866 1271 895 1299 1.
912 1274 948 1298 et
965 1270 1057 1308 Lips.
1073 1272 1104 1299 2.
1128 1279 1147 1299 a
1161 1279 1204 1300 m.
1221 1279 1271 1308 pr.
1294 1269 1469 1308 pinnam—6
1493 1268 1579 1306 Lips.
1595 1270 1627 1297 3.
1650 1275 1712 1304 pro

288 1312 321 1333 v.
338 1304 359 1333 Ι.
374 1309 409 1335 et
425 1305 523 1336 Harl.
538 1309 567 1336 1.
591 1307 667 1337 Cum
682 1317 782 1346 super.
818 1308 957 1347 Aliquot
975 1310 1144 1349 Lambini,
1156 1310 1332 1349 antiquiss.
1347 1308 1466 1339 Bland.
1481 1308 1632 1347 Cmquu,
1646 1307 1712 1337 duo

284 1344 468 1380 Torrentii,
489 1347 662 1377 Pulmanni
678 1347 792 1377 Hunn.
820 1357 903 1378 unus
928 1349 1139 1386 Bersmanni‚
1156 1349 1303 1380 Bentleii
1319 1350 1433 1380 Graev.
1449 1352 1484 1378 et
1500 1348 1595 1378 Leid.
1615 1348 1711 1378 Men-

287 1385 346 1415 tel.
363 1385 457 1423 Lips.
473 1388 503 1416 2.
534 1396 553 1416 a
568 1396 611 1418 m.
635 1396 703 1418 sec.
724 1389 801 1418 Cum
822 1398 912 1428 super
936 1393 1024 1420 notas
1049 1390 1180 1426 saliere;
1203 1390 1269 1420 duo
1296 1390 1342 1420 illi
1368 1388 1534 1419 Torrentii
1558 1397 1617 1428 pro
1642 1398 1673 1419 v.
1689 1389 1712 1418 Ι.

288 1425 368 1456 Sax.
393 1430 428 1456 et
445 1427 533 1466 Lips.
552 1431 584 1459 2.
610 1438 629 1458 a
653 1438 696 1458 m.
722 1438 773 1468 pr.
799 1430 878 1460 Cum
891 1440 917 1460 s.
933 1439 964 1460 n.
978 1431 1118 1468 saluere;
1141 1431 1206 1461 duo
1223 1430 1319 1461 Fabr.
1345 1431 1423 1460 Cum
1447 1439 1537 1469 super
1560 1432 1639 1460 totas
1662 1439 1712 1459 sa·

292 1467 386 1505 luere,
401 1469 454 1498 cui
471 1469 593 1507 placet.
639 1470 711 1500 Has
725 1479 837 1501 omnes
854 1471 985 1510 ineptas
1002 1478 1101 1503 vocat
1115 1473 1268 1504 Jani.—7
1295 1472 1400 1502 Feri-it
1424 1480 1506 1501 unus
1523 1470 1660 1511 Cruquii
1676 1475 1712 1501 et
1739 1484 1741 1486 ·

289 1508 419 1549 recepit
442 1509 584 1551 Cuning.
611 1516 647 1542 et
670 1511 831 1543 immensus
856 1513 920 1543 ruit
939 1516 969 1543 et
993 1513 1083 1553 Lips.
1099 1516 1130 1545 3.
1142 1516 1174 1544 4.
1195 1514 1317 1544 Venet.
1335 1515 1427 1545 1492.
1443 1512 1582 1544 Locher.
1597 1512 1666 1549 suit
1681 1515 1712 1542 et

934 1594 1072 1626 NOTAE

288 1653 480 1685 Anacreon.
506 1655 630 1686 Dorice
652 1656 799 1696 scripsit.
824 1657 972 1688 Threnos

286 1702 372 1741 ejus,
394 1702 644 1740 Dlthyrambos,
669 1708 705 1734 et
734 1705 798 1735 alia
820 1705 972 1746 qnaedam

287 1749 456 1780 subtraxit
489 1750 583 1781 nobis
613 1751 734 1792 injuria
762 1758 971 1793 temporum:

287 1802 416 1829 restant
442 1799 604 1838 encomia,
633 1809 693 1830 seu
715 1800 886 1842 Olympia,
905 1802 972 1841 Py-

290 1848 371 1883 thia,
397 1847 547 1883 Istlnnia,
570 1849 708 1879 Nemea.
746 1849 893 1880 AElianus
916 1850 972 1881 lib.

291 1905 359 1928 111.
379 1896 484 1927 refert
506 1896 595 1927 idem
619 1897 765 1928 Pindaro
780 1899 974 1938 contigisse,

288 1944 375 1985 quod
392 1944 526 1976 Platoni
541 1955 549 1983 ;
572 1945 722 1976 nimirum
740 1946 900 1978 infantem
915 1956 972 1978 ex-

289 1995 432 2034 positum
455 1994 553 2024 melle
579 1993 621 2024 ab
646 1995 763 2034 apibus
787 1996 971 2027 nutritum:

290 2045 327 2072 et
342 2041 434 2082 alibi,
448 2042 621 2082 quinquies
636 2043 670 2073 in
686 2043 868 2075 Poetarum
885 2054 972 2076 eom-

289 2090 498 2121 missionibus
519 2091 693 2131 praelatam
720 2093 752 2123 ei
775 2097 886 2124 tamen
913 2095 974 2126 Co·

289 2139 428 2176 rinnam,
452 2139 642 2171 auditorum
670 2141 803 2181 quidem
827 2143 972 2173 inscitia.

288 2188 454 2219 Memoria
475 2197 574 2227 porro
589 2189 662 2228 ejus
679 2195 746 2220 tam
763 2191 972 2230 venerabilis,

287 2240 326 2267 ut
342 2236 598 2278 Lacedaemonii,
612 2237 774 2269 Boeotiam
793 2243 974 2280 vastantes,

287 2279 429 2325 propter
451 2285 645 2326 Pindarum,
671 2287 793 2318 Thebis
812 2297 971 2328 peperce-
1011 2301 1015 2309 ·

287 2334 377 2372 rint;
402 2333 592 2365 Alexander
612 2345 691 2366 vero
714 2337 871 2377 Magnus,
898 2346 972 2368 cum

286 2391 360 2413 eam
374 2383 486 2414 urbem
500 2390 739 2424 expugnasset,
750 2385 882 2416 domum
895 2386 973 2416 Pin-

287 2431 360 2462 dari
377 2433 533 2464 intactam
551 2434 840 2474 servarijnsserit.
883 2435 972 2465 Vide

288 2482 363 2511 Val.
377 2482 468 2513 Max.
486 2483 575 2515 Plin.
591 2492 658 2514 vn.
673 2486 725 2515 29.
749 2483 922 2515 Plutarch.
939 2485 970 2514 iu

289 2527 494 2570 Alexandro,
507 2531 589 2562 Coel.
602 2531 744 2572 Rhodig.
756 2541 832 2563 xxr.
842 2535 896 2564 44.
906 2535 969 2564 &c.

333 2577 477 2616 Quisquis
503 2581 605 2611 studet
631 2577 782 2619 aeMulari,
807 2581 877 2620 ᾅτ.]
905 2581 971 2613 Qui

289 2625 473 2656 Pindarum
491 2628 664 2659 contendit
684 2629 869 2660 imitatione
886 2638 973 2660 asse·

289 2673 358 2713 qui,
379 2673 406 2703 is
433 2673 573 2704 eandem
596 2676 733 2707 habebit
753 2680 874 2709 sortem
895 2686 972 2708 cum

286 2721 384 2752 Icaro
412 2721 543 2752 Daedali
574 2722 654 2762 filio,
677 2725 733 2764 qui
763 2724 868 2756 affixis
894 2734 971 2756 cera

287 2770 404 2810 pennis
423 2771 532 2801 volare
557 2776 688 2803 tentans
712 2775 744 2804 in
768 2783 856 2806 mare
880 2774 968 2806 deci-

1026 1657 1087 1692 dit,
1111 1666 1150 1688 ac
1173 1657 1214 1688 de
1235 1667 1294 1688 suo
1320 1656 1454 1688 nomine
1470 1655 1615 1687 Icarium
1631 1655 1711 1687 fecit

1027 1707 1203 1746 appellari.
1231 1707 1320 1738 Vide
1334 1716 1359 1737 1.
1373 1706 1440 1738 Od.
1457 1709 1489 1737 3.
1505 1715 1544 1736 ιι.
1559 1705 1627 1737 Od.
1643 1708 1695 1736 20.

1067 1757 1087 1784 2
1113 1755 1195 1794 Iule]
1234 1755 1462 1795 Dissyllabam
1493 1753 1549 1795 alii
1581 1752 1710 1784 faciunt

1026 1802 1124 1833 istam
1154 1811 1268 1834 vocem
1283 1813 1291 1833 ε
1330 1803 1385 1833 alii
1413 1812 1487 1833 cum
1520 1801 1710 1833 Passeratio

1025 1851 1250 1890 synaloepham
1267 1855 1395 1890 ponunt
1417 1860 1459 1882 ex
1480 1850 1585 1890 prima
1603 1850 1710 1881 vocali

1027 1899 1080 1928 vel
1095 1899 1222 1938 syllaba
1241 1899 1337 1938 hujus
1360 1899 1499 1929 nominis
1514 1908 1588 1930 cum
1605 1899 1710 1938 prima

1026 1947 1248 1986 praecedentis
1269 1957 1406 1978 versus:
1435 1947 1709 1987 quemadmodum

1027 2005 1052 2026 1.
1072 1995 1140 2026 Od.
1154 1998 1183 2028 2.
1199 1996 1232 2026 in
1249 2005 1330 2027 voce
1346 1999 1355 2013 ⁴
1371 1995 1525 2027 uxorius.’
1559 1995 1645 2026 Vide
1661 1996 1710 2026 iu-

1024 2043 1075 2075 fra
1090 2044 1132 2075 ad
1150 2054 1264 2075 vocem
1279 2045 1290 2063 ⁴
1303 2043 1453 2076 Antoni.'

1067 2096 1085 2124 3
1107 2094 1228 2135 Vitrea]
1244 2094 1322 2125 Non
1339 2094 1398 2125 abs
1415 2102 1450 2125 re
1466 2092 1711 2133 interpreteris,

1026 2143 1182 2173 coeruleo.

1067 2194 1084 2220 5
1101 2190 1189 2221 Velut
1200 2189 1312 2229 amnis]
1326 2189 1470 2230 Copiosa
1484 2189 1624 2220 Pindari
1638 2199 1709 2220 orn-

1025 2239 1072 2270 tio
1085 2239 1200 2269 similis
1217 2242 1268 2269 est
1281 2237 1382 2269 fluvio
1397 2237 1592 2269 exundanti.

1066 2290 1085 2318 7
1109 2288 1277 2318 Immensus
1298 2288 1361 2317 ruit
1381 2286 1530 2326 profundo
1555 2285 1710 2317 Pindarus

1025 2336 1090 2376 ore]
1116 2337 1257 2369 Quintil.
1279 2344 1316 2366 x.
1340 2338 1369 2366 l.
1393 2336 1402 2352 ‘
1421 2335 1550 2365 Novem
1574 2334 1708 2374 Lyrico-

1025 2395 1094 2416 rum
1111 2386 1278 2416 Pindarus
1300 2385 1395 2423 longe
1418 2383 1589 2424 princeps,
1611 2383 1708 2424 spiri-

1025 2437 1077 2464 tus
1093 2432 1354 2473 magnificentia,
1371 2431 1558 2471 sententiis,
1579 2430 1708 2471 figuris,

1022 2482 1214 2513 beatissima
1243 2490 1354 2512 rerum
1381 2480 1623 2520 verborumque
1653 2489 1708 2511 co-

1022 2532 1090 2572 pia,
1106 2535 1141 2561 et
1156 2532 1248 2562 velut
1262 2529 1406 2571 quodam
1428 2529 1630 2569 eloquentia».
1646 2527 1707 2559 flu-

1024 2581 1123 2616 mine,
1139 2583 1276 2620 propter
1291 2588 1365 2619 quae
1379 2577 1540 2609 Horatius
1552 2587 1626 2608 eum
1644 2587 1708 2608 me-

1024 2630 1089 2660 rito
1105 2628 1250 2660 credidit
1265 2626 1388 2658 nemini
1406 2625 1622 2657 imitabilem!
1703 2662 1706 2663 ⁷

1063 2681 1083 2709 9
1104 2678 1224 2708 Laurea
1240 2675 1429 2717 Apollinari]
1454 2673 1541 2705 Vide
1566 2683 1621 2706 ιιι.
1640 2673 1707 2707 Od.

1024 2730 1075 2758 30.
1091 2727 1122 2756 in
1137 2725 1215 2756 fine.
