1904 3256
691 343 971 375 senatorium
1006 342 1101 373 ma.
1133 343 1166 372 1.
1198 330 1237 373 l.
1589 330 1674 371 773

227 439 374 491 Quam
398 452 453 480 ex
472 439 558 480 boc
579 437 793 479 fonticulo
814 438 1064 479 tantundem
1085 448 1268 478 sumere.
1326 433 1395 476 Eo
1415 434 1479 484 fit,

224 506 405 548 Plenior
425 510 477 548 ut
497 506 536 546 si
557 517 670 559 quos
690 504 880 546 delectet
900 505 1030 559 copia
1046 504 1188 558 justo,

226 572 340 615 Cum
362 573 459 627 ripa
479 571 608 613 simul
630 571 811 613 avulsos
832 572 943 613 ferat
965 571 1153 614 Aufidus
1170 583 1297 612 acer:

224 639 287 683 At
306 641 382 695 qui
403 639 556 682 tantuli
578 643 676 692 eget
697 643 859 693 quanto
881 643 950 680 est
970 652 1101 693 opus,
1119 639 1157 679 is
1178 650 1321 692 neque
1339 638 1446 679 limo

224 707 462 750 Turbatam
484 707 628 748 haurit
648 719 822 761 aquam,
840 720 980 760 neque
1002 707 1134 748 vitam
1155 706 1318 747 amittit
1337 706 1383 746 in
1401 705 1548 747 undis.
1619 705 1676 747 60

224 774 287 816 At
305 776 422 816 bona
438 787 543 829 pars
558 775 778 815 bominum
798 774 988 828 decepta
1009 773 1219 827 cupidine
1237 773 1370 822 falso,

226 841 308 884 Nil
330 842 440 884 satis
460 847 544 892 est,
565 841 732 896 inquit3
763 841 871 894 quia
891 842 1018 891 tanti,
1040 845 1254 895 quantum
1272 839 1454 890 habeas,
1475 840 1552 881 sis.

225 907 347 959 Quid
367 909 510 951 facias
528 909 628 951 illi'?
653 908 819 962 jubeas
838 909 1046 949 miserum
1065 920 1165 955 esse
1186 907 1371 948 libenter

225 1039 315 1072 Hinc
328 1051 400 1073 vero
405 1042 464 1084 fit,
477 1045 512 1073 ut
526 1043 554 1073 si
567 1043 618 1083 qui
632 1042 795 1083 requirant
810 1041 940 1073 nimiam
955 1041 1189 1083 abundantiam,
1205 1042 1259 1073 hos
1271 1051 1340 1073 cum
1354 1041 1424 1081 ripa
1438 1040 1581 1080 abreptos
1591 1040 1678 1078 ause-

223 1082 276 1114 ra't
288 1082 422 1125 Aufidus
443 1085 613 1116 vehemens.
660 1085 724 1120 Qui
739 1088 842 1116 autem
864 1087 987 1115 tantum
1002 1085 1172 1124 desiderat,
1183 1088 1332 1124 quantum
1346 1093 1467 1115 necesse
1481 1086 1542 1119 est,
1556 1083 1610 1114 ille
1623 1092 1679 1113 nec

225 1129 331 1165 captat
341 1137 453 1167 aquam
469 1137 550 1158 coeno
564 1127 730 1163 turbidam,
746 1137 801 1158 uec
812 1127 909 1158 vitam
923 1126 1116 1167 influctibus
1131 1128 1244 1167 perdit.
1290 1127 1354 1158 Sed
1370 1135 1483 1165 magna
1502 1135 1576 1166 pars
1595 1134 1677 1156 ntor-

225 1167 336 1199 talium
348 1169 463 1207 fallaci
483 1170 653 1210 cupiditate
676 1170 766 1200 illusa
786 1169 852 1200 ait.-
877 1168 970 1199 Nihil
983 1169 1108 1210 sufficit,
1120 1169 1261 1210 quoniam
1283 1169 1366 1200 tanti
1380 1168 1571 1200 oescimabere
1581 1176 1678 1208 quan-

226 1211 293 1241 tum
305 1211 484 1251 possidebis.
530 1212 616 1248 Quid
630 1212 700 1243 haic
714 1221 791 1251 agas
800 1215 813 1242 ,⁹
833 1212 900 1242 sine
913 1211 1001 1242 illum
1014 1221 1078 1243 esse
1091 1212 1256 1252 infelicem,
1268 1212 1510 1253 quandoquidem
1524 1211 1558 1243 id
1569 1213 1678 1252 sponte

830 1305 1071 1319 oemeoooo

227 1369 275 1401 At
302 1369 391 1401 idem
415 1371 552 1402 exbibet
578 1372 697 1403 melior
718 1373 894 1414 majorque
924 1383 1002 1413 pars
1026 1378 1231 1412 nostrorum,
1254 1373 1469 1412 Graevianus‚
1491 1372 1680 1411 Leidensis,

226 1411 458 1450 Colbertinus,
475 1413 589 1452 Galei,
606 1415 832 1453 Bauenanns,
847 1414 983 1454 aliique,
999 1420 1067 1446 eta
1083 1416 1192 1453 prima.
1207 1425 1306 1445 manu
1326 1415 1537 1454 Reginensis.
1584 1414 1678 1454 Lege

225 1454 340 1493 igitur,
360 1454 399 1484 de
421 1454 558 1494 flumine
579 1455 706 1486 malim!
737 1456 852 1486 Bentl.
907 1456 961 1488 Ita
987 1457 1112 1487 Sanad.
1139 1457 1287 1495 Towers,
1314 1457 1464 1492 Francis,
1496 1455 1676 1487 Heindorf.

225 1495 368 1527 Wetzel.
381 1495 513 1527 Wakef.
528 1502 562 1527 et
580 1497 772 1528 Kidd.—57
789 1498 886 1528 Unus
897 1498 1111 1535 Bersmanni,
1125 1498 1153 1528 si
1166 1508 1239 1539 quos
1253 1499 1396 1530 delectat.
1431 1498 1560 1529 Omnes
1575 1498 1677 1529 codd.

221 1536 390 1577 Lambini,
412 1538 565 1579 Cruquii,
587 1539 883 1578 Torrentii‚·Harl.
902 1543 929 1571 l.
946 1543 976 1572 2.
991 1543 1022 1571 3.
1037 1543 1069 1572 4.
1085 1543 1117 1571 6.
1133 1543 1165 1572 7.
1189 1541 1232 1572 al.
1255 1540 1343 1581 copia
1356 1541 1457 1579 justo.
1500 1541 1678 1572 Turnebus

221 1580 308 1620 eopia
321 1589 416 1611 cornu
428 1590 464 1611 se
481 1581 514 1612 in
531 1582 678 1623 antiquis
695 1582 899 1614 membranis
913 1583 1081 1623 reperisse
1098 1587 1263 1622 testatum
1279 1583 1370 1624 quod
1386 1592 1497 1624 neque
1513 1584 1679 1615 Lambino

222 1628 358 1662 prorsus
374 1622 556 1663 displicet:
580 1624 741 1666 displicet
757 1629 871 1657 tamen
885 1626 1164 1657 'sofrenum—58
1189 1626 1352 1666 Optimus
1369 1626 1478 1657 codex
1492 1627 1678 1662 Tor-rentii,

224 1665 305 1696 Cum
325 1665 418 1697 simul
440 1666 555 1698 avulsis
576 1667 660 1708 ripa.
705 1667 803 1699 Harl.
818 1671 851 1701 2.
878 1668 957 1699 Cum
980 1669 1072 1699 simul
1092 1669 1213 1699 avulsos
1235 1669 1406 1709 ripa.—59
1429 1668 1475 1699 At
1489 1669 1542 1708 qui
1557 1670 1678 1700 tantulo

222 1706 323 1739 Harl.
337 1710 369 1740 4.
385 1711 419 1740 6.
434 1710 467 1741 7.
491 1709 575 1740 Exc.
600 1710 680 1742 Sax.
708 1710 807 1742 Gott.
836 1720 920 1741 unus
944 1711 1158 1746 Bersmauni,
1176 1720 1259 1742 unus
1275 1711 1357 1741 item
1376 1711 1544 1746 Lambini,
1560 1711 1678 1743 Zarot-

221 1749 257 1782 et
270 1749 349 1782 alite
365 1750 444 1783 edd.
455 1757 542 1784 vett.
558 1751 605 1783 At
620 1752 673 1793 qui
686 1753 801 1784 tantuli
817 1753 915 1784 Harl.
931 1756 959 1784 1.
975 1755 1007 1785 2.
1020 1756 1052 1784 3.
1077 1753 1227 1784 Bentleii
1244 1753 1416 1792 meliores,
1427 1753 1544 1784 Graev.
1557 1753 1679 1794 Regin.

222 1797 243 1823 ι’
257 1801 303 1825 m.
319 1802 371 1834 pr.
387 1799 425 1825 et
440 1794 509 1833 alii,
534 1804 650 1826 omnes
674 1795 828 1836 Cruquii.
844 1795 997 1826 nonnulli
1013 1796 1197 1835 Torrentii,
1212 1799 1246 1826 et
1262 1795 1405 1826 aliorum
1423 1795 1562 1827 Venett.
1580 1798 1677 1829 1477.

222 1836 318 1867 1478.
347 1838 442 1868 1479.
467 1837 610 1869 Locber.
637 1843 674 1869 et
700 1838 778 1869 edd.
808 1842 956 1869 recentt.
986 1842 1134 1879 quantum
1164 1842 1208 1868 est
1237 1848 1311 1878 opus
1336 1838 1488 1869 nonnulli
1510 1839 1678 1875 Lambini,

221 1877 310 1919 quod
327 1884 530 1920 receperunt
548 1880 664 1912 Bentl.
681 1880 807 1912 Sanad.
832 1881 986 1920 Francis,
1003 1881 1147 1912 Wetzel.
1164 1881 1299 1912 Wakef.
1317 1885 1354 1912 et
1370 1880 1477 1912 Kidd.
1499 1885 1615 1921 quanto
1630 1885 1678 1914 est

220 1929 295 1961 opus
320 1921 418 1953 Harl.
436 1926 466 1955 1.
483 1925 515 1954 2.
532 1925 563 1954 3.
579 1925 611 1954 4.
627 1925 659 1955 6.
673 1926 704 1954 7.
728 1923 844 1954 Graev.
874 1923 992 1963 Regin.
1016 1923 1059 1953 al.
1087 1927 1123 1954 et
1150 1922 1229 1954 edd.
1255 1926 1426 1954 vem-60
1450 1923 1567 1954 Codex
1595 1933 1679 1955 unus

221 1962 435 2004 Berxmannt,
466 1970 501 1997 et
531 1964 630 1996 Harl.
658 1967 690 1998 4.
712 1969 743 1997 6.
765 1975 820 1997 nee
853 1965 966 2005 vitam,
988 1965 1077 2006 quod
1109 1970 1316 2006 receperunt
1346 1965 1461 1996 Bentl.
1486 1965 1614 1997 Sanad.
1642 1973 1678 1998 et

223 2005 329 2038 Kidd.
350 2007 474 2040 amittet
497 2017 584 2039 unus
600 2008 898 2040 Bersmauni.-61
921 2009 1006 2039 Tres
1029 2007 1131 2040 codd.
1149 2008 1365 2048 Bersmanni,
1392 2009 1437 2039 Ut
1453 2008 1530 2039 bona
1549 2019 1679 2049 pars.—

223 2049 264 2078 63
287 2048 429 2090 Cuniug.
454 2052 538 2082 tanti
574 2051 742 2091 quim—63
767 2051 884 2082 Bentl.
919 2060 963 2082 ex
996 2051 1088 2092 conj.
1110 2050 1348 2091 Cuninghami‚
1378 2051 1536 2082 miseram.
1593 2052 1676 2083 Tor-

223 2089 364 2131 tentius,
380 2100 423 2123 ex
445 2092 525 2124 edd.
542 2092 740 2134 quibusdam
762 2099 847 2124 vett.
871 2093 1052 2135 distinguit
1074 2099 1152 2134 post
1172 2103 1257 2130 esse;
1280 2103 1427 2135 eumque
1453 2094 1562 2126 secuti
1581 2095 1679 2126 Dun-

223 2136 308 2171 ster,
335 2133 439 2166 Baxt.
456 2134 598 2175 Bipont.
620 2135 744 2167 Sanad.
773 2135 958 2176 Heindorf,
988 2141 1024 2167 et
1055 2136 1213 2168 Francis:
1238 2137 1295 2168 alii
1325 2146 1404 2167 vero
1430 2142 1509 2177 post
1533 2137 1678 2168 libenter.

223 2174 234 2192 ⁴
246 2173 295 2206 At
309 2183 375 2215 ego
390 2177 509 2208 sustuli
525 2177 794 2217 distinctionem,
810 2183 846 2209 ut
863 2180 1029 2218 integrum
1045 2184 1140 2210 certe
1155 2180 1343 2220 relinquam
1361 2179 1498 2219 lectori,
1509 2189 1576 2222 quo
1595 2180 1678 2211 velit

223 2215 306 2248 illud
321 2217 452 2250 libenter·
466 2218 618 2252 referre:
642 2219 801 2262 equidem
829 2220 871 2252 ad
895 2221 1040 2252 miserum
1064 2230 1141 2263 esse,
1166 2226 1204 2254 ut
1225 2222 1271 2254 sit
1293 2221 1514 2264 oxymoruml
1535 2223 1679 2254 Gemi.—

878 2307 1023 2339 NOTAE

262 2369 306 2399 68
331 2368 410 2400 Cum
422 2368 494 2410 ripa
508 2369 603 2400 simul
615 2370 734 2402 avulsos
747 2370 839 2409 serat
853 2369 921 2401 Au·
975 2370 1040 2402 vii:
1066 2374 1187 2402 contra
1210 2370 1394 2403 fonticulus
1421 2371 1594 2412 limpidam
1620 2372 1678 2403 ba-

212 2417 317 2458 ΜΒ]
338 2418 406 2452 Qui
423 2419 498 2459 plus
518 2419 714 2452 divitiarum
736 2424 920 2461 appetunt,
974 2419 1035 2452 bet
1061 2430 1194 2463 aquam.
1238 2421 1376 2453 Iudicat
1410 2421 1577 2452 Horatius
1615 2430 1678 2461 per

220 2475 321 2508 qnam
336 2478 398 2510 par
409 2474 474 2507 est,
490 2479 583 2511 saepe
600 2480 711 2502 rerum
729 2470 828 2511 copia
844 2471 919 2501 illos
974 2471 1231 2504 similitudinem
1253 2481 1325 2513 eos,
1346 2471 1404 2513 qui
1429 2480 1512 2511 opes
1539 2479 1678 2510 magnas

221 2516 354 2557 perdit:
379 2518 468 2551 sicut
483 2521 539 2562 qui
555 2521 630 2553 vult
645 2531 767 2563 aquam
785 2521 920 2552 haurire
974 2521 1072 2553 avide
1089 2526 1257 2564 quaerunt,
1281 2521 1396 2553 multis
1422 2519 1553 2551 turbari
1577 2520 1677 2556 curis.

223 2574 267 2598 ex
281 2567 411 2608 ingenti
424 2568 577 2611 flumine,
603 2581 668 2604 non
693 2581 770 2603 raro
787 2571 920 2604 demer-
975 2576 1010 2603 et
1026 2581 1266 2612 nonnunquam
1282 2570 1380 2601 obrui
1398 2574 1433 2600 et
1447 2568 1590 2601 absumi.

226 2615 316 2656 gitur
329 2627 370 2649 ac
387 2619 490 2659 perit.
1016 2626 1056 2654 61
1085 2623 1240 2663 Cupidine
1254 2620 1357 2660 falso]
1392 2620 1570 2661 Cupiditas
1594 2621 1678 2653 ima-

267 2665 411 2708 Aufidtu]
433 2668 569 2711 Apulia·
581 2669 718 2713 fluvius,
735 2681 798 2712 pro
814 2671 922 2713 quoli—
974 2672 1052 2712 gine
1080 2671 1167 2703 recti
1193 2678 1229 2702 et
1250 2670 1338 2711 justi
1361 2669 1461 2702 fallit.
1508 2670 1676 2702 Nimirum

224 2714 285 2746 bet
307 2715 373 2747 alio
396 2719 514 2758 rapido
536 2719 698 2753 flumine.-
733 2714 789 2753 De
805 2731 846 2752 eo
863 2730 922 2760 m,
973 2723 1116 2754 honeste
1146 2721 1340 2757 vivendum,
1369 2719 1469 2752 famae
1499 2722 1677 2753 consulen-

230 2764 299 2796 Od.
314 2767 367 2797 80.
384 2767 455 2807 ubi,
476 2770 485 2786 ‘
500 2771 625 2803 violens
637 2772 804 2804 Aufidus.'
974 2772 1068 2812 dum,
1082 2774 1145 2804 &c.
1192 2771 1284 2811 Ergo
1301 2771 1403 2802 docet
1419 2780 1502 2811 opes
1518 2780 1676 2803 accumu-

267 2818 310 2846 59
344 2816 448 2857 Neque
469 2819 540 2850 limo
566 2821 732 2854 Turbatam
755 2824 860 2855 haurit
887 2835 922 2856 a·
973 2825 1044 2855 lare
1072 2824 1112 2855 ad
1152 2827 1280 2855 sumtus
1318 2822 1510 2853 necessario
1547 2820 1677 2854 facien-

231 2865 337 2908 quam]
359 2867 442 2899 Plus
456 2868 525 2900 limi
541 2870 677 2904 trahunt
693 2874 838 2914 majores
859 2873 920 2906 tlu-
975 2874 1048 2906 dos.
