1956 3236
617 266 894 300 snRMoNuM
926 266 1021 297 mu.
1054 266 1086 296 1.
1116 256 1158 296 5.

1526 253 1612 295 851

156 364 231 407 Ad
252 364 439 406 mediam
459 364 630 404 noctem
651 364 861 415 expecto:
890 373 1068 402 somnus
1087 364 1236 401 tamen
1256 358 1399 401 aufert

160 432 382 474 Intentum
403 429 595 480 Veneri;
627 432 718 470 tum
738 428 960 469 immundo
981 428 1153 468 somnia
1170 427 1269 467 visu

160 499 435 540 Noctumam
452 501 618 539 vestem
640 496 877 546 maculant,
897 498 1179 548 ventremque
1203 493 1422 547 supinum.

1557 490 1614 532 85

162 565 364 617 Quatuor
380 565 482 606 hinc
500 563 700 616 rapimur
718 563 875 615 viginti
895 568 941 602 et
962 561 1106 602 millia
1124 560 1283 610 rhedis,

162 633 362 674 Mansuri
384 631 615 685 oppidulo,
639 630 758 684 quod
781 642 912 671 versu
933 629 1080 670 dicere
1101 641 1188 668 non
1207 632 1291 677 est,

162 700 309 752 Signis
328 698 538 753 perfacile
562 702 654 739 est:
685 697 809 737 venit
828 695 1048 737 vilissima
1073 707 1215 734 rerum

165 767 258 810 Hic
277 779 420 821 aqua3
452 764 530 807 sed
551 765 680 818 panis
696 764 825 816 longe
846 762 1180 816 pulcherrimus,
1203 761 1318 803 ultra

162 833 364 877 Callidus
384 839 434 873 ut
453 833 596 873 soleat
614 831 806 872 humeris
828 834 1000 884 portare
1020 829 1189 880 viator3

1560 830 1618 871 90

163 901 284 944 Nam
307 899 477 942 Canusi
495 898 754 952 lapidosus:
787 909 916 950 aquae
935 908 1020 937 non
1042 895 1172 936 ditior
1192 907 1324 948 urna3

159 1017 418 1057 expectosnistra
434 1018 475 1048 ud
489 1017 620 1048 mediam
634 1025 727 1056 usque
740 1013 893 1051 noctem&
909 1014 986 1045 Tum
1001 1023 1073 1045 tero
1087 1022 1177 1053 sopor
1192 1023 1239 1044 me
1254 1012 1382 1044 invasit.
1427 1012 1448 1031 ⁴*
1513 1012 1532 1030 *
1598 1011 1619 1030 ³

162 1059 239 1090 Inde
253 1060 359 1090 rhedis
372 1059 515 1091 vehimur
527 1069 583 1100 per
597 1062 730 1099 quatuor
751 1062 781 1088 et
804 1057 920 1096 viginti
934 1057 1032 1087 millia
1052 1065 1212 1096 passuum.
1233 1055 1450 1086 commoratur-i
1471 1055 1506 1086 in
1522 1064 1621 1096 parua

160 1101 236 1132 urbe
247 1111 338 1141 quam
351 1102 491 1133 indicare
514 1111 575 1133 non
597 1101 669 1132 licet
684 1110 772 1132 versu
787 1100 966 1130 hexametro
977 1109 990 1135 ,·
1012 1099 1115 1137 signis
1129 1102 1244 1135 autem,
1259 1101 1305 1128 est
1320 1098 1522 1135 facillimum.
1566 1097 1620 1128 Ibi

162 1144 308 1174 venditur
320 1154 401 1184 aqua
414 1154 519 1175 rerum
531 1143 705 1174 vilissima:
725 1146 758 1173 at
780 1141 873 1181 panis
893 1144 940 1172 est
955 1141 1088 1181 optimus
1103 1144 1184 1171 certe
1198 1151 1208 1176 ,·
1230 1141 1306 1171 adeo
1323 1144 1357 1171 ut
1369 1142 1505 1181 prudens
1516 1139 1620 1170 viator

161 1186 355 1217 consueverit
367 1189 474 1228 sponte
499 1186 635 1217 humeris
653 1185 767 1224 serre;
789 1184 862 1224 quia
878 1183 1007 1215 Canusii
1034 1186 1081 1216 est
1105 1183 1280 1223 lapidosus.-
1300 1192 1380 1214 uma
1403 1186 1506 1214 autem
1531 1191 1620 1222 aquoe

770 1279 827 1292 ’θ’
833 1279 1008 1291 HOMO

163 1354 231 1376 mus
255 1355 362 1384 usque,
381 1345 541 1385 puellam?
563 1344 787 1377 Wakef.-89
810 1345 908 1376 Gott.
935 1345 1077 1375 Mediol.
1102 1347 1196 1375 1477.
1215 1346 1308 1375 1486.
1330 1345 1455 1375 Venet.
1474 1346 1568 1374 1479.
1586 1346 1622 1373 et

163 1387 314 1418 Florent.
331 1389 426 1419 1482.
457 1388 552 1419 ultra.
596 1388 676 1418 Vet.
693 1386 814 1418 Comb.
841 1387 968 1418 Vener.
995 1390 1089 1417 1559.
1113 1386 1277 1417 Glarean.
1306 1385 1451 1417 Chabot.
1481 1386 1620 1417 ultro.—

821 1483 964 1515 NOTAE

159 1545 228 1577 tius
238 1545 369 1589 pariter
382 1545 393 1564 ‘
403 1545 602 1578 confluxe&
625 1546 809 1578 Terentius
825 1546 858 1577 in

159 1595 307 1636 Adelph.
320 1597 331 1615 ⁴
349 1596 530 1638 produxe‚’
544 1599 611 1628 διε.

204 1645 338 1687 Trivici]
360 1646 439 1678 Hoc
455 1647 616 1687 oppidum
640 1647 742 1678 estin
759 1646 858 1678 Cani-

158 1696 268 1736 paniae
281 1695 418 1736 finibus,
441 1701 618 1728 montuosa
640 1696 740 1727 valde
752 1697 859 1736 regio-

158 1755 213 1787 ne,
226 1746 354 1787 viisque
367 1746 480 1778 arduis
492 1756 532 1778 ac
545 1745 760 1777 difficilibusz
778 1756 860 1787 qua-

157 1800 299 1836 propter
323 1796 356 1826 in
381 1796 461 1827 villa
493 1796 647 1836 proxima
672 1795 861 1828 subsistere

158 1845 285 1886 naepins
300 1855 444 1878 necesse
459 1851 523 1878 est.

201 1897 242 1926 87
269 1895 438 1936 Oppidqu,
454 1896 535 1936 quod
559 1905 652 1927 versu
675 1894 778 1926 dicere
802 1904 863 1925 non

158 1944 221 1984 at]
251 1945 392 1977 Scilicet
420 1946 650 1987 Equotutico;
683 1955 759 1986 quae
792 1953 859 1975 vox

160 1998 251 2026 sture
269 1996 390 2037 nequit
404 1996 439 2027 in
456 2005 556 2027 versu
570 1996 782 2027 hexametro.
818 1995 862 2026 E-

162 2045 367 2084 quotutium,
385 2045 451 2085 vel,
466 2050 503 2076 ut
526 2046 644 2086 legunt
661 2045 733 2083 alii,
747 2045 859 2085 Equo-

162 2093 319 2134 tuticum,
334 2094 406 2125 sive
420 2095 535 2135 Equus
550 2095 706 2132 Tuticus,
722 2093 860 2133 Apuliae

165 2142 308 2174 Dauniae
323 2142 391 2174 fuit
404 2143 618 2184 oppidulum,
630 2142 731 2174 hodie
742 2142 862 2174 Arium

162 2192 303 2233 dicitur,
319 2193 393 2224 aliis
415 2194 564 2233 foggin.-
587 2194 622 2225 in
644 2194 733 2225 colle
758 2195 862 2224 situm

161 2246 216 2274 est
231 2242 275 2273 ad
290 2242 507 2283 Apenninum
523 2248 671 2275 montem
686 2254 694 2274 :
716 2253 735 2274 a
751 2244 861 2274 Bene-

162 2297 264 2324 vento
277 2293 310 2324 iu
323 2298 433 2324 ortum
450 2294 557 2325 distat
569 2293 767 2325 milliaribus
781 2295 863 2325 duo-

160 2342 284 2383 decim,
308 2352 352 2374 ex
373 2343 536 2375 Sansone.
581 2344 678 2375 Illius
706 2344 862 2375 meminit

162 2392 284 2424 Cicero
308 2392 351 2424 ad
381 2392 490 2425 Attic.
522 2403 572 2426 vr.
602 2396 633 2426 1.
660 2396 669 2413 ‘
688 2395 782 2426 Scire
811 2396 862 2426 vis

161 2445 237 2473 tuas
253 2451 317 2483 ego
326 2452 410 2484 quas
425 2445 616 2486 acceperim
628 2444 754 2476 literas.
777 2444 863 2476 Om-

162 2499 225 2522 ue·
246 2491 320 2524 fere
342 2503 425 2535 quas
452 2504 710 2535 commemoras,
732 2499 860 2536 praeter

165 2549 223 2572 eu
250 2551 331 2583 quas
359 2544 480 2576 scribis
509 2546 647 2577 Lentuli
677 2545 793 2586 pueris
824 2550 862 2576 et

163 2589 370 2632 Equotutico
385 2594 628 2628 acBrundusio
643 2593 766 2627 datas!

211 2642 302 2678 Quod
320 2653 410 2676 versu
427 2644 527 2677 aiem
540 2655 602 2677 non
615 2646 679 2686 est]
703 2644 858 2676 Imitatio

165 2697 221 2724 est
249 2693 371 2724 Lucilii
394 2695 446 2726 ita
474 2686 643 2736 Signini-'ia
672 2695 858 2727 indicantis

165 2743 240 2774 Sat.
264 2745 297 2773 7.
333 2743 344 2760 ‘
359 2743 538 2776 Servorum
566 2745 669 2778 festu'
699 2746 771 2777 dies
795 2751 858 2784 est,

165 2792 276 2828 Quem
289 2792 389 2834 plane
403 2791 601 2827 hexametro
615 2804 714 2827 versu
730 2805 795 2828 uon
811 2795 859 2827 di-

914 1555 992 1578 cere
1021 1545 1154 1586 possis.’
1198 1546 1254 1577 De
1281 1545 1346 1576 hoc
1369 1553 1540 1575 servorum
1565 1544 1620 1575 die

912 1595 1076 1627 continuo
1117 1599 1196 1635 post
1226 1594 1420 1626 Saturnalia
1451 1593 1621 1624 celebrari

912 1650 1092 1683 consueto,
1110 1645 1268 1676 Maorob.
1285 1653 1310 1674 1.
1332 1646 1381 1674 10.

956 1698 998 1725 88
1026 1695 1119 1726 Venit
1141 1694 1294 1725 vilissima
1308 1702 1412 1724 rerum
1435 1692 1502 1723 Hie
1524 1692 1620 1732 aqua]

913 1745 999 1778 Quae
1017 1745 1152 1776 scilicet
1166 1743 1304 1775 aliunde
1329 1743 1478 1782 petenda
1495 1748 1530 1773 et
1547 1743 1620 1773 lon-

914 1804 970 1835 ge,
987 1805 1007 1826 e
1023 1794 1120 1825 fonte
1138 1794 1264 1834 aliquo.

955 1848 997 1876 89
1025 1845 1120 1877 Ultra
1147 1843 1261 1884 [ultro]
1289 1842 1444 1882 Callidus]
1471 1842 1618 1875 Quidam

910 1896 1030 1935 legunt
1046 1896 1142 1934 ultra,
1160 1895 1194 1925 id
1211 1898 1276 1932 est,
1293 1894 1327 1924 in
1345 1893 1545 1924 ulteriorem
1567 1901 1619 1923 re-

912 1945 1060 1985 gionem.
1104 1944 1204 1977 Quod
1222 1944 1306 1974 satis
1323 1943 1450 1983 placet.

955 1997 996 2026 91
1024 1993 1159 2034 Canusi]
1181 1993 1363 2025 Canusium
1394 1992 1532 2033 Apuliae
1558 2001 1618 2032 op-

915 2044 1044 2085 pidum,
1061 2044 1160 2075 hodie
1185 2044 1317 2083 Canosa,
1341 2044 1374 2074 iu
1400 2043 1488 2074 colle
1512 2042 1618 2073 aedifi-

914 2099 1027 2126 catum
1044 2094 1135 2134 apud
1148 2093 1308 2125 Aufidum
1326 2102 1458 2124 amnem
1474 2103 1482 2123 ι
1499 2102 1517 2122 a
1532 2093 1620 2123 Can-

913 2143 966 2174 nis
981 2144 1102 2174 excisis
1118 2143 1248 2174 distans
1261 2142 1370 2173 tribus
1385 2141 1597 2173 milliaribus.

956 2194 1143 2235 lapidosus]
1167 2193 1307 2234 Lapidis
1330 2194 1440 2225 instar
1461 2193 1566 2224 durus
1582 2197 1618 2224 et

914 2244 1099 2285 insipidus:
1125 2245 1178 2275 vel
1193 2243 1363 2284 lapidibus
1378 2244 1515 2284 plenus,
1531 2253 1550 2275 e
1567 2243 1618 2274 fa-

915 2294 986 2325 rina
1001 2294 1138 2325 minime
1154 2303 1261 2334 pura3
1286 2294 1357 2324 sive
1378 2294 1466 2324 male
1483 2293 1617 2324 concin-

914 2348 995 2375 nata
1024 2344 1125 2384 mola,
1151 2343 1222 2374 sive
1249 2352 1315 2374 non
1339 2348 1393 2374 sat
1420 2342 1517 2381 dura,
1539 2352 1615 2383 quae

913 2403 1018 2434 grana
1029 2393 1240 2425 conterendo
1251 2394 1327 2434 ipsa
1340 2393 1527 2431 deteratur,
1537 2401 1616 2430 rup-

914 2444 957 2475 tis
969 2443 1048 2475 inde
1062 2443 1253 2484 particulis,
1264 2452 1340 2484 quae
1358 2443 1521 2473 immixtae
1535 2441 1616 2481 pani

913 2494 1035 2525 dentes
1051 2493 1286 2524 manducantis
1299 2490 1488 2522 offendunt.

955 2544 1057 2584 Aquoe
1067 2554 1127 2574 non
1142 2543 1239 2574 ditior
1253 2541 1349 2581 urna]
1371 2540 1426 2572 An
1440 2541 1528 2582 quod
1547 2540 1614 2572 Au-

914 2594 1003 2625 fidus
1019 2598 1072 2624 est
1088 2593 1254 2623 duntaxat
1274 2592 1380 2629 lacus,
1397 2590 1616 2631 quemadmo-

916 2644 996 2675 dum
1023 2642 1147 2674 Strabo
1174 2642 1312 2679 asserit,
1342 2641 1439 2681 cujus
1469 2640 1614 2681 proinde

911 2703 999 2734 aqua
1029 2697 1113 2733 potu
1142 2691 1328 2732 injucunda
1354 2691 1466 2721 esset?
1500 2699 1554 2730 an,
1576 2695 1615 2722 ut

912 2743 1068 2775 scribunt
1084 2741 1248 2778 nonnulli,
1271 2740 1361 2781 quod
1380 2739 1495 2772 Aufidi
1517 2739 1614 2774 fluvii

913 2794 1029 2828 alveus
1045 2792 1216 2825 interdum
1231 2790 1378 2824 arescit?
