1904 3256
350 299 434 342 794
823 312 865 348 Q.
895 308 1098 340 Hona‘ru
1131 307 1299 337 rnaccr

352 403 597 455 Inspiciunt
614 417 624 454 ;
654 416 722 449 ne,
745 402 780 441 si
802 402 936 441 facies
955 402 1020 447 (ut
1039 398 1183 451 saepe)
1198 399 1354 440 decora

351 466 480 509 Molli
498 468 604 508 fulta
625 466 735 519 pede
756 468 835 513 est,
854 468 1056 504 emtorem
1077 464 1252 505 inducat
1268 464 1453 506 hiantem
1471 479 1481 516 ;

351 531 479 581 Quod
497 531 687 583 pulchrae
706 530 873 578 clunes,
892 528 1154 580 breve-quod
1175 536 1321 582 caput,
1340 531 1476 571 ardua
1496 531 1657 572 cervix.

351 596 453 636 Hoc
476 597 538 636 illi
559 595 702 635 recte?
733 607 787 634 ne
803 594 995 646 corporis
1017 593 1179 646 optima
1199 594 1385 648 Lynceis
1668 594 1674 599 “

351 659 649 711 Contemplere
670 658 829 708 oculis,
853 657 1053 711 Hypsaea
1074 659 1232 699 caecior
1251 659 1331 700 illa

351 725 463 775 Quae
486 724 599 764 mala
619 728 722 764 sunt
742 727 928 776 spectes.
949 723 984 771 ἹῘ
999 722 1038 763 Ο
1059 725 1180 765 crus!
1211 724 1249 765 Ο
1270 726 1448 767 brachia
1465 727 1474 767 !
1503 726 1538 774 ΊῘ
1556 724 1719 766 Verum

1702 595 1760 636 90

347 875 407 897 non
421 875 490 895 raro
502 864 563 905 fit)
585 866 718 903 elegans,
728 865 755 895 si
769 868 872 895 tenera
886 865 1000 902 ungula
1013 865 1143 895 subnixa
1157 865 1270 904 fuerit,
1283 866 1315 896 in
1331 874 1461 896 errorem
1471 866 1605 904 impellat
1619 869 1761 896 emtor-em

345 908 490 942 avidum5
512 915 546 936 eo
560 907 638 946 quod
651 906 715 936 sint
729 907 844 936 decoroe
857 907 970 944 clunes,
985 905 1074 937 breve
1085 910 1185 945 caput,
1200 910 1301 937 erecta
1315 907 1430 938 cervix.
1474 907 1528 937 Illi
1549 909 1630 938 recte
1643 906 1762 946 quidem

346 949 401 978 Ιιοι·
407 947 544 985 fuciunt.
591 947 636 977 Tu
649 957 722 986 ergo
734 948 853 986 pariter
867 957 903 977 ne
921 947 1016 978 oculis
1027 947 1212 978 acutissimis
1224 949 1361 979 intueare
1379 951 1483 988 partes
1496 949 1630 988 corporis
1643 948 1763 986 sormo-

345 998 415 1026 sas‚·
438 989 575 1029 Hypsaea
599 998 669 1019 vero
690 989 798 1019 caecior
818 999 854 1019 ea
875 998 940 1028 quae
958 988 1105 1025 defer-'nia
1126 993 1194 1020 sum
1218 989 1361 1029 aspidas.
1405 990 1435 1020 0
1454 999 1523 1020 crus
1543 988 1724 1021 venustum!
1745 999 1763 1019 o

938 1091 956 1102 ο
960 1091 974 1102 0
979 1091 994 1102 e
999 1090 1092 1102 ‘000‘
1096 1090 1170 1103 0000

345 1165 512 1206 Lambini,
527 1170 562 1197 et
574 1166 727 1207 quasdam
743 1165 821 1196 edd.
837 1170 915 1196 aute
931 1166 1034 1205 Cruq.
1049 1165 1130 1195 item
1142 1164 1281 1195 Venett.
1298 1165 1391 1194 1490.
1404 1166 1497 1194 1492.
1521 1163 1660 1194 Locher.
1673 1164 1763 1204 Lips.

345 1207 455 1238 Laud.
471 1208 591 1243 Faber.
606 1209 732 1238 Dacer.
749 1209 810 1237 &c.
834 1210 964 1246 apertos.
1008 1206 1133 1237 Omnes
1149 1205 1252 1245 Cruq.
1277 1204 1405 1244 plurimi
1428 1204 1581 1234 Torrent.
1597 1209 1632 1235 et
1647 1204 1763 1236 Lamb.

346 1248 494 1279 Bentleii
511 1249 604 1280 Leid.
621 1249 733 1281 Graev.
757 1253 792 1279 et
817 1248 938 1288 Regin.
964 1247 1046 1279 Exc.
1071 1247 1151 1278 Sax.
1169 1255 1253 1277 unus
1269 1245 1358 1277 Han.
1374 1245 1471 1276 Gon.
1487 1244 1586 1276 Harl.
1603 1247 1631 1276 1.
1645 1247 1677 1275 2.
1689 1247 1722 1278 8.
1733 1247 1764 1277 4.

344 1292 376 1320 6.
391 1293 422 1321 7.
467 1291 581 1321 Zarot.
592 1290 733 1326 Mediol.
746 1290 885 1321 Venett.
901 1292 992 1320 1477.
1005 1291 1097 1320 1478.
1112 1290 1205 1319 1479.
1238 1287 1341 1327 Crnq.
1361 1286 1474 1317 Lamb.
1485 1287 1640 1317 Tei-rent.
1652 1286 1765 1318 Bentl.

346 1335 382 1362 et
395 1337 539 1363 recenti.
556 1335 685 1372 opertos.
730 1331 895 1372 Crnquius
918 1340 937 1362 e
960 1330 1037 1362 Div.
1060 1335 1095 1361 et
1119 1331 1217 1360 Tons.
1239 1328 1446 1368 interpungit
1461 1333 1536 1368 post
1549 1331 1677 1368 opertos,
1698 1335 1764 1358 non

346 1381 424 1403 vero
441 1378 516 1411 post
531 1376 798 1404 mercantum—88
824 1372 994 1403 Bentleius
1011 1375 1130 1402 contra
1153 1379 1267 1401 omnes
1292 1369 1390 1400 codd.
1405 1374 1439 1400 et
1454 1369 1532 1400 edd.
1553 1372 1696 1399 emtorem
1709 1369 1766 1399 du-

345 1417 394 1444 cat
411 1413 556 1454 hiantem,
580 1423 598 1444 e
623 1415 720 1444 Pers.
735 1422 770 1444 v.
786 1414 1008 1444 1⁰76.—9o—92
1030 1412 1203 1442 Bentleius
1229 1420 1270 1440 ex
1298 1409 1494 1450 quibusdam
1519 1409 1617 1441 codd.
1646 1415 1683 1440 ut
1706 1411 1766 1448 ait,

289 1459 293 1462 “
345 1454 473 1485 edidit:
497 1459 532 1485 tu
553 1465 579 1485 c.
601 1465 628 1486 ο.
650 1455 765 1495 Lyncei
783 1454 990 1494 Contemplare
1009 1453 1103 1484 oculis
1114 1462 1126 1489 ,·
1149 1453 1197 1483 H.
1219 1451 1338 1489 caem'or,
1355 1451 1409 1482 illa
1425 1450 1465 1485 Q.
1480 1459 1522 1481 m.
1537 1454 1621 1489 sunt,
1633 1454 1764 1490 spectas.

346 1495 488 1536 Cuning.
503 1505 582 1527 vero
595 1506 602 1526 ε
628 1497 698 1526 Hoc
711 1496 759 1526 iui
769 1498 857 1536 apte.-
871 1505 920 1526 πω
935 1498 968 1526 tu
982 1503 1065 1533 corp.
1077 1514 1086 1524 .
1098 1515 1105 1524 .
1117 1514 1125 1523 .
1137 1493 1366 1532 Contemplmw.
1378 1514 1386 1523 .
1397 1513 1405 1522 .
1416 1494 1556 1532 apenos.
1599 1491 1714 1523 Graev.
1726 1496 1762 1522 et

344 1536 466 1568 Bland.
484 1538 738 1572 vetustissimus.
762 1545 836 1568 cum
863 1537 959 1567 Harl.
978 1538 1006 1566 l.
1022 1539 1052 1567 3.
1074 1535 1199 1575 Lyncei.
1245 1534 1382 1574 Aliquot
1396 1533 1579 1570 Tor-rentii,
1591 1533 1712 1568 Regin.
1729 1538 1764 1563 et

345 1577 466 1610 Trinit.
494 1579 667 1618 Bentleii,‘
678 1579 897 1618 Contemplare.
953 1576 1074 1609 Bland.
1106 1575 1352 1616 antiquissimus
1379 1579 1416 1606 et
1438 1574 1597 1606 Glarean.
1623 1575 1765 1604 Contem-

980 1674 1011 1706 N
1017 1673 1118 1706 01·AE

346 1749 580 1781 anctoritatem
598 1759 694 1790 quam
715 1749 764 1780 eis
779 1746 913 1780 confert
927 1757 1028 1789 pecu-

345 1799 412 1839 nia,
427 1799 480 1830 cui
498 1799 606 1829 omnia
621 1798 793 1830 obediunt.

390 1848 520 1887 Opertos
535 1847 723 1888 [aspiciunt]
745 1847 904 1886 Pugnant
918 1855 1030 1877 exem-

345 1895 462 1937 plaria.
507 1895 611 1926 Plura
633 1901 726 1926 certe
750 1899 869 1935 opertos
892 1895 1028 1925 liabent.

344 1945 465 1977 Sensus
476 1949 545 1976 est:
558 1945 707 1985 Opertos
719 1949 1028 1984 mercantur-equos,

345 2003 389 2024 ne
413 1998 570 2024 venustas
598 1994 747 2033 corporis
772 1994 886 2024 statim
915 1992 1029 2032 capiat

346 2046 519 2082 emtor-em,
534 2041 704 2084 faciatque
721 2047 758 2074 nt
773 2043 889 2073 vitium
905 2041 1028 2082 pedum

345 2101 411 2123 non
441 2092 608 2131 attendat,
628 2091 716 2132 quod
743 2096 855 2122 tamen
883 2091 916 2121 in
943 2099 1028 2130 equo

345 2141 551 2181 praecipuum
567 2147 628 2172 est.
664 2141 853 2181 Xenophon
869 2140 902 2170 in
918 2139 1028 2171 libello

345 2189 389 2221 de
404 2199 440 2222 re
455 2191 600 2231 equestri
616 2190 727 2230 docet,
742 2191 775 2221 in
788 2199 873 2230 equo
888 2189 1029 2230 primam

346 2249 420 2271 esse
448 2240 570 2281 pedum
597 2240 898 2271 considerationem
912 2249 919 2268 :
949 2246 1029 2278 quo-

345 2290 432 2321 niam
459 2294 497 2320 ut
523 2299 637 2330 parum
662 2288 798 2329 prodest
818 2287 937 2318 aedium
961 2286 1029 2317 ele-

346 2339 473 2380 gantia,
494 2339 521 2370 si
541 2338 767 2370 fundamentis
790 2340 1028 2378 superstructae

346 2388 413 2418 sint
424 2388 567 2426 vitiosis;
584 2389 630 2419 ita
645 2397 748 2428 equus
760 2391 812 2417 est
825 2386 964 2423 inutilis,
975 2384 1030 2425 qui

347 2436 489 2477 pedibus
499 2437 584 2466 haud
596 2435 699 2467 firmis
711 2435 830 2466 fuerit:
845 2434 1030 2465 cavendum

345 2486 448 2525 igitur
469 2486 612 2515 maxime
636 2493 676 2514 ne
698 2484 740 2514 sit
759 2483 883 2523 ungula
898 2481 1029 2512 mollior

346 2543 386 2566 ac
401 2534 545 2573 tenuior,
559 2535 622 2564 &m
667 2531 812 2564 Quidam
830 2529 959 2570 antiqui
974 2538 1029 2560 co—

346 2583 438 2614 dices
453 2583 576 2614 liabent
586 2583 719 2621 apertos,
731 2579 818 2621 quod
829 2580 940 2620 placet
950 2587 1029 2609 non-

347 2632 458 2670 nullis,
472 2631 514 2662 οἱ)
530 2631 704 2661 clariorem
721 2635 815 2660 certe
830 2637 972 2659 sensum.

389 2683 430 2710 88
446 2679 611 2719 Hiantem]
628 2679 704 2709 Prae
721 2677 939 2709 admiratione
953 2685 1030 2716 par-

347 2727 429 2760 tium
444 2727 648 2769 quarundam
666 2727 760 2758 valde
775 2726 1027 2762 concinnarum3

346 2785 483 2818 praeque
497 2775 628 2810 emendi
642 2775 842 2816 cupiditate.

1123 1748 1165 1776 89
1202 1744 1343 1776 Pulchrae
1377 1745 1490 1783 clunes,
1525 1743 1595 1784 φη]
1650 1739 1768 1783 νίῐςὶῐὲ

1081 1795 1207 1836 Georg.
1223 1803 1279 1826 ιιι.
1301 1795 1312 1812 ‘
1328 1794 1376 1825 illi
1395 1793 1500 1824 ardua
1519 1792 1764 1833 cervix,Argu-

1081 1849 1216 1885 tumque
1226 1847 1342 1884 caput,
1357 1841 1468 1874 brevis
1479 1842 1584 1873 alvus.
1599 1841 1764 1882 obesaque

1081 1892 1200 1933 terga.’
1244 1892 1332 1923 Non.
1356 1891 1508 1923 Marcell.
1527 1891 1614 1922 hune
1629 1890 1765 1922 Horatii

1081 1941 1188 1972 locum
1203 1939 1313 1976 affert,
1326 1944 1363 1971 ut
1375 1939 1530 1975 ostendat
1543 1939 1644 1970 clunes
1658 1938 1765 1970 foemi-

1080 1990 1158 2021 nino
1180 1998 1302 2030 genere
1323 1989 1415 2030 poni,
1429 1997 1509 2028 quas
1525 1988 1666 2018 Plautus
1682 1997 1765 2018 inas-

1081 2039 1206 2070 culinas
1219 2037 1324 2070 facit:
1339 2039 1348 2056 ‘
1362 2039 1477 2069 clunes
1493 2036 1646 2068 desertos
1661 2036 1766 2077 gero!

1123 2090 1165 2119 90
1194 2087 1326 2128 Lynceis
1351 2086 1460 2127 oculis]
1500 2085 1624 2118 Quales
1650 2085 1766 2117 habuit

1082 2137 1236 2176 Lynceus
1258 2135 1406 2175 Apharei
1428 2134 1527 2174 filius,
1550 2143 1647 2176 quem
1669 2133 1765 2166 fabu-

1081 2185 1142 2216 lati
1169 2188 1247 2215 sunt
1274 2184 1316 2215 ad
1348 2189 1447 2215 terrae
1477 2188 1628 2215 centrum
1654 2183 1764 2224 pervi-

1082 2232 1182 2268 disse,
1198 2241 1239 2263 eo
1255 2231 1344 2272 quod
1367 2233 1492 2272 primus
1514 2241 1533 2262 e
1555 2230 1676 2262 fodinis
1694 2239 1762 2262 me-

1082 2282 1163 2314 talla
1178 2281 1329 2312 eruisset.

1123 2334 1162 2362 91
1181 2330 1318 2371 Hypsaea
1339 2328 1461 2368 caecior]
1485 2327 1571 2360 Haec
1584 2337 1626 2358 ex
1639 2327 1763 2359 illustri

1082 2380 1292 2410 Plautiorum
1314 2377 1419 2417 stirpe
1444 2377 1590 2416 vitiosos,
1605 2380 1643 2407 nt
1659 2376 1763 2415 aiunt,

1083 2429 1195 2460 oculos
1223 2425 1380 2457 habebat.
1429 2425 1531 2456 Forte
1555 2429 1692 2456 notatur
1720 2424 1762 2455 ab

1082 2477 1236 2514 Horatio,
1250 2474 1337 2516 quod
1351 2474 1563 2505 invenustum
1573 2473 1762 2514 quempiam

1081 2525 1264 2566 deperiret.

1123 2577 1164 2605 92
1190 2574 1219 2603 Ο
1233 2581 1301 2602 crus
1311 2571 1326 2603 Ι
1345 2572 1373 2601 Ο
1389 2571 1528 2610 brachiu]
1552 2569 1657 2603 Quasi
1672 2569 1763 2600 dice-

1083 2627 1134 2654 ret
1162 2620 1285 2652 Poeta:
1318 2620 1406 2650 Dum
1429 2619 1604 2650 admiraris
1625 2627 1702 2650 crus
1727 2625 1762 2649 et

1082 2669 1212 2702 brachia
1225 2673 1292 2699 tuae
1305 2669 1449 2707 amasiae,
1462 2677 1526 2700 non
1539 2668 1684 2700 advertis
1696 2668 1760 2699 alia

1079 2720 1210 2751 omuino
1226 2716 1401 2749 deformia.
