1956 3236
597 327 876 359 sermonum
916 327 958 357 ω
971 327 1009 356 Β.
1042 326 1083 364 1„
1101 317 1144 356 5.

1500 311 1599 354 ’853

150 425 272 466 Dum
289 424 467 465 flamma
488 421 582 462 sine
603 422 728 462 thura
746 421 997 475 liquescere
1015 411 1167 460 limine
1190 431 1316 460 sacro

145 489 419 532 Persuadere
439 488 589 542 cupit:
623 488 775 529 credat
793 487 823 529 J
826 487 984 528 udaeus
1005 485 1184 540 Apella,

1515 484 1600 524 100

147 557 252 598 Non
272 569 377 610 ego:
408 567 600 608 namque
624 555 743 596 Deos
766 555 906 596 didici
929 566 1134 595 securum
1156 565 1284 606 agere
1305 564 1476 603 aevum3

151 623 268 674 Nec,
290 623 330 664 si
350 621 455 677 quid
475 622 574 663 miri
594 622 731 663 faciat
752 627 925 673 natura,
948 622 1074 663 Deos
1094 620 1141 662 id

146 690 318 733 Tristes
339 703 396 731 ex
418 690 506 731 alto
528 689 631 731 coeli
653 690 878 730 demittere
900 693 1029 730 tecto.

152 757 424 799 Brudusium
444 757 587 810 longae
609 756 707 797 finis
728 756 979 810 chartaeque
1001 755 1190 810 viaeque.

147 889 222 928 igne
243 888 366 932 incendi
387 888 421 919 in
443 888 551 928 templi
571 888 673 919 aditu.
719 888 831 919 Fidem
846 887 957 918 habeut
971 887 1105 918 Judoeus
1118 886 1292 918 recutitus.
1314 895 1371 925 ego
1386 888 1468 917 certe
1483 885 1609 916 minime

147 925 284 962 credam.
331 931 453 971 Quippe
469 931 556 962 Deos
569 929 673 970 accepi
689 930 889 970 tranquillum
903 930 1001 960 vitam
1016 931 1146 960 ducet-:e
1170 940 1205 960 ac
1217 929 1245 959 si
1259 929 1417 969 quidpiam
1432 927 1609 959 mirandum

148 974 219 1004 edat
234 976 360 1014 natura,
370 972 449 1004 illud
458 982 555 1013 nequa
578 982 649 1004 uam
661 982 680 1002 a
692 972 870 1003 numinibus
884 972 1018 1003 solicitis
1028 972 1157 1003 immitti
1172 982 1188 1002 e
1203 971 1331 1003 surnmis
1344 970 1462 1002 cedibus
1475 970 1611 1011 Olympi.

150 1015 368 1047 Brundusium
384 1016 536 1047 terminus
564 1015 610 1045 uit
624 1014 745 1055 prolixi
758 1014 896 1055 itineris,
908 1014 970 1046 erit
983 1015 1079 1046 etiam
1093 1014 1183 1053 hujus
1195 1013 1425 1054 descriptionis.

759 1108 999 1121 OWNNN‘

155 1185 252 1217 Harl.
266 1189 298 1218 6.
315 1187 463 1217 Franck.
481 1192 515 1217 et
530 1191 599 1217 tres
614 1186 712 1218 codd.
727 1186 922 1226 Pulmanni,
938 1191 973 1217 et
990 1185 1069 1217 edd.
1087 1190 1232 1218 recentt.
1256 1185 1449 1217 didm—102
1464 1183 1611 1223 Cuning.

147 1227 251 1265 saciat
267 1229 341 1259 miri
355 1231 587 1260 tanturm—1⁰3
615 1229 666 1260 Ex
680 1229 744 1260 alto
758 1230 826 1261 coeli
841 1229 944 1260 tristis
958 1229 1106 1268 Cuning.

815 1324 847 1356 N
851 1323 956 1356 OTAE

199 1390 243 1419 99
273 1355 360 1419 Dium
377 1387 509 1428 flamma
535 1388 602 1418 sine
630 1388 723 1419 thura
746 1388 856 1427 liques-

154 1447 233 1474 cere,
247 1436 319 1477 ξω]
339 1437 448 1477 Hujus
462 1437 614 1467 miraculi
627 1437 858 1477 superstitiosi

155 1486 310 1518 meminit
325 1486 455 1518 Plinius
470 1494 512 1516 ιι.
525 1487 598 1516 107.
614 1485 663 1517 ita
679 1485 854 1517 scribens:

154 1538 165 1554 ‘
183 1537 222 1568 In
236 1537 410 1569 Salentino
426 1536 553 1577 oppido
572 1535 733 1577 Egnatia,
749 1537 856 1578 impo-

155 1588 222 1620 sito
245 1587 334 1629 ligno
357 1588 391 1619 in
415 1597 533 1619 saxum
558 1588 728 1629 quoddam
744 1588 789 1624 ibi
806 1598 857 1620 sa·

156 1646 264 1678 crum,
299 1638 452 1678 protinus
483 1636 652 1669 flammam
683 1638 857 1670 existere!

157 1687 267 1718 Porro
290 1688 477 1719 notavimus
502 1688 581 1718 alibi
605 1688 760 1728 cognitos
777 1689 858 1719 Etu-

157 1737 241 1768 nicis
263 1737 386 1769 Sacros
416 1738 574 1775 Codices,
598 1749 616 1769 e
645 1738 767 1779 quibus
791 1748 857 1769 non

157 1795 268 1827 pauca
297 1787 444 1819 mutuati
474 1786 600 1819 fabulis
624 1793 858 1829 asperserunt.

157 1837 262 1869 Certe
291 1843 388 1878 patet
418 1837 655 1870 adumbratum
686 1840 739 1870 liic
767 1839 858 1880 quod

155 1885 301 1919 habetur
317 1896 373 1918 ιιι.
392 1888 478 1928 Reg.
496 1891 548 1919 18.
567 1888 611 1920 de
628 1894 750 1920 vocato
766 1889 858 1921 coeli-

158 1941 215 1968 tus
235 1937 313 1978 igne
331 1938 418 1970 Eliae
441 1939 612 1979 precibus,
627 1949 694 1980 quo
712 1945 856 1980 repente

159 1992 336 2019 consumta
350 1992 430 2019 sunt
443 1988 691 2028 holocaustum,
704 1996 740 2019 et
754 1989 859 2029 ligna,

159 2040 195 2066 et
215 2036 324 2068 altare
348 2037 532 2078 lapideum,
557 2043 592 2070 et
608 2038 788 2079 superfusa
803 2049 860 2070 co·

163 2085 256 2126 pinse
273 2078 373 2127 aona.
419 2088 506 2118 Vide
522 2097 564 2119 11.
580 2088 650 2119 Od.
668 2091 720 2118 19.

205 2138 267 2168 100
291 2137 409 2168 Credat
424 2137 572 2177 Judaeus]
593 2137 772 2169 Insimulat
789 2136 860 2168 Ho-

162 2187 266 2217 ratius
280 2186 423 2219 Judaeos
439 2187 703 2227 superstitionis,
717 2197 758 2219 eo
772 2187 860 2229 quod

161 2245 240 2267 mox
256 2237 400 2268 relatum
413 2237 612 2269 miraculum
625 2237 807 2269 crederent
821 2248 862 2270 ac

162 2285 390 2319 venditarent.
435 2288 529 2319 Hinc
557 2292 594 2319 et
621 2297 691 2319 rem
718 2287 863 2320 Gnatia·

160 2345 236 2368 nam
249 2336 414 2378 ejusmodi
424 2337 572 2370 credulis
585 2337 776 2369 hominibus
790 2348 864 2370 nar-

161 2386 300 2419 randam
314 2387 589 2429 stradendamque
603 2389 770 2420 remittit:
787 2399 863 2431 quae

162 2436 225 2468 sibi
241 2437 377 2479 suisque
395 2437 578 2470 comitibus
601 2439 770 2471 duntaxat
793 2440 803 2456 ‘
819 2439 863 2471 ri-

163 2495 219 2517 sus
234 2486 329 2520 dedit
344 2492 380 2520 et
390 2487 514 2529 jocos!
560 2489 729 2520 Romanos
747 2496 864 2521 tamen

164 2544 230 2567 non
248 2545 367 2577 parum
381 2539 685 2580 superstitionibus
702 2539 859 2572 addictos

165 2584 241 2624 lege
256 2585 346 2626 apud
365 2587 452 2619 Plin.
468 2596 604 2620 xxvnt.
617 2591 648 2621 2.
665 2591 731 2621 &c-

183 2681 192 2689 .
209 2632 335 2675 Apella]
359 2635 464 2668 Quasi
478 2638 550 2670 siue
569 2639 658 2680 pelle
675 2641 709 2670 in
727 2649 861 2681 praepu-

166 2687 216 2713 tio
231 2683 448 2717 circumcim:
463 2689 640 2721 recutitus.
674 2690 772 2722 Pers.
787 2690 861 2722 Sat.

169 2741 203 2766 v.
225 2734 300 2764 184.
325 2734 336 2750 ⁸
351 2736 500 2778 recutita
524 2738 678 2770 sabbata’
703 2740 861 2772 deridet:

170 2781 227 2813 ubi
249 2791 309 2814 nos
333 2782 431 2824 plura
453 2784 496 2816 de
521 2785 582 2819 liae
603 2787 678 2830 lege
696 2788 826 2822 Judaeis
842 2799 863 2820 a

911 1387 985 1418 Deo
1001 1386 1103 1418 data:
1122 1387 1205 1418 item
1218 1385 1258 1417 ad
1272 1386 1432 1419 Juvenal.
1451 1386 1523 1416 Sat.
1535 1379 1612 1418 xiv-

909 1439 963 1467 99.
1008 1436 1195 1467 Salmasius
1233 1435 1475 1476 etymologiam
1513 1435 1613 1466 istam

910 1485 1009 1517 docte
1026 1484 1175 1524 t·efellit;
1203 1491 1274 1517 tum
1291 1484 1382 1527 quod
1399 1494 1614 1525 nequaquam

911 1535 1026 1567 brevis
1042 1545 1119 1567 esse
1136 1540 1250 1577 posset
1269 1536 1380 1576 prima
1402 1535 1532 1576 syllaba
1557 1545 1615 1566 vo-

911 1586 959 1617 cis
974 1587 1087 1626 apella,
1104 1591 1174 1617 tum
1190 1586 1280 1627 quod
1302 1586 1414 1625 potius
1431 1584 1615 1615 dicendum

911 1634 999 1667 foret
1014 1636 1138 1676 impello
1160 1636 1214 1666 vel
1231 1636 1360 1676 abpellu,
1382 1635 1472 1666 sicut
1487 1635 1615 1665 dicitur

912 1686 1089 1725 imberbis,
1104 1690 1139 1717 et
1161 1685 1335 1724 absimilis,
1351 1687 1415 1716 &c.
1462 1684 1615 1715 Solerter

914 1742 1027 1767 autem
1046 1741 1081 1767 et
1098 1736 1256 1776 apposite
1272 1736 1319 1766 ait
1337 1734 1444 1766 fuisse
1460 1739 1530 1766 tum
1547 1735 1616 1765 Ro-

912 1796 976 1817 mae
991 1785 1151 1819 Judaenm
1167 1785 1349 1826 quemdam
1368 1784 1503 1815 nomine
1519 1783 1615 1823 Apel-

910 1837 984 1876 lam,
1000 1836 1042 1867 ad
1060 1845 1159 1877 quem
1181 1845 1263 1866 sane
1288 1835 1454 1866 Horatius
1478 1844 1616 1874 respex-

910 1886 988 1918 erit.

955 1938 1016 1966 101
1030 1935 1116 1966 Deos
1128 1935 1228 1966 didici
1241 1944 1382 1966 securum
1394 1944 1488 1974 agere
1499 1934 1616 1974 aevum]

913 1985 968 2017 Ab
996 1986 1145 2026 Epicuro
1173 1987 1223 2017 sic
1250 1989 1438 2023 statuente,
1461 1985 1618 2016 mortalia

912 2040 949 2067 et
978 2035 1139 2067 inferiora
1168 2035 1333 2077 quaelibet
1374 2035 1510 2066 minime
1539 2036 1617 2066 Diis

913 2096 1005 2118 curas
1027 2097 1115 2118 esse.
1153 2087 1244 2118 Vide
1270 2097 1295 2118 1.
1311 2086 1380 2118 Od.
1398 2089 1452 2119 34.
1479 2088 1555 2128 lege
1581 2090 1617 2118 et

915 2136 1005 2167 Pliu.
1021 2146 1062 2169 ιι.
1078 2139 1110 2167 7.

959 2189 1021 2218 104
1046 2188 1274 2230 Brundusium]
1308 2189 1394 2220 Haec
1417 2188 1496 2220 urbs
1520 2188 1619 2228 regni

915 2238 1140 2279 Neapolitani
1168 2239 1351 2276 maritima,
1374 2240 1408 2270 in
1440 2238 1619 2279 provincia

916 2288 1151 2330 Hydruntina,
1177 2288 1219 2319 ad
1250 2299 1343 2320 oram
1371 2289 1474 2320 maris
1497 2288 1619 2319 Adria-

917 2339 990 2371 tici.
1015 2339 1164 2371 Brindes.
1188 2340 1337 2372 Ennius:
1362 2345 1370 2358 ¹
1388 2339 1617 2371 Brundusium

917 2389 1060 2430 pulchro
1075 2390 1301 2431 praecinctum
1319 2395 1472 2432 praepete
1491 2386 1618 2429 portu.’

957 2438 1166 2482 Longoefinis
1179 2440 1255 2480 vioe]
1281 2440 1355 2471 Viae
1372 2448 1473 2471 causa
1488 2443 1524 2469 et
1539 2437 1616 2468 finis

916 2493 1015 2531 patet
1030 2499 1073 2520 ex
1089 2490 1191 2521 dictis
1207 2490 1318 2521 initio.

958 2539 1094 2581 Longae]
1122 2541 1210 2571 Nam
1240 2539 1350 2570 Roma
1375 2538 1479 2569 distat
1505 2537 1618 2568 Brun-

915 2589 1048 2619 dusium
1067 2588 1267 2619 milliaribus
1289 2587 1452 2619 trecentis
1469 2591 1505 2618 et
1520 2595 1618 2617 sexa-

917 2641 1023 2679 ginta.
1067 2638 1155 2670 Haec
1175 2648 1257 2669 vero
1278 2637 1432 2670 confecit
1452 2637 1618 2669 Horatius

917 2689 1110 2730 quindecim
1122 2688 1254 2721 diebus.
1277 2688 1425 2722 Quidam
1438 2691 1618 2719 numerant

916 2739 1174 2781 septemdecim,
1191 2738 1250 2770 sed
1268 2747 1463 2781 perperam·
