1890 3256
564 314 916 357 nrlsronanuu
951 313 1049 345 mu.
1082 313 1114 345 1.
1143 303 1185 345 6.

1489 299 1601 342 1113

146 410 266 463 Quid
287 410 457 460 deceat,
477 408 589 463 quid¹
603 421 708 458 non,
729 407 870 457 obliti,
889 406 1055 449 Caerite
1077 419 1177 448 cera

147 478 299 532 Digni,
318 477 546 530 remigium
566 476 777 517 vitiosum
797 474 1043 518 Ithacensis
1064 473 1259 527 Ulyssei,

85 570 88 574 ι
146 545 233 588 Cui
251 545 400 599 potior
417 543 562 597 patria
579 543 666 585 fuit
684 542 922 585 interdicta
942 541 1166 596 voluptas,

145 611 211 663 Si,
233 612 520 658 Mimnermus
538 612 599 652 uti
619 616 790 660 censet,
811 610 908 651 sine
929 622 1080 651 amore
1102 608 1312 662 jocisque

147 679 228 721 Nil
247 681 315 720 est
333 677 575 732 ,iucundum
593 690 605 729 ;
637 678 762 719 vivas
781 678 827 718 in
848 690 994 718 amore
1005 677 1228 732 jocisque.

145 743 429 801 Vive,.3gale:
458 744 499 785 si
518 744 624 798 quid
646 745 810 787 novisti
827 745 994 786 rectius
1015 744 1126 792 istis,

147 806 379 870 Candidus
401 811 574 865 imperti
591 824 604 862 3
634 812 674 853 si
693 825 794 862 non,
814 811 881 853 his
901 815 1024 852 utere
1045 823 1229 852 mecum.

144 925 254 966 pleni,
274 937 329 959 nec
343 937 485 960 curemus
499 928 576 969 quid
589 913 751 960 tanesiam
765 926 820 965 sie,
832 930 862 958 et
878 927 954 968 quid
968 927 1144 958 indecorum
1155 937 1165 957 .·
1186 929 1366 967 praestemus
1380 935 1434 957 nos
1449 924 1521 955 licet
1536 933 1605 955 cen·
1668 956 1670 959 ,

145 977 220 1000 sura
233 970 364 1010 dignos.-
387 971 544 1002 imitemur
558 970 735 1003 luxuriosos
757 970 885 1001 comites
905 970 1028 1010 Ulyssis
1042 969 1162 1000 Ithacoe
1178 970 1275 1008 regis,
1290 970 1345 1010 qui
1363 968 1502 1009 patriam
1521 969 1605 1006 post-

145 1009 319 1044 habuerunt
342 1014 449 1044 vetitoe
472 1014 644 1053 voluptate
682 1013 719 1044 Si
735 1016 852 1050 autem,
873 1017 906 1044 ut
923 1013 1131 1043 Mimnermus
1144 1012 1332 1050 arbitratur,
1346 1011 1427 1042 nihil
1450 1010 1539 1041 dulce
1560 1011 1605 1039 est

146 1051 260 1093 ulloque
273 1064 378 1086 amore
398 1058 428 1086 et
442 1055 528 1093 jocis
537 1066 550 1092 ‚·
572 1055 606 1086 in
628 1064 733 1086 umore
757 1058 786 1086 et
800 1054 886 1093 jocis
905 1055 986 1085 vive.
1029 1054 1112 1094 Age,
1128 1055 1208 1084 vale.
1254 1053 1294 1084 Si
1307 1054 1467 1094 quidpiam
1481 1051 1543 1083 scis
1555 1050 1606 1081 his

147 1094 269 1135 mlius,
283 1095 414 1135 benigne
426 1097 616 1129 communica
629 1097 785 1128 nobiscum
796 1108 806 1128 .·
827 1097 878 1128 sin
892 1099 1009 1132 autem,
1023 1096 1089 1127 iuis
1104 1105 1221 1127 mecum
1235 1099 1333 1127 utere.

759 1189 776 1201 0
780 1189 953 1203 ,00000009
957 1188 995 1201 00

151 1252 248 1285 born.
272 1256 304 1285 2.
332 1256 363 1285 ³.
387 1258 419 1287 4.
443 1254 499 1287 alii
527 1255 632 1295 Ulixi,
656 1256 710 1287 vel
730 1256 852 1288 Ulixei.

896 1255 977 1287 Vid.
1001 1255 1079 1287 Nic.
1096 1255 1218 1286 Heius.
1245 1254 1288 1286 ad
1305 1254 1403 1293 Virg.
1432 1251 1504 1284 Ecl.
1520 1260 1604 1283 vm.

151 1297 203 1326 70.
225 1301 262 1327 et
276 1296 405 1337 Heynii
421 1298 521 1330 Varr.
538 1298 651 1330 Lectt.
667 1297 836 1330 ibim—64
862 1298 922 1330 Cui
935 1298 1040 1338 patria
1053 1298 1157 1338 potior
1172 1297 1315 1334 Cuning.
1350 1296 1410 1326 Cui
1424 1295 1528 1335 potior
1549 1304 1605 1341 pa.-

149 1339 223 1368 trioe
235 1338 502 1379 Bamherg.—65
524 1340 710 1381 Bamberg.
725 1342 793 1372 sine
809 1350 914 1372 amore
925 1341 1158 1380 locisque.—68
1181 1339 1413 1370 Schoenboru.
1429 1341 1462 1368 2.
1476 1336 1605 1376 inperia.

151 1379 231 1411 Vat-
246 1383 278 1412 9.
294 1381 372 1413 Vnt.
387 1382 500 1413 Palat.
519 1385 548 1414 l.
574 1387 610 1413 et
634 1383 732 1414 Gott.
748 1393 824 1414 cum
840 1382 919 1414 edd.
945 1383 1064 1414 Zarot.
1081 1382 1223 1413 Mediol.
1239 1383 1334 1413 1476.
1361 1381 1499 1411 Venett.
1514 1380 1609 1409 1477.

151 1423 247 1454 1478.
265 1425 359 1454 1479.
373 1426 468 1455 1481.
486 1426 581 1456 1486.
600 1427 695 1456 1490.
719 1425 805 1456 Bad.
824 1424 966 1456 Ascens.
984 1429 1020 1456 et
1037 1425 1182 1464 Cuning.
1204 1424 1345 1464 imperti.
1369 1420 1601 1454 Schoenborn.

151 1466 183 1496 3.
205 1465 286 1497 Vnt.
302 1468 335 1498 7.
349 1466 430 1498 Vat.
447 1467 545 1498 Rom.
557 1469 587 1498 8.
611 1467 692 1498 Vat.
706 1467 822 1499 Palnt.
836 1470 870 1499 4.
893 1467 1041 1499 Chisian.
1057 1471 1089 1498 5.
1112 1471 1148 1498 et
1164 1467 1249 1498 Exc.
1263 1466 1342 1497 Sax.
1354 1465 1384 1496 si
1398 1465 1456 1496 nil.

805 1562 946 1595 NOTAE

192 1625 234 1655 62
249 1623 366 1655 Caerite
379 1634 450 1656 cem
462 1624 584 1665 Digni]
607 1625 714 1667 Digni
730 1625 852 1658 referri

149 1671 186 1702 in
203 1672 334 1704 tabulas
351 1674 530 1713 Caeritum,
542 1675 576 1705 id
589 1680 653 1714 est,
669 1685 688 1706 a
701 1675 851 1707 Censore

150 1720 300 1752 infamiae
317 1722 391 1754 labe
407 1724 530 1762 notari,
546 1733 612 1754 non
627 1733 726 1755 secus
743 1734 782 1756 ac
799 1734 851 1755 ur-

153 1770 204 1802 bis
228 1770 326 1803 Caere
351 1773 479 1813 populi,
494 1773 615 1814 quibus
639 1773 682 1805 ob
705 1772 850 1814 flagitio-

151 1828 221 1851 sam
243 1820 475 1854 defectionem
493 1823 552 1863 jus
568 1822 720 1864 suffragii
736 1823 850 1855 adem-

153 1875 223 1902 tum
239 1874 302 1902 est.
334 1872 423 1903 Vide
446 1873 537 1905 Gen.
563 1883 641 1905 xvi.
664 1877 715 1906 13.
760 1876 849 1907 Item

151 1919 294 1952 Petrum
311 1920 435 1952 Crinit.
452 1921 495 1952 de
513 1922 604 1954 Hon.
625 1924 719 1955 Disc.
735 1933 802 1957 vn.
818 1929 850 1957 6.

152 1969 209 2000 ubi
224 1970 272 2000 sic
286 1969 412 2003 habet:
439 1971 548 2002 Primi
569 1973 717 2004 omnium
742 1975 850 2005 muni-

151 2018 246 2058 cipes
259 2017 340 2050 facti
353 2019 497 2050 Caerites
512 2021 584 2052 sine
600 2022 670 2053 ullo
679 2022 767 2062 juris
782 2023 850 2054 suf-

152 2066 262 2108 fragio
275 2090 284 2099 .
298 2090 306 2099 .
319 2091 328 2100 .
341 2068 431 2100 unde
444 2069 571 2100 tabulae
584 2070 724 2101 Caerites
736 2071 851 2108 dictae,

154 2118 188 2148 in
203 2126 286 2158 quas
300 2117 430 2148 Censor
445 2128 503 2149 eos
517 2118 703 2159 referebat,
719 2121 777 2161 qui
792 2130 852 2152 no-

154 2170 191 2196 ta
209 2166 264 2196 vel
284 2166 470 2206 ignominia
484 2168 642 2208 quapiam
666 2166 781 2200 forent
802 2169 853 2200 in-

154 2215 278 2256 signes.
322 2216 376 2246 Ex
401 2225 466 2256 quo
489 2217 622 2248 erudite
640 2218 795 2257 Flaccus,
819 2219 852 2250 in

154 2264 308 2305 Epistola
324 2266 366 2296 nd
389 2266 594 2302 Numicium,
610 2267 731 2307 dignos
748 2268 851 2299 Caeri-

154 2320 190 2346 te
211 2324 290 2347 cern
315 2316 468 2356 appellat
495 2316 675 2357 Romanos,
690 2318 747 2358 qui
770 2318 851 2348 luxu

153 2369 190 2396 et
205 2365 437 2405 voluptatibus
462 2365 662 2406 turpissimis
687 2367 851 2397 teneban-

153 2418 230 2446 tur:
266 2424 365 2457 quem
392 2415 502 2446 locum
535 2415 717 2446 Horatiani
747 2415 851 2447 inter-

153 2469 270 2506 pretes
283 2466 505 2507 ineptissime,
522 2472 561 2498 ut
584 2467 650 2498 alia
669 2468 853 2508 permulta,

155 2521 397 2556 exposuerunt.
421 2516 600 2548 Hactenus
614 2517 683 2548 ille.

198 2566 240 2595 63
258 2563 436 2604 Remigium
447 2566 593 2598 vitiosum
610 2567 712 2598 Ithac.
730 2566 854 2608 Ulyss]

156 2612 296 2653 Ulysses
319 2623 338 2644 a
352 2614 487 2654 *Tiresia
501 2621 579 2647 vate
591 2617 737 2648 monitus
761 2617 854 2647 edix-

157 2666 232 2694 erat
247 2663 357 2701 sociis,
374 2673 417 2694 ne
440 2664 545 2696 boves
569 2667 647 2698 solis
675 2666 856 2698 violarent.

158 2710 207 2742 At
223 2711 286 2751 ini,
298 2712 418 2753 Ulysse
429 2712 632 2754 dormiente,
648 2725 690 2748 ex
706 2716 747 2747 iis
763 2726 853 2747 mac-

158 2761 240 2793 tatis
254 2762 371 2804 epulas
386 2762 449 2795 sibi
466 2770 641 2805 pararunt.
673 2767 853 2808 Quaprop-

907 1631 960 1658 ter
983 1626 1044 1657 irae
1066 1625 1239 1656 numinum
1256 1623 1393 1656 obnoxii
1416 1631 1533 1662 poenas
1548 1621 1607 1653 de-

904 1675 1042 1716 derunt,
1065 1675 1310 1715 naufragioque
1331 1672 1479 1704 absumti
1503 1672 1608 1713 patri-

906 1735 958 1757 am
974 1735 1041 1757 non
1060 1725 1259 1756 reviserunt.
1283 1723 1371 1754 Vide
1389 1732 1428 1754 11.
1444 1722 1516 1754 Sat.
1531 1726 1564 1754 5.

946 1778 987 1806 65
1012 1775 1234 1815 Mimnermus]
1256 1773 1325 1805 Hic
1352 1772 1463 1804 Poeta
1483 1772 1609 1812 Epicu-

905 1833 996 1864 reus,
1006 1823 1250 1865 Colophonius,
1260 1823 1313 1854 vel
1326 1823 1524 1863 Smymeus,
1533 1831 1609 1862 sep-

905 1878 971 1904 tem
991 1873 1203 1914 sapientibus
1231 1872 1401 1913 antiquior
1418 1872 1470 1902 vel
1495 1881 1608 1912 aequa-

903 1923 960 1962 lis,
984 1924 1148 1964 pleraque
1177 1922 1315 1962 scripsit
1341 1921 1503 1952 amatoria
1530 1920 1609 1952 Ele-

905 1973 1001 2013 giaco
1017 1981 1130 2010 versu,
1146 1976 1214 2003 tam
1241 1971 1394 2002 suaviter
1414 1975 1449 2001 et
1473 1974 1609 2009 argute,

904 2026 942 2053 ut
956 2021 1182 2062 Ligyostades
1200 2021 1443 2061 appellaretur.
1466 2018 1608 2050 Suidas:

903 2071 914 2087 ‘
930 2071 1155 2101 Mimnermus
1171 2070 1287 2100 dulces
1302 2070 1432 2109 reperit
1448 2078 1560 2108 sonoS,
1573 2073 1609 2100 et

906 2120 1015 2150 mollis
1045 2120 1248 2160 pentametri
1278 2119 1438 2150 cantum!
1480 2119 1608 2151 Athen.

907 2178 992 2201 xm.
1009 2172 1040 2200 8.
1067 2170 1227 2209 Propert.
1244 2177 1269 2199 ι.
1285 2171 1317 2200 9.
1339 2171 1348 2186 ‘
1367 2169 1450 2199 Plus
1466 2169 1499 2199 in
1516 2178 1609 2200 amo-

906 2228 941 2249 re
966 2219 1056 2250 valet
1082 2218 1276 2249 Mimnermi
1303 2227 1419 2249 versus
1443 2218 1606 2250 Homero.

906 2268 1067 2300 Carmina
1094 2273 1289 2299 mansuetus
1316 2269 1404 2299 lenia
1426 2269 1550 2310 quaerit
1573 2279 1607 2300 a·

906 2317 1002 2350 mor!
1054 2317 1156 2364 Apud
1187 2319 1364 2350 Plutarch.
1397 2319 1440 2349 de
1467 2319 1607 2350 Virtute

906 2368 1042 2407 Morali,
1057 2368 1119 2399 hoc
1136 2368 1333 2399 Mimnermi
1357 2367 1528 2398 distichon
1555 2376 1607 2398 re-

905 2415 1035 2448 fertur:
1055 2416 1108 2448 Τίς
1120 2416 1154 2447 δὲ
1167 2415 1270 2456 χάρις,
1286 2415 1319 2447 τί
1328 2416 1366 2446 τὸ
1380 2415 1519 2457 τερπνὸν,
1533 2415 1608 2458 ἄτερ

907 2467 1026 2507 χρυσῆς
1037 2466 1240 2508 Ἀφροδίτηςς
1262 2465 1406 2503 Τεθναίην
1417 2466 1470 2497 ὅτε
1484 2478 1535 2505 μοι
1549 2478 1608 2505 μη-

906 2517 973 2549 κέτι
996 2518 1098 2548 ταῦτα
1116 2516 1219 2556 μέλοι.
1260 2517 1343 2551 Quid
1362 2519 1504 2557 gratum,
1533 2517 1607 2556 quid

899 2568 1086 2606 jucundum,
1102 2576 1196 2597 aurea
1210 2566 1238 2597 si
1259 2566 1359 2597 Venus
1374 2564 1482 2597 absit?
1511 2566 1606 2597 Emo-

907 2617 989 2655 riar,
1004 2626 1052 2646 me
1066 2615 1174 2645 horum
1187 2625 1263 2646 cura
1278 2615 1426 2656 relinquet
1439 2614 1505 2647 ubi.

950 2669 991 2697 67
1010 2666 1102 2706 Istis]
1126 2666 1212 2698 Qua:
1229 2665 1273 2697 de
1289 2675 1415 2697 summo
1431 2666 1519 2697 bono
1535 2663 1605 2695 dis-

908 2725 1010 2748 serut-
