1890 3256
338 292 450 334 1052
808 306 850 341 Q.
887 301 1093 332 HonA'rn
1130 301 1299 330 FnAccr

339 384 640 427 Nomentanus
660 389 752 426 erat
770 396 903 437 super
919 385 1078 436 ipsum,
1100 382 1286 424 Porcius
1301 383 1428 431 infra,

340 449 574 491 Ridiculus
595 454 708 491 totas
726 449 855 490 simul
875 449 1108 490 obsorbere
1127 448 1372 502 placentas.

341 515 644 557 Nomentanus
665 515 721 556 ad
741 515 839 564 hoc,
861 515 951 567 qui,
973 515 1012 554 si
1033 514 1140 567 quid
1159 514 1268 554 forte
1289 514 1455 563 lateret,

340 581 492 622 Indice
509 583 763 622 monstraret
781 579 917 632 digito
934 593 944 621 ε
975 592 1078 620 nam
1098 583 1240 621 cetera
1261 581 1404 628 turba,

344 646 455 696 Nos,
474 647 667 699 inquam,
686 658 912 687 coenamus
934 658 1051 694 aves,
1073 646 1317 700 conchylia,
1337 646 1500 700 pisces,

340 712 486 764 Longe
499 708 762 752 ‘dissimilem
779 716 881 752 noto
902 711 1087 752 celantia
1107 724 1307 763 succum3

342 778 405 819 Ut
424 778 491 819 vel
512 778 711 818 continuo
732 778 890 831 patuit,
910 789 1009 818 cum
1027 778 1218 829 passeris
1237 781 1364 831 atque

340 844 564 896 Ingustata
583 844 685 884 mihi
706 847 956 897 porrexerat
974 843 1049 883 ilia
1068 843 1250 884 rhombi.
1711 842 1767 882 30

339 962 400 992 imo
415 965 482 993 erat
498 961 705 992 Nomentanus
729 971 820 1000 supra
837 961 1061 996 Nasidienum;
1083 961 1165 998 infra
1189 971 1258 992 vero
1274 961 1416 998 Porcius,
1429 960 1526 991 risum
1539 958 1676 999 prebens
1700 967 1769 988 cum

339 1005 500 1035 devoraret
515 1003 605 1033 simul
619 1004 759 1041 integras
771 1004 939 1042 placentas.
975 1003 1076 1033 Porro
1094 1003 1303 1034 Nomentanus
1314 1006 1474 1043 propterea
1489 1002 1608 1040 tulerat,
1619 1003 1654 1031 ut
1668 999 1769 1038 digito

340 1045 493 1076 iudicaret
513 1045 542 1074 si
563 1044 636 1084 quid
650 1043 788 1082 fortasse
811 1047 1011 1084 apponeretur
1031 1044 1182 1074 reconditi
1202 1044 1330 1084 saporis.
1374 1043 1501 1074 Etenim
1513 1042 1625 1081 reliqui
1638 1051 1654 1072 e
1666 1042 1770 1079 vulgo,

339 1096 405 1124 nos,
418 1087 553 1126 inquam,
569 1086 750 1116 comedimus
763 1096 846 1123 ares,
862 1085 1031 1125 conchylia,
1050 1085 1223 1125 prudentor,
1234 1095 1370 1125 saporem
1385 1085 1528 1116 habentia
1545 1084 1632 1114 valde
1650 1082 1771 1121 cognito

342 1128 502 1167 disparem.
533 1128 659 1168 Hocque
672 1137 743 1159 mox
756 1127 904 1166 innocuit,
917 1128 1035 1166 quando
1048 1126 1125 1158 milui
1138 1127 1248 1159 obtulit
1261 1127 1318 1158 ilia
1335 1126 1469 1166 passeris
1482 1129 1513 1157 ot
1526 1124 1656 1164 rhombi,
1669 1123 1771 1164 qualia

939 1220 1014 1232 “06
1018 1219 1176 1233 ‘comeo

341 1285 458 1316 3.-23
480 1284 575 1314 Unus
591 1283 670 1314 Vat.
688 1283 782 1315 Rom.
797 1294 815 1315 a
831 1293 874 1315 m.
890 1293 956 1316 sec.
973 1288 1039 1316 erat
1053 1288 1122 1326 post
1134 1285 1244 1325 ipsum.
1275 1283 1358 1315 Exc.
1372 1283 1452 1314 sax.
1464 1285 1532 1313 erat
1544 1291 1638 1322 supra
1650 1280 1750 1322 ipsum
1761 1291 1774 1318 ‚-

341 1331 377 1356 et
393 1326 440 1355 sic
459 1325 574 1356 Lamb.
590 1325 633 1356 G.
650 1325 782 1356 Fabric.
799 1326 941 1366 Cnning.
965 1333 1001 1358 et
1021 1327 1143 1358 Sanad.
1159 1326 1202 1357 ob
1224 1327 1332 1357 locum
1347 1324 1417 1356 Cic.
1432 1324 1526 1356 Fam.
1541 1332 1591 1356 1¹.
1607 1325 1660 1356 26.
1703 1322 1768 1362 Sed

343 1367 410 1398 vid.
427 1367 563 1398 Sallust.
577 1375 633 1398 ιιι.
650 1367 740 1398 Hist.
757 1377 811 1407 ap.
827 1368 921 1399 Serv.
941 1369 1012 1399 AEn.
1030 1377 1054 1399 1.
1068 1369 1230 1399 698.-24
1251 1370 1260 1385 ‘
1276 1366 1317 1398 In
1345 1367 1433 1398 Busl.
1449 1364 1607 1397 BlandIn.
1631 1373 1709 1402 nno,
1734 1369 1771 1395 et

341 1408 455 1439 Divaei
472 1408 590 1439 codice
606 1409 742 1447 legitur,
755 1411 863 1439 semel:
888 1409 920 1438 in
937 1410 1022 1446 aliis,
1035 1410 1147 1440 simul.-
1170 1408 1292 1440 deinde
1307 1409 1341 1439 in
1357 1407 1487 1439 anlid.
1503 1412 1539 1438 et
1553 1405 1652 1438 duob.
1669 1406 1771 1436 Blan-

342 1449 411 1479 din.
429 1449 577 1489 ponitur,
590 1449 745 1480 obsorbere
753 1460 765 1486 ‚·
789 1451 821 1480 in
836 1451 984 1490 reliquis,
996 1450 1178 1481 absorbere.¹
1201 1451 1302 1491 Crnq.
1345 1450 1438 1480 simul
1451 1447 1608 1479 obsorbere
1623 1448 1769 1488 quinque

342 1491 434 1522 Vatt.
453 1489 606 1530 Angelic.
622 1494 650 1522 1.
669 1491 848 1522 Barberin.
866 1494 895 1522 1.
919 1492 974 1522 alii
998 1492 1096 1523 codd.
1112 1502 1164 1532 ap.
1179 1491 1294 1522 Lamb.
1317 1497 1353 1522 et
1377 1490 1530 1522 Oberlin.
1554 1489 1635 1520 item
1653 1488 1771 1519 zarot.

342 1531 421 1562 Ald.
439 1534 533 1563 1501.
549 1531 692 1571 Argent.
709 1535 801 1563 1514.
818 1533 934 1564 Lamb.
951 1534 1054 1573 Cruq.
1077 1533 1236 1564 Torrent.
1258 1533 1358 1564 Baxt.
1374 1532 1478 1566 Gesn.
1493 1531 1600 1563 Zenn.
1617 1530 1771 1562 Oberlin.

342 1573 480 1613 Bipom.
496 1573 642 1604 Wetzel.
661 1573 837 1610 Heindorf,
854 1574 989 1605 Wakef.
1005 1574 1121 1606 Comb.
1137 1576 1216 1614 Fea,
1234 1574 1356 1614 Bothe,
1373 1579 1406 1604 et
1421 1573 1542 1606 Jaeck.
1563 1573 1655 1603 simul
1668 1571 1771 1602 absor-

343 1614 411 1644 bere
427 1613 526 1645 Harl.
537 1617 569 1644 2.
585 1616 615 1646 3.
631 1617 662 1645 4.
677 1617 709 1646 6.
733 1615 833 1646 codd.
852 1616 1015 1654 Bentleii,
1030 1617 1109 1647 item
1124 1615 1202 1648 edd.
1219 1616 1323 1656 antiq.
1348 1624 1423 1646 cum
1439 1615 1552 1645 Benti.
1568 1613 1722 1651 Francis,
1736 1617 1772 1643 et

343 1655 450 1686 Kidd.
472 1657 566 1686 semel
576 1655 735 1687 absorbere
747 1656 870 1687 Sanad.
893 1658 986 1687 semel
1000 1657 1157 1688 obsorbere
1173 1658 1216 1688 al.
1233 1658 1285 1687 vel
1300 1656 1469 1688 exsorbere.
1502 1649 1588 1686 vid:
1599 1663 1638 1686 11.
1653 1654 1723 1684 Sat.
1740 1656 1771 1684 3.

342 1699 502 1728 24o.-—25
520 1698 596 1728 Vat.
610 1698 720 1728 Palat.
730 1701 760 1729 6.
779 1698 924 1729 Chisian.
936 1701 967 1729 2.
981 1708 999 1728 a
1014 1709 1059 1729 m.
1072 1708 1140 1730 sec.
1151 1699 1326 1729 Barberin.
1339 1701 1370 1729 2.
1383 1699 1423 1729 ad
1433 1697 1606 1729 luem—29.
1621 1698 1662 1726 30
1673 1698 1682 1712 ‘
1693 1695 1772 1726 Plu-

344 1748 399 1769 res
415 1738 549 1779 quidem
565 1740 702 1770 codices
719 1749 793 1770 cnm
811 1740 952 1771 venustis
969 1741 1173 1771 editionibus
1186 1740 1381 1780 porrexerit.-
1404 1748 1465 1769 sex
1481 1743 1590 1769 tamen
1607 1737 1772 1773 Lambini,

345 1780 556 1821 Cruqnianus
582 1790 677 1823 unuS,
700 1786 734 1812 et
755 1786 871 1812 noster
893 1782 1164 1821 Magdalenensis
1189 1785 1391 1821 porrexeram
1414 1780 1517 1821 quod,
1539 1779 1618 1819 jure
1641 1777 1772 1816 opinor,

343 1822 526 1852 Lambinus
542 1821 664 1862 aliique
676 1823 802 1861 aliquot
817 1823 849 1853 in
868 1827 997 1854 textum
1016 1829 1230 1863 receperunt.
1275 1823 1352 1854 Non
1366 1821 1453 1852 enim
1471 1826 1540 1851 tum
1555 1822 1647 1858 sapord
1657 1819 1772 1858 patuit.

343 1872 416 1895 cum
433 1863 490 1894 ille
503 1864 677 1902 porrexerit
689 1875 701 1900 ‚·
723 1865 782 1894 sed
811 1870 988 1904 postquam
1002 1868 1193 1904 porrexerat,
1207 1869 1309 1903 atque
1323 1864 1408 1894 alter
1423 1866 1602 1900 acceptum
1618 1865 1773 1899 gustave-

342 1909 407 1936 rat.
453 1904 613 1935 Ceterum
626 1914 687 1945 pro
703 1907 836 1944 passeris
858 1909 961 1945 atque,
977 1907 1064 1946 quod
1080 1910 1116 1936 et
1129 1905 1236 1936 nostri
1249 1914 1365 1936 omues
1381 1908 1576 1944 agnoscunt,
1594 1901 1773 1933 Lambinus

993 1988 1131 2020 NOTAE

344 2049 436 2092 qnod
467 2049 645 2081 invitatum
673 2054 907 2091 sequerentur,
939 2051 1033 2082 velut
1127 2054 1167 2083 25
1191 2051 1229 2082 Si
1243 2050 1410 2091 quidforte
1424 2050 1546 2088 lateret,
1558 2047 1628 2088 εμπ]
1644 2047 1696 2079 Ad
1712 2047 1773 2078 hoc

344 2099 464 2134 iiiiabra
489 2108 624 2140 corpus.
681 2099 855 2131 Plutarch.
879 2100 1032 2140 Sympos.
1086 2100 1277 2140 praesertim
1293 2103 1431 2130 vocatus
1444 2099 1514 2136 ille,
1526 2102 1563 2128 nt
1575 2097 1774 2138 cibosqnos-

346 2160 413 2182 vn.
438 2153 471 2183 6.
1086 2158 1151 2189 qne
1167 2148 1346 2186 indicaret,
1358 2152 1393 2179 et
1406 2157 1522 2179 eorum
1534 2155 1689 2186 saporem
1705 2146 1774 2177 vel-

386 2200 428 2228 23
453 2197 680 2238 Nomentanus]
716 2198 768 2229 De
798 2208 839 2231 eo
866 2199 1034 2231 luxurioso

345 2251 471 2287 nepote
488 2256 512 2278 ι.
526 2247 598 2279 Sat.
615 2250 646 2278 8.
661 2253 696 2278 et
712 2249 804 2280 alibi.

387 2295 534 2336 Porcius]
559 2296 718 2327 Famosus
734 2307 849 2337 nepos.

387 2348 430 2377 24
452 2344 632 2385 Placemus]
665 2346 730 2377 11ae
747 2347 974 2381 censebantur
988 2346 1036 2376 in-

347 2398 400 2426 ter
431 2395 616 2435 praecipuas
638 2400 791 2425 veterum
816 2395 974 2434 cupedias
1001 2401 1037 2425 et

348 2445 498 2476 delicias.
545 2444 733 2476 casaubon.
762 2445 795 2475 in
826 2443 948 2477 Athen.
979 2453 1036 2476 ιιι.

347 2497 403 2527 29.
426 2493 654 2526 Perditissimi
669 2484 836 2525 catillonis
849 2494 904 2530 sit,
917 2493 1037 2534 inquit,

347 2553 415 2575 non
429 2543 597 2574 alimentis
620 2544 724 2583 vesci,
745 2543 805 2574 sed
823 2544 911 2584 gulae
926 2543 1037 2579 irrita-

349 2594 482 2625 mentis.
525 2593 710 2633 Epicureus
726 2593 859 2634 quidam
876 2602 936 2633 pro
951 2601 1037 2624 mor-

350 2646 408 2672 tuo
425 2642 550 2673 dicitur
565 2643 690 2681 elatus,
712 2642 868 2682 placenta
882 2641 1039 2674 fervente

349 2690 522 2722 devorata.
545 2691 743 2731 Hieronym.
760 2691 802 2722 ad
818 2691 1036 2723 Marcellam:

350 2739 501 2771 ‘suaves
530 2746 597 2771 n‘on
623 2745 700 2771 sunt
729 2742 835 2782 epulae
865 2751 940 2782 quae
970 2750 1036 2772 non

351 2789 542 2831 placentam
557 2788 734 2821 redolent?

1088 2202 1125 2228 nt
1157 2197 1359 2238 exquisitum
1390 2196 1594 2228 venditaret.
1638 2195 1775 2226 Scilicet

1088 2251 1160 2278 erat
1174 2246 1312 2285 insignis
1327 2245 1541 2285 opsoniorum
1564 2243 1700 2283 artifex,
1714 2252 1773 2274 seu

1089 2296 1174 2336 gulae
1190 2294 1330 2326 antistes
1345 2298 1379 2323 et
1395 2298 1512 2333 mysta.

1129 2346 1171 2376 28
1191 2343 1297 2381 Longe
1323 2341 1512 2380 dissimilem,
1542 2339 1614 2380 δῖα]
1649 2339 1774 2371 Itonia.

1089 2394 1211 2426 Sensus
1234 2397 1307 2424 est:
1329 2391 1364 2422 Si
1390 2389 1438 2420 illi
1468 2398 1552 2420 vano
1574 2391 1774 2420 ostenta-tori

1089 2450 1124 2475 et
1135 2441 1267 2484 garrulo
1279 2439 1373 2476 fides,
1385 2438 1597 2470 coenabamus
1606 2438 1774 2478 exquisita

1090 2492 1214 2531 omnia,
1225 2495 1259 2521 et
1275 2498 1410 2520 succum
1425 2487 1582 2519 habentia
1594 2487 1692 2527 longe
1706 2486 1774 2528 dis-

1090 2542 1230 2574 similem
1255 2539 1287 2570 ei
1310 2547 1409 2578 quem
1431 2540 1567 2578 gustare
1581 2539 1773 2569 consuetum

1090 2596 1154 2624 est.

1132 2642 1174 2671 29
1199 2638 1243 2670 Ut
1270 2636 1318 2668 vel
1345 2635 1487 2667 continuo
1512 2632 1632 2675 patuit]
1655 2633 1774 2675 Pergit

1091 2688 1217 2720 ironice
1235 2685 1337 2727 loqui.
1696 2688 1712 2725 J

1133 2735 1286 2776 Passeris]
1301 2735 1419 2766 Passer
1433 2732 1533 2774 piscis
1545 2729 1773 2772 planus,Gell.

1087 2786 1235 2818 carrelet:
1255 2795 1275 2816 a
1291 2783 1426 2816 rhombo
1442 2780 1557 2814 differt
1572 2781 1639 2812 situ
1657 2788 1774 2820 corpo-
