1890 3256
305 297 393 339 982
779 311 822 348 Q.
853 309 1058 339 HoRA‘rn
1092 308 1263 338 FLAcoi

310 399 483 440 Dicitur
499 411 557 440 ex
578 401 689 441 collo
709 400 852 440 furtim
872 398 1091 450 carpsisse
1111 411 1306 450 coronas,

310 464 552 518 Postquam
573 470 642 505 est
660 464 869 516 impransi
890 469 1118 517 correptus
1141 477 1246 506 voce
1263 467 1491 520 magistri?

309 529 499 582 Porrigis
520 531 631 570 irato
650 541 780 582 puero
801 542 897 570 cum
918 543 1064 584 poma,
1084 536 1281 573 recusat:

311 595 455 644 Sume,
477 594 671 644 Catelle;
700 600 853 647 negat:
883 595 1026 636 sinon
1046 596 1142 646 des,
1162 600 1293 650 optat.
1351 598 1536 639 Amator

310 711 381 741 dum
395 711 445 742 ille
457 714 639 742 comessatus
652 715 799 742 narratur
812 721 940 744 coronas
953 713 1050 753 capiti
1062 715 1244 751 detraxisse,
1259 715 1364 746 statim
1380 725 1416 746 ac
1429 715 1626 754 reprehensus
1646 717 1689 745 est
1712 724 1732 744 a

309 752 409 782 sobrio
422 756 628 792 proeceptore?
655 753 694 784 Si
706 753 800 794 offers
811 764 900 793 poma
910 755 991 785 irato
1001 765 1107 795 puero,
1119 757 1248 795 respuit.
1272 758 1394 796 Accipe,
1409 758 1451 787 mi
1465 757 1584 796 pusille,
1598 756 1732 796 inquies:

310 794 362 823 ille
371 791 488 830 abjicit.
535 794 624 829 Quod
634 795 662 825 si
675 796 814 835 deneges,
828 797 991 837 efflagitat.
1035 797 1074 828 In
1089 807 1146 837 quo
1160 797 1269 838 differt
1284 803 1403 829 amator
1416 799 1571 839 expulsus,
1585 807 1652 828 cum
1666 797 1733 828 nni-

901 878 1130 891 mmo

309 930 414 959 —257
436 929 446 946 ‘
461 927 552 961 Libri
566 930 693 971 aliquot
710 935 839 962 veteres
855 931 980 964 habent
993 927 1169 970 cometam
1192 933 1279 973 quod
1296 933 1399 972 magis
1415 932 1539 972 probo:
1563 936 1598 963 et
1615 932 1664 962 ita
1679 940 1735 961 cx-

309 969 387 1000 cudi
399 971 579 1010 jusseram.
622 973 744 1004 Potest
759 978 867 1004 tamen
885 980 1027 1014 recepta
1039 976 1207 1015 scriptura
1224 974 1329 1006 ferri!
1349 975 1567 1006 Lama—259
1586 973 1684 1004 Gott.
1699 976 1735 1003 et

954 1056 1092 1087 NOTAE

313 1125 456 1156 absurde
472 1126 624 1166 quidem:
641 1127 737 1158 Nam
755 1127 833 1167 quid
848 1127 888 1158 ad
907 1129 998 1159 rem?
1052 1128 1110 1160 cit.
1123 1134 1157 1160 et
1174 1129 1258 1163 aliis.
1274 1129 1485 1159 Xenocrates
1497 1126 1594 1158 valde
1611 1125 1739 1157 sobrius

312 1174 419 1205 Immo
435 1179 507 1204 erat
525 1175 692 1214 palliolum
710 1175 875 1216 quoddam
897 1186 999 1217 super
1053 1181 1090 1208 et
1102 1177 1279 1209 continens
1296 1177 1367 1208 fuit.
1398 1177 1488 1216 Ergo
1504 1175 1590 1217 quod
1606 1177 1739 1215 impran-

313 1223 470 1253 humeros
483 1223 523 1253 ad
536 1223 669 1255 ctibitos
682 1234 784 1265 usque
795 1232 1001 1266 protensum,

1051 1236 1104 1257 sus
1125 1227 1178 1258 hic
1201 1226 1326 1257 dicitur
1348 1226 1415 1264 ille,
1438 1229 1472 1257 et
1489 1225 1577 1266 quod
1593 1223 1639 1255 ait
1659 1223 1741 1254 Per-

314 1277 416 1311 caput
432 1273 534 1303 etiam
546 1274 677 1305 cucullo
689 1280 870 1315 protegens
885 1281 1002 1307 contra
1054 1276 1122 1307 sius
1135 1276 1207 1307 sat.
1221 1283 1278 1307 ιιι.
1292 1278 1344 1306 85.
1372 1275 1382 1292 ⁴
1394 1283 1455 1306 cur
1469 1274 1544 1316 quis
1559 1282 1626 1305 non
1642 1282 1742 1314 pran-

315 1319 434 1360 frigus.
479 1322 621 1354 Quintil.
637 1333 712 1354 mox
727 1324 786 1355 cit.

362 1369 502 1410 Focalia]
530 1371 693 1411 Torques,
715 1382 853 1404 coronas
874 1372 1006 1411 floreas,

319 1417 484 1457 inquiunt.
528 1418 634 1450 Immo
649 1420 727 1450 colli
742 1430 780 1451 ac
797 1420 942 1452 faucium
958 1423 1006 1452 in-

321 1467 492 1496 volucrum
508 1472 544 1497 et
560 1466 762 1507 fomentum,
782 1479 800 1500 e
825 1469 940 1501 fasciis
962 1472 1008 1501 la-

323 1515 406 1545 neis.
450 1514 535 1545 Vide
564 1515 661 1547 Pers.
691 1518 762 1549 Sat.
790 1527 816 1550 1.
847 1522 896 1550 17.
927 1520 1008 1553 Not.

326 1565 468 1596 Quintil.
481 1566 540 1596 cit.
565 1571 574 1585 ‘
585 1567 774 1608 Palliolum,
788 1569 874 1600 sicut
889 1570 1011 1601 fascias

327 1613 448 1653 quibus
462 1623 562 1645 crura
577 1616 775 1653 vestiuntur,
786 1622 822 1649 et
836 1617 968 1659 focalia,
979 1623 1014 1650 et

329 1662 456 1693 aurium
472 1663 665 1702 ligamenta.
691 1667 762 1697 sola
785 1671 897 1706 potest
912 1676 1012 1699 excu—

331 1721 404 1742 sare
421 1713 599 1744 valetudo!
641 1714 761 1746 senec.
786 1717 866 1749 Nat.
885 1718 1014 1750 Quaest.

332 1769 382 1791 ιν.
406 1761 565 1792 ‘Videbis
589 1763 749 1804 quosdam
770 1767 927 1806 graciles,
944 1768 1014 1807 pal-

330 1810 410 1840 liolo
438 1809 607 1852 focalique
636 1812 884 1846 circumdatos:
926 1815 1015 1846 Mar-

334 1858 405 1888 tial.
423 1866 497 1890 xiv.
516 1862 586 1890 142.
604 1864 613 1878 ‘
625 1860 660 1891 Si
677 1862 877 1894 recitaturus
893 1863 1016 1895 dedero

335 1907 397 1937 tibi
420 1905 507 1952 septe
529 1908 692 1948 libellum,
721 1910 796 1941 Hoc
819 1910 927 1942 focale
943 1916 1017 1943 tuas

334 1960 462 1986 asserat
475 1956 661 1988 auriculas:
705 1958 751 1989 Ut
762 1968 814 1990 lv.
827 1962 879 1990 41.
903 1961 912 1977 ‘
928 1960 1016 1992 Quid

335 2005 536 2036 recitaturus
550 2005 735 2038 circumdas
759 2008 883 2039 vellera
898 2010 982 2039 collo
995 2009 1020 2040 ?'

379 2054 479 2084 Polus
493 2057 527 2084 ut
542 2054 593 2085 ille
614 2055 745 2086 Dicitur
765 2066 804 2088 ex
817 2058 891 2088 collo
903 2058 1021 2095 furtim

337 2103 483 2143 carpsisse
496 2103 635 2144 coronas]
659 2104 733 2136 Val.
752 2105 843 2137 Max.
859 2107 916 2138 cit.
933 2111 942 2124 ¹
955 2108 1020 2139 Po-

338 2154 426 2184 lemo
444 2176 452 2184 .
468 2175 476 2183 .
493 2174 501 2183 .
519 2174 528 2183 .
544 2154 620 2184 vino
635 2154 758 2194 gravis,
771 2157 948 2195 unguentis
964 2157 1021 2187 de-

338 2202 477 2241 libutus,
498 2203 594 2233 sertis
609 2203 719 2242 capite
736 2204 901 2242 redimito,
916 2206 1021 2245 pellu-

340 2252 417 2283 cida
440 2257 534 2282 veste
550 2253 704 2292 amictus,
723 2259 895 2293 patentem
911 2256 1023 2287 Xeno-

340 2302 443 2333 cratis
467 2301 613 2332 scholam
639 2302 777 2333 intravit
797 2304 894 2335 turba
910 2305 1026 2336 docto·

343 2354 414 2380 rum
445 2350 611 2382 hominum
643 2350 802 2382 refertam
826 2373 835 2382 .
850 2373 858 2382 .
876 2375 883 2383 .
901 2375 908 2384 .
925 2354 1027 2394 Cujus

344 2399 511 2439 gravitate
537 2401 696 2430 sermonis
720 2401 915 2441 resipiscere
930 2411 1027 2433 coac-

345 2453 410 2487 tus,
426 2448 567 2489 primum
589 2458 745 2481 coronam
769 2451 881 2490 capite
895 2450 1027 2483 detrac-

348 2502 415 2528 tam
446 2497 606 2538 projecit;
630 2499 729 2538 paulo
757 2505 832 2539 post
858 2499 1027 2531 brachium

344 2546 433 2576 iutra
461 2546 599 2586 pallium
627 2547 785 2586 reduxit3
823 2548 1028 2588 procedente

348 2600 501 2635 tempore
531 2596 597 2627 oris
625 2598 806 2628 convivalis
827 2597 1028 2630 hilaritatem

348 2643 528 2684 deposuit3
554 2646 595 2676 ad
617 2646 768 2678 ultimum
785 2651 889 2678 totam
904 2648 1027 2679 luxuri-

348 2700 400 2721 am
417 2693 534 2723 exuit.'

389 2743 451 2773 25⁷
475 2742 640 2783 Postquam
653 2748 698 2776 est
712 2745 859 2785 impransi
874 2749 1031 2784 correptus

346 2799 415 2822 voce
444 2792 602 2834 magistri]
635 2794 686 2826 Ex
715 2794 868 2834 Diogene
893 2792 1029 2826 Laertio

1057 1325 1148 1365 deat,
1173 1325 1235 1356 hoc
1263 1323 1352 1355 est?'
1382 1323 1536 1355 similiter
1562 1322 1742 1362 utrobique

1058 1379 1154 1405 notat
1170 1374 1385 1405 sobrietatem
1409 1371 1676 1413 philosophorum
1692 1379 1742 1400 se·

1059 1425 1125 1454 mel
1155 1425 1186 1454 in
1216 1423 1270 1454 die
1306 1423 1416 1453 cibum
1452 1420 1671 1461 capientium,
1699 1428 1740 1449 ue

1060 1473 1070 1490 ‘
1082 1471 1186 1502 multo
1202 1470 1276 1502 cibo
1292 1474 1327 1501 et
1347 1470 1482 1510 potione
1504 1468 1663 1508 completi
1684 1468 1745 1498 mi-

1062 1530 1123 1551 nus
1139 1525 1232 1551 recte
1251 1520 1302 1551 uti
1326 1522 1462 1560 possent
1487 1516 1612 1549 mente’
1631 1525 1671 1548 ac
1696 1517 1745 1547 in-

1064 1570 1182 1608 genim
1199 1575 1236 1600 ut
1249 1569 1394 1609 loquitur
1411 1568 1483 1599 Cic.
1494 1567 1597 1598 Tusc.
1610 1575 1645 1597 v.
1662 1565 1747 1596 Por-

1066 1628 1102 1649 ro
1119 1623 1154 1649 ut
1177 1618 1284 1648 siccus
1308 1618 1528 1655 Xenocrates,
1548 1615 1595 1646 ita
1618 1619 1654 1646 et
1678 1623 1747 1644 cas-

1066 1673 1118 1698 tus
1135 1677 1143 1697 :
1167 1676 1242 1696 nani
1258 1671 1293 1696 et
1308 1666 1460 1705 Plirynes
1482 1668 1517 1695 et
1528 1663 1642 1695 Laidis
1654 1662 1749 1694 nobi-

1066 1715 1145 1746 lium
1162 1715 1375 1746 meretricum
1396 1711 1633 1744 blandimentis
1647 1717 1750 1752 atque

1068 1764 1234 1796 illecebris
1260 1763 1480 1804 nequicquam
1510 1765 1660 1793 tentatus
1688 1769 1749 1800 pn-

1069 1813 1150 1844 dore
1166 1811 1305 1843 suffudit
1321 1813 1410 1851 ipsas
1425 1810 1657 1851 impudentes;
1674 1818 1749 1849 quae

1069 1862 1201 1893 deinum
1213 1862 1310 1891 victae
1321 1859 1558 1900 praedicarunt,
1568 1867 1633 1888 non
1643 1858 1750 1888 virum

1070 1910 1163 1940 illum
1179 1909 1239 1939 sed
1255 1913 1398 1939 statuam
1416 1907 1518 1939 visum
1533 1915 1614 1937 esse.
1651 1906 1752 1945 Diog-

1070 1957 1183 1989 Lae'rt.
1199 1957 1256 1988 lib.
1270 1966 1320 1988 iv.
1335 1959 1398 1987 &c-

1116 2008 1284 2047 Correptus
1297 2015 1367 2037 voce
1381 2004 1538 2044 magistri]
1569 2003 1644 2035 Val.
1658 2003 1754 2035 Max.

1074 2063 1151 2089 ante
1180 2058 1237 2088 cit.
1282 2057 1291 2072 ‘
1310 2056 1386 2086 Non
1413 2060 1592 2086 contentus
1615 2054 1755 2085 Polemo

1074 2111 1142 2138 tam
1154 2105 1296 2137 deformi
1309 2104 1463 2142 introitu,
1477 2101 1755 2142 conseditetiam,

1075 2161 1113 2187 ut
1128 2155 1342 2186 clarissimum
1360 2153 1526 2194 eloquium
1552 2156 1588 2183 et
1612 2150 1756 2192 pruden-

1074 2205 1202 2235 tissima
1232 2207 1406 2242 praeccpta
1433 2201 1639 2232 temulentiae
1666 2200 1758 2231 lasci-

1076 2254 1136 2285 viis
1152 2253 1315 2284 eluderet.
1345 2251 1393 2282 At
1407 2252 1614 2283 Xenocrates
1629 2251 1756 2281 vultum

1078 2305 1111 2336 in
1133 2303 1249 2334 eodem
1273 2301 1387 2333 habitu
1409 2301 1596 2339 continuit;
1617 2299 1761 2331 omissis-

1079 2362 1143 2394 que
1157 2352 1198 2383 de
1214 2351 1332 2392 quibus
1354 2349 1554 2388 disserebat,
1573 2348 1615 2379 de
1630 2347 1759 2379 modes-

1080 2403 1125 2433 tia
1150 2411 1188 2432 ac
1216 2398 1435 2439 temperantia
1458 2397 1546 2438 loqui
1567 2397 1679 2437 coepit.
1697 2418 1705 2427 .
1722 2418 1731 2429 .
1749 2418 1759 2428 .

1081 2452 1202 2491 ltaque
1217 2449 1356 2480 Polemo
1379 2447 1473 2478 unius
1495 2446 1655 2478 orationis
1673 2447 1758 2476 salu-

1079 2500 1222 2533 berrima
1236 2497 1400 2529 medicina
1415 2500 1564 2534 sanatus,
1581 2504 1624 2526 ex
1643 2494 1761 2526 infami

1081 2557 1230 2590 ganeone
1250 2547 1412 2578 maximus
1439 2544 1659 2584 Philosophus
1684 2553 1762 2575 eva-

1080 2600 1135 2630 sit.
1177 2595 1416 2636 peregrinatus
1440 2597 1492 2624 est
1514 2593 1612 2633 hujus
1635 2593 1763 2624 animus

1080 2647 1112 2678 in
1127 2645 1288 2687 nequitia,
1305 2653 1368 2674 non
1386 2641 1568 2674 nabitavit?

1123 2698 1185 2727 258
1209 2694 1352 2733 Por-rigis
1366 2694 1447 2724 irato
1458 2701 1565 2733 puero,
1575 2691 1644 2732 qm]
1663 2690 1764 2722 Com-

1081 2748 1176 2784 par-at
1193 2743 1342 2775 actiones
1358 2741 1515 2774 amatoris
1529 2749 1606 2773 eum
1625 2738 1766 2772 actioni-

1081 2793 1140 2825 bus
1155 2793 1262 2834 pueri.
