1890 3256
360 267 471 309 1080
829 281 872 318 Q.
902 280 1106 310 noun-ru
1139 279 1310 310 nntium
1360 279 1366 299 ··

362 369 535 411 Graecia
553 370 776 411 Barbariae
796 371 911 410 lento
932 369 1086 410 collisa
1106 369 1270 422 due-llo,

361 434 600 474 Stultorum
619 447 766 487 regum
784 439 829 474 et
847 433 1106 490 populorum
1127 435 1315 477 continet
1335 442 1484 487 aestus,

361 499 557 539 Antenor
577 505 727 540 censet
747 499 850 539 belli
872 500 1107 551 praecidere
1125 513 1327 543 causam:
1407 550 1412 555 ³

362 563 482 612 Quid
503 564 660 605 Paris?
691 568 738 605 ut
759 565 1071 618 salvusregnet
1085 567 1294 620 vivatque
1314 568 1485 618 beatus,

362 630 470 681 Cogi
490 642 618 682 posse
636 633 776 681 negat.
836 629 997 672 Nestor
1016 643 1276 683 componere
1294 633 1390 675 lites

362 695 480 735 Inter
498 694 680 735 Peliden
700 694 879 735 festinat
899 701 944 735 et
958 696 1068 736 inter
1087 695 1291 737 Atriden:
1636 744 1643 748 ,

361 759 493 800 Hunc
514 772 646 809 amor,
664 760 727 800 ira
745 760 919 812 quidem
939 761 1219 802 communiter
1238 762 1324 802 urit
1341 765 1583 816 utrumque.

362 825 585 878 Quicquid
604 825 790 867 delirant
807 838 942 878 reges,
964 825 1212 878 plectuntur
1231 825 1402 867 Achivi.

1719 569 1776 608 10

361 949 448 990 bello,
462 950 497 980 ob
511 951 681 990 cupidinem
696 951 836 988 Paridis,
856 951 1065 990 complectitur
1079 955 1175 983 motus
1181 952 1343 989 fatuorum
1361 955 1533 994 principum
1546 957 1635 994 atque
1653 956 1777 995 populo-

360 1000 439 1022 rum.
480 991 618 1022 Antenor
639 992 709 1022 belli
727 1001 849 1022 causam
861 993 938 1022 dicit
951 1001 1013 1023 esee
1027 994 1228 1024 reeecundam.
1272 995 1355 1030 Quid
1370 995 1466 1026 Paris
1477 996 1546 1026 uit?
1587 996 1731 1038 Affirmat
1745 1005 1778 1027 se

360 1033 400 1062 ad
424 1033 457 1062 iel
476 1032 590 1071 impelli
607 1042 669 1063 non
688 1042 775 1071 posse
785 1044 797 1069 ;
819 1033 927 1072 quippe
940 1033 986 1063 sic
999 1034 1079 1064 haud
1087 1034 1172 1070 felix
1185 1034 1266 1065 haud
1280 1035 1439 1066 incolumia
1456 1039 1619 1075 perstaret.
1661 1037 1778 1068 Nestor

361 1073 511 1104 Achillem
525 1074 606 1104 inter
618 1077 651 1105 et
660 1074 915 1112 Agamemnonem
925 1074 1126 1105 dissensiones
1136 1079 1263 1106 conatur
1276 1076 1429 1107 dirimere.
1463 1077 1558 1108 Hune
1570 1086 1668 1116 amor,
1680 1077 1781 1108 ambos

361 1117 462 1144 nutem
485 1115 662 1154 indignatio
679 1116 800 1156 puriter
821 1115 969 1147 accendit.
1014 1116 1227 1156 Quodcumque
1246 1121 1374 1157 peccant
1387 1121 1545 1157 magnates
1558 1119 1647 1150 luunt
1662 1117 1780 1149 Groeci.

954 1207 1187 1222 ”0000000000

361 1273 482 1302 ‹lia—7
505 1271 583 1303 Vat.
597 1274 630 1304 7.
652 1280 672 1301 a
686 1281 730 1302 m.
753 1280 820 1303 sec.
838 1275 874 1303 et
897 1272 976 1305 Vat.
992 1275 1044 1305 13.
1061 1281 1081 1304 a
1096 1282 1139 1306 m.
1157 1282 1225 1304 rec.
1243 1274 1407 1306 barbarico.
1449 1274 1529 1306 Vat.
1554 1277 1586 1306 7.
1611 1283 1630 1305 ι
1644 1283 1687 1305 m.
1713 1283 1781 1307 sec.

360 1314 440 1343 lente
446 1324 458 1350 ;
480 1313 706 1344 Schoenborn.
719 1315 750 1343 4.
772 1315 859 1344 lecto.
904 1314 1004 1346 Harl.
1017 1317 1050 1346 6.
1072 1316 1306 1347 commissae-8
1320 1315 1546 1348 Schoenborn.
1559 1319 1590 1347 2.
1604 1319 1636 1348 4.
1657 1315 1737 1347 Vnt.
1751 1319 1782 1349 1.

362 1355 438 1384 Vat.
458 1356 551 1387 Rom.
567 1357 598 1386 4.
619 1355 767 1386 Chisian.
783 1358 814 1386 5.
829 1358 861 1386 6.
884 1354 1038 1396 Angelic.
1055 1358 1083 1388 l.
1101 1366 1120 1388 a
1134 1366 1178 1388 m.
1194 1366 1244 1397 pr.
1261 1356 1415 1397 Angelic.
1429 1360 1462 1389 2.
1483 1357 1657 1389 Barberin.
1671 1359 1703 1388 2.
1724 1357 1782 1388 alii

362 1405 416 1434 ap.
434 1396 545 1426 Pulm.
562 1395 716 1426 Oberlin.
736 1396 859 1427 Venet.
885 1399 978 1428 1509.
1001 1402 1036 1428 et
1059 1402 1212 1428 notatum
1235 1407 1275 1428 ex
1307 1398 1381 1429 cod.
1397 1399 1429 1428 in
1456 1408 1516 1429 orn
1540 1398 1618 1429 Ald.
1635 1401 1728 1429 1509.
1746 1398 1780 1428 in

362 1437 524 1468 Biblioth.
546 1436 746 1472 Bar-herim,
761 1440 879 1468 aestum.
924 1438 979 1469 Al.
994 1441 1163 1470 ‹estun—9
1190 1438 1336 1470 Chisian.
1351 1443 1382 1470 5.
1404 1439 1472 1470 belli
1484 1442 1680 1470 censet—10
1694 1440 1783 1474 Quod

363 1478 447 1508 Exc.
475 1479 551 1509 Sax.
578 1479 658 1509 Vat.
674 1480 702 1508 1.
729 1478 849 1509 Venet.
876 1481 968 1509 1509.
991 1479 1106 1511 Bentl.
1122 1489 1163 1511 ex
1180 1479 1278 1511 codd.
1293 1480 1416 1511 Sanad.
1442 1480 1582 1518 Cuning.
1597 1479 1729 1511 Wakef.
1744 1484 1781 1511 et

362 1519 466 1549 Kidd.
486 1522 520 1550 ul
537 1523 644 1557 regnet
658 1520 758 1550 salvus
771 1519 998 1551 Schoenborn.
1013 1523 1045 1551 3.
1061 1525 1096 1551 et
1113 1521 1256 1561 Cuning.
1278 1525 1311 1552 ut
1326 1522 1407 1552 eolus
1421 1525 1527 1560 regnet
1544 1522 1622 1553 Vat.
1638 1522 1733 1552 Rom.
1748 1523 1783 1551 6.

362 1569 382 1589 a
397 1569 439 1590 m.
454 1569 521 1590 sec.
537 1560 621 1591 alius
637 1560 712 1590 cod.
727 1569 781 1599 ap.
798 1561 908 1591 Pulm.
920 1562 1043 1592 Venet.
1068 1564 1162 1593 1495.
1187 1567 1223 1593 et
1249 1563 1340 1603 Lips.
1358 1565 1537 1594 noa—12
1561 1563 1671 1594 Bentl.
1692 1562 1734 1593 ad
1756 1571 1782 1592 1.

361 1601 431 1632 Sat.
448 1602 478 1631 7.
495 1603 545 1632 11.
579 1601 707 1630 Primus
737 1601 873 1637 Peliden,
897 1603 948 1641 ὅγε.
971 1601 1197 1634 Schoenborn.
1214 1606 1245 1634 2.
1266 1605 1298 1634 3.
1325 1604 1560 1635 Atriden—18
1585 1604 1677 1634 Nunc
1698 1613 1783 1634 amor

363 1642 543 1682 Bamberg.
578 1642 670 1672 Illum
695 1651 779 1672 amor·
803 1642 892 1682 conj.
915 1643 1015 1674 Zuch.
1031 1643 1172 1682 Pearce,
1188 1644 1330 1676 Peliden
1346 1647 1433 1676 enirn
1449 1645 1532 1682 vult,
1547 1654 1612 1676 non
1628 1643 1784 1682 Atriden,

363 1692 460 1724 quem
476 1683 627 1715 ultimum
643 1683 971 1715 nominaverat.——14
992 1684 1217 1717 Schoenborn.
1231 1689 1263 1717 2.
1283 1685 1457 1717 discordant
1478 1695 1579 1726 reges,
1599 1686 1784 1727 plectuntur,

1007 1779 1146 1811 NOTAE

363 1849 450 1878 men,
464 1840 546 1871 item
569 1840 818 1872 Dramaticum:
841 1842 919 1882 quia
941 1841 974 1872 in
996 1842 1047 1873 his

363 1888 506 1919 conficta
520 1889 624 1919 multa
639 1889 830 1919 inseruntur
843 1899 852 1920 ε
876 1888 1050 1920 differunt-

364 1945 428 1977 que
444 1936 486 1966 ab
503 1936 663 1974 Historia,
683 1946 759 1976 quae
781 1937 863 1967 nihil
884 1937 947 1967 nisi
971 1946 1049 1968 vere

363 1988 494 2026 gestum
511 1984 613 2015 debet
623 1977 814 2024 eomplecti.
838 1985 926 2016 Vide
939 1986 1051 2026 Epist.

364 2034 405 2064 ad
423 2033 575 2070 Pisones,
591 2041 639 2062 νε.
657 2034 730 2062 119.
747 2034 819 2064 151.
836 2035 909 2064 338.

406 2079 552 2119 Paridis]
577 2079 642 2110 Hic
655 2084 727 2110 erat
743 2080 869 2111 Priami
885 2086 921 2112 et
935 2082 1050 2113 Hecu-

363 2131 415 2161 bae
432 2129 531 2167 filius,
551 2127 658 2159 frater
682 2127 841 2159 Hectoris
860 2130 949 2169 regis
970 2130 1051 2161 Tro-

356 2181 419 2220 ῥα»,
434 2178 500 2209 alio
522 2178 655 2208 nomine
672 2177 865 2209 Alexander
887 2185 1046 2211 vocatus:

364 2237 464 2268 quem
481 2230 577 2257 utero
593 2231 700 2256 mater
717 2232 853 2266 gestans
868 2238 947 2260 vere
963 2238 1049 2260 som-

363 2277 468 2307 niavit
495 2274 604 2306 facem
638 2284 674 2305 se
712 2275 886 2308 ardentem
917 2288 1047 2318 parere.

365 2326 452 2356 Nam
467 2323 601 2364 Trojani
612 2323 732 2355 excidii
743 2325 956 2367 incendiique
971 2337 1048 2359 cau-

364 2383 401 2404 sa
416 2373 492 2404 fuit.
533 2373 586 2403 De
603 2373 719 2413 eojam
734 2382 759 2404 1.
775 2373 844 2405 Od.
861 2377 910 2406 15.

407 2425 426 2452 7
458 2420 637 2460 Barbariae]
674 2421 743 2452 Cur
779 2421 826 2452 sic
863 2423 1053 2462 appelletur

367 2470 528 2511 Phrygia,
543 2473 659 2509 repete
675 2479 717 2500 ex
731 2469 912 2502 Annotatis
925 2481 968 2503 11.
985 2471 1054 2504 od.

364 2523 438 2552 49.
481 2520 569 2550 Item
586 2518 690 2559 Epod.
708 2527 762 2550 lx.
778 2522 811 2550 6.

409 2569 522 2608 Lento]
557 2567 658 2601 Quod
681 2568 774 2599 annis
801 2569 919 2600 decem
946 2570 1052 2601 conti-

366 2628 467 2650 nuum
482 2617 556 2648 fuit.

410 2672 429 2698 8
456 2668 575 2706 Regum
595 2671 626 2698 et
650 2667 840 2707 populorum]
861 2668 944 2698 Tam
957 2668 1051 2699 Grae-

367 2725 495 2755 corum,
511 2725 610 2756 quam
624 2716 807 2756 Phrygum.

410 2769 431 2798 9
446 2766 584 2796 Antenor
598 2769 710 2805 censet,
724 2765 794 2805 ξω]
813 2766 906 2797 Unus
930 2766 986 2797 ille
1008 2775 1051 2796 ex

1099 1842 1317 1882 'trojanorum
1345 1839 1572 1880 principibus:
1595 1839 1651 1880 qui
1667 1844 1785 1872 auctor

1101 1889 1211 1920 fuerat
1226 1889 1368 1920 Helenae
1391 1887 1572 1919 reddendae
1588 1887 1784 1919 Groecornm

1100 1938 1218 1978 legatis
1234 1947 1307 1968 eam
1327 1936 1591 1977 reposcentibus.
1633 1936 1731 1968 Iliad.
1746 1939 1787 1968 11.

1102 1987 1197 2016 Paris
1209 1991 1321 2017 autem
1338 1986 1483 2024 negavit.
1506 1984 1596 2016 Ibid.

1145 2037 1183 2065 11
1210 2033 1337 2073 Nestor]
1374 2032 1517 2064 Graecus
1545 2033 1714 2074 prium-4³8,
1743 2034 1786 2066 de

1103 2092 1167 2124 quo
1182 2083 1276 2123 plura
1291 2090 1316 2113 1.
1333 2082 1402 2113 Od.
1416 2085 1469 2113 15.
1484 2086 1519 2113 et
1532 2091 1572 2114 ιι.
1588 2082 1657 2114 Od.
1669 2085 1702 2113 9.

1145 2134 1185 2162 12
1211 2130 1358 2170 Peliden]
1381 2130 1476 2162 Pelei
1501 2130 1603 2162 filium
1616 2141 1626 2170 ς
1649 2131 1692 2163 de
1719 2142 1786 2174 qno

1101 2188 1125 2210 1.
1141 2179 1207 2210 Od.
1221 2183 1252 2211 6.
1263 2182 1294 2210 8.
1311 2182 1361 2210 15.
1376 2188 1415 2211 11.
1425 2179 1493 2210 od.
1505 2182 1537 2211 4.
1549 2182 1599 2212 16.
1615 2189 1663 2211 ιν.
1677 2178 1784 2212 Od.6'.

1101 2228 1208 2268 Epod.
1228 2237 1311 2258 xnr.
1326 2232 1361 2258 et
1378 2236 1469 2258 xvn.

1142 2274 1294 2313 Atriden]
1318 2274 1414 2305 Atrei
1440 2275 1540 2306 filium
1555 2286 1563 2306 ι
1588 2275 1631 2307 de
1656 2285 1720 2316 qno
1745 2285 1785 2308 n.

1103 2323 1170 2355 Od.
1185 2326 1217 2356 4.
1233 2332 1284 2354 ιν.
1299 2322 1364 2354 od.
1380 2325 1410 2353 9.
1426 2331 1466 2353 ιι.
1481 2324 1551 2354 Sat.
1565 2326 1596 2355 8.
1615 2326 1687 2356 187.

1145 2379 1184 2406 13
1208 2375 1300 2405 Hunc
1313 2382 1407 2411 amor,
1429 2373 1477 2404 ira
1490 2374 1621 2414 quidem,
1635 2374 1705 2414 εμπ]
1729 2374 1786 2406 In·

1101 2425 1269 2456 centivum
1285 2422 1350 2454 fuit
1366 2422 1498 2462 amoris,
1510 2422 1646 2463 iraeque,
1658 2423 1787 2454 Briseis

1099 2474 1169 2504 sive
1180 2473 1207 2503 Η
1215 2470 1520 2512 ippodamia,quam
1531 2469 1687 2502 adamans
1696 2471 1788 2512 Agn-

1101 2529 1252 2553 memnon
1268 2519 1388 2550 Achilli
1413 2529 1484 2549 earn
1505 2519 1626 2550 sortito
1642 2520 1787 2560 eripuit3

1101 2581 1176 2612 quae
1207 2578 1306 2601 causa
1340 2567 1559 2608 implacabilis
1595 2568 1665 2599 odii
1695 2569 1786 2600 iuter

1102 2625 1277 2659 utrumque
1292 2617 1443 2648 fomitem
1463 2617 1618 2657 praebuit.

1147 2671 1185 2700 14
1203 2667 1354 2707 Quicquid
1368 2667 1502 2697 delirant
1513 2666 1691 2707 regee‚&c.]
1702 2667 1788 2698 Pec-

1104 2721 1179 2747 cata
1197 2725 1309 2755 regum
1324 2716 1419 2745 luunt
1434 2714 1568 2755 plebeii.

1145 2762 1306 2802 Delirunt]
1339 2762 1416 2794 Lira
1442 2767 1495 2794 est
1522 2762 1628 2794 sulcus
1643 2771 1652 2801 3
1674 2762 1786 2802 lirare,
