1890 3256
311 283 423 326 1078
780 297 822 334 Q.
854 295 1060 326 HoRA'rn
1094 295 1263 325 FLAcci

314 388 384 428 De
406 392 447 428 te
467 388 708 439 pendentis,
729 391 770 427 te
791 387 1060 439 respicientis
1083 388 1225 427 amici.
1642 389 1725 429 105

313 451 385 493 Ad
407 465 629 502 summam,
651 452 827 504 sapiens
847 463 934 490 uno
953 451 1088 491 minor
1108 455 1174 492 est
1193 451 1323 501 Jove,
1343 452 1482 501 dives,

313 518 458 568 Liber,
480 519 727 566 honoratus,
748 517 942 569 pulcher,
963 529 1040 557 rex
1060 517 1242 570 denique
1258 530 1423 571 regum;

313 583 542 636 Praecipue
564 595 711 630 sanus,
732 582 816 622 nisi
837 594 935 622 cum
956 582 1110 635 pituita
1129 583 1308 623 molesta
1326 588 1401 624 est.

313 708 442 738 unguem
457 699 548 729 amici
571 709 590 728 a
613 702 642 729 te
662 700 833 739 pendentis,
856 703 940 739 teque
959 700 1041 730 velut
1064 700 1183 731 unicum
1199 700 1376 739 praesidium
1389 699 1546 730 intuentis.
1590 699 1732 739 Denique

312 741 433 779 sapiens
446 741 524 771 Jove
537 741 599 770 solo
613 743 658 770 est
675 741 815 779 inferior,
833 742 1000 780 opulentus,
1024 741 1112 778 liber,
1134 741 1277 779 insignis.
1290 741 1456 778 formosus,
1470 741 1531 771 imo
1545 749 1602 771 rex
1615 749 1734 780 regum,

311 783 482 821 proesertim
496 791 598 821 sanus,
612 782 673 812 nisi
686 783 805 822 quando
823 783 937 822 pituita
950 782 1167 821 aegritudinem
1185 786 1333 822 procreat.

903 872 1136 885 eeeeeeeeeee

315 937 375 966 105
392 935 504 965 Bentl.
520 944 562 965 ex
578 935 669 975 conj.
684 935 761 967 Nic.
777 935 921 972 Heinsii,
937 939 966 966 te
980 936 1184 976 suspicientis,
1199 946 1338 975 eumque
1355 936 1460 967 secuti
1477 935 1580 967 Kidd.
1593 940 1628 966 et
1639 935 1732 966 Wet-

315 977 377 1006 zei.
405 985 501 1006 nemo
527 982 704 1015 praeterea.
749 976 951 1008 Refutarunt
967 978 1081 1017 paucis
1097 979 1199 1009 Baxt.
1221 983 1256 1008 et
1278 978 1382 1009 Gesn.
1405 982 1439 1008 et
1461 976 1565 1008 fusius
1581 977 1732 1008 Horreus

315 1018 461 1049 Miscell.
479 1018 564 1048 Crit.
580 1026 605 1047 1.
621 1021 651 1047 5.
670 1027 701 1057 p.
718 1019 770 1047 82.
787 1027 878 1058 seqq.

951 1100 1091 1132 NOTAE

358 1165 418 1193 105
450 1162 501 1192 De
529 1165 559 1192 te
584 1162 759 1202 pendentis]
795 1162 935 1193 Clientis
964 1167 998 1193 te
1052 1162 1158 1193 minus
1171 1171 1285 1193 sanum
1311 1171 1404 1200 esse3
1427 1162 1523 1201 item,
1547 1162 1734 1202 sapientem

315 1212 409 1242 velut
440 1216 616 1250 patronum
647 1216 681 1242 et
711 1211 901 1252 praesidium
930 1212 999 1242 uni-
1053 1220 1118 1241 non
1142 1210 1266 1242 dolere.
1305 1211 1438 1250 Pituita,
1459 1211 1548 1252 quod
1572 1215 1667 1252 petat
1689 1212 1735 1242 vi-

315 1270 390 1291 cum
407 1260 624 1300 respicientis.
1054 1263 1134 1298 tam,
1152 1259 1242 1290 dicta
1265 1259 1413 1290 creditur
1434 1259 1606 1290 nonnullis.
1651 1259 1736 1291 Haec

359 1311 420 1340 108
444 1309 519 1339 Nisi
548 1319 616 1339 cum
646 1310 764 1349 pituita
790 1312 913 1342 molesta
941 1311 1002 1351 est]
1054 1309 1152 1340 acida
1177 1314 1212 1340 et
1242 1309 1340 1348 salsa,
1369 1308 1554 1340 morborum
1577 1307 1650 1339 fons
1674 1313 1740 1348 est,

314 1358 464 1389 Irridere
495 1358 628 1389 videtur
654 1359 784 1390 Stoicos
810 1369 1000 1391 asseverari·
1053 1358 1253 1399 quicumque
1269 1367 1288 1388 e
1304 1357 1519 1390 distillatione
1539 1357 1635 1398 fiunt,
1650 1362 1739 1389 teste

319 1412 390 1447 tes;
413 1408 611 1448 sapientem,
633 1409 695 1439 etsi
714 1414 869 1449 aegrotet,
883 1410 999 1440 nihilo·
1054 1407 1196 1438 Platone
1213 1406 1244 1437 in
1266 1407 1404 1438 Timaeo.

832 1568 1136 1610 EPISTOLA
1167 1569 1229 1609 11.

861 1676 928 1706 AD
960 1675 1199 1706 LOLLIUM.

319 1759 484 1790 Moralem
501 1758 751 1799 Philosophiam
771 1759 973 1791 commodius
999 1759 1140 1790 tractari
1164 1760 1206 1791 ab
1231 1760 1380 1790 Homero
1403 1767 1501 1799 quam
1524 1755 1742 1795 Philosophia.

359 1811 404 1852 (A
427 1822 474 1844 vs.
499 1815 551 1843 32.
579 1813 656 1843 lanx
673 1817 787 1843 satura
804 1817 1049 1852 praeceptorum
1071 1811 1214 1843 vivendi.
1241 1810 1535 1849 Gesn.)-Lollinm
1549 1808 1742 1839 adolescen-

363 1867 431 1894 tem
454 1863 609 1894 hortatur
625 1864 665 1893 ad
689 1863 864 1903 sapientiae
885 1868 920 1893 et
943 1863 1074 1893 virtutis
1100 1861 1258 1893 studium.
1304 1861 1464 1892 Ostendit
1489 1859 1602 1900 igitur,
1615 1867 1657 1889 ex
1673 1857 1742 1889 Ho-

359 1924 453 1945 mero
475 1914 677 1944 luculentius
703 1919 739 1944 et
754 1915 876 1944 certius
892 1914 977 1944 bene
997 1919 1032 1943 et
1056 1913 1228 1953 sapienter
1242 1913 1320 1944 vitae
1341 1911 1555 1943 instituendae
1579 1910 1741 1941 rationem

361 1966 443 1997 disci
461 1974 574 2006 posse,
587 1974 685 2005 quam
711 1973 751 1994 ex
775 1965 965 1995 Stoicorum
982 1964 1325 2004 Academicorumque
1349 1963 1455 1993 libris.
1497 1961 1640 1992 Iliadem
1656 1961 1743 1991 enim

361 2018 531 2049 continere
561 2016 648 2047 mala
679 2016 883 2056 gravissima,
906 2024 978 2055 quae
1009 2025 1051 2044 ex
1074 2016 1136 2053 ira,
1159 2015 1312 2053 libidine,
1337 2014 1478 2055 aliisque
1501 2011 1743 2053 cupiditatibus

362 2070 531 2101 oriantur:
559 2068 747 2108 Odysseam
758 2072 868 2098 autem
881 2067 1012 2098 virtutis
1024 2066 1267 2107 sapientiaeque
1283 2067 1434 2106 exempla
1446 2065 1632 2096 utilissima.
1659 2063 1744 2094 Tum

365 2121 470 2160 addit,
495 2130 631 2160 operam
657 2127 731 2150 esse
753 2119 895 2150 dandam
922 2124 1066 2158 mature,
1081 2122 1118 2149 nt
1135 2127 1246 2158 pravae
1263 2117 1468 2158 cupiditates
1489 2120 1525 2148 et
1546 2114 1744 2157 perniciosae

365 2173 597 2207 coerceantur,
612 2172 754 2202 avaritia
770 2171 911 2207 scilicet,
926 2170 1042 2209 libido,
1059 2170 1194 2206 invidia,
1210 2170 1270 2200 ira.

326 2247 547 2287 TROJANI
569 2245 668 2286 belli
689 2246 956 2298 scriptorem,
976 2243 1165 2284 maxime
1183 2242 1311 2290 Lolli,

369 2343 456 2374 Dum
470 2345 516 2382 tu,
530 2342 623 2380 Lolli,
638 2350 752 2372 summe
766 2341 826 2379 vir,
841 2341 948 2371 Romae
961 2340 1073 2371 recitas
1086 2339 1263 2379 scriptorem
1279 2336 1349 2368 belli
1365 2335 1504 2375 Troiani,
1517 2344 1572 2374 ego
1587 2334 1746 2365 Praeneste

918 2431 1148 2445 mem

370 2500 523 2541 Epistola
543 2499 644 2531 tertia
669 2498 761 2530 Libri
782 2497 881 2538 primi
904 2497 938 2528 in
963 2496 1028 2528 Ed.
1049 2494 1232 2527 Sanam—3
1253 2490 1479 2524 schoenbom.
1493 2492 1524 2520 3.
1545 2490 1626 2530 quod
1637 2498 1751 2520 non.—

969 2589 1110 2621 No'rAE

371 2671 388 2699 1
405 2665 620 2706 Trnjanibelli]
636 2663 764 2695 Eximia
772 2667 825 2694 est
834 2662 1012 2694 hiclauda-
1062 2656 1209 2691 ostendit
1231 2640 1413 2687 luculentis
1430 2653 1508 2695 quid
1523 2651 1654 2694 sugere,
1667 2653 1748 2694 quid

328 2717 376 2748 tio
391 2715 579 2756 poematum
597 2712 734 2744 Homeri
749 2724 757 2743 :
783 2712 838 2752 qui
851 2720 929 2742 sane
943 2711 1012 2742 vel·
1064 2707 1187 2750 sectari
1204 2705 1326 2738 debeas
1340 2715 1350 2743 ;
1371 2705 1419 2735 ita
1435 2702 1567 2734 virtutis
1583 2702 1682 2738 bona.
1704 2702 1752 2733 vi-

327 2769 366 2796 ut
380 2764 524 2805 optimus
541 2762 687 2801 scriptor
709 2761 836 2800 Epicus
851 2759 1012 2799 exemplis
1065 2757 1104 2788 tii
1119 2761 1228 2788 autem
1253 2754 1338 2786 mala
1354 2752 1558 2794 exprimens,
1569 2755 1609 2783 ut
1624 2749 1750 2782 studio·
