1890 3256
596 307 876 339 snamonuu
912 306 1009 337 Lus.
1038 305 1092 336 11.
1121 294 1163 336 8.
1502 293 1614 334 1049

124 389 134 396 ,
162 405 284 448 Nam
294 404 402 446 mihi
420 403 634 458 quaerenti
655 402 901 453 convivam,
919 401 1067 444 dictus
1081 400 1184 442 here
1203 399 1299 443 illic

161 473 234 516 De
255 471 402 514 medio
419 474 570 524 potare
586 469 670 512 die.
729 470 765 519 51
788 471 881 521 Sic,
901 476 951 512 ut
972 470 1079 522 mihi
1098 480 1322 524 nunquam

161 539 216 582 In
236 540 328 582 vita
342 538 473 580 fuerit
490 536 661 578 melius.
721 536 757 586 51
779 537 869 588 Da,
890 538 930 578 si
951 549 1083 590 grave
1103 549 1192 578 non
1212 539 1298 585 est,

161 605 278 658 Quae
298 606 442 660 prima
456 604 614 644 iratum
636 609 831 646 ventrem
849 604 1095 659 placaverit
1110 616 1232 646 esca.

159 674 195 724 51
218 674 272 716 In
293 673 446 728 primis
466 670 675 713 Lucanus
696 685 829 726 aper:
860 672 952 714 leni
970 671 1054 715 fuit
1074 671 1243 713 Austro

159 741 345 796 Captus,
365 744 414 782 ut
429 740 578 781 aiebat
598 751 742 781 coenae
762 744 891 793 pater
908 753 919 790 ;
949 738 1074 780 acria
1094 739 1259 780 circum

159 808 354 862 Rapula‚
373 806 575 855 lactucae,
595 806 782 856 radices,
801 805 954 859 qualia
973 805 1144 847 lassum

1588 603 1615 642 0¹!

156 915 347 943 ematur-um
367 913 451 952 apud
465 921 512 943 me
531 911 729 952 perquirenti
742 911 859 943 dictum
874 915 919 942 est
935 915 967 942 te
981 911 1027 942 ibi
1042 911 1162 953 epulari
1175 922 1196 942 a
1209 911 1350 942 meridie.
1389 911 1616 948 FUNDANIUS.

155 954 210 985 15«
223 957 260 986 nt
274 964 445 996 numam,
467 964 509 986 ex
531 963 590 995 qno
605 956 689 993 vivo,
711 954 826 985 rectius
846 953 1016 986 habuerim.
1063 955 1162 985 Hon.
1186 954 1224 985 Si
1239 955 1400 985 molestum
1414 964 1476 985 non
1491 957 1550 992 est,
1565 953 1618 984 dic

153 997 234 1037 quod
245 998 384 1029 edulium
395 997 496 1039 primo
510 998 629 1028 sedarit
651 997 830 1036 graviorem
842 997 974 1037 samm.
1018 998 1188 1029 FUNDAN.
1211 997 1310 1028 Initio
1323 997 1394 1035 fuit
1416 1006 1491 1037 aper
1507 1006 1523 1028 e
1549 996 1616 1026 Lu-

152 1039 256 1079 cania,
284 1040 404 1072 Austro
424 1040 547 1081 placido
573 1043 695 1080 captus,
721 1041 975 1080 quemadmodum
1002 1039 1178 1080 affirmabat
1199 1040 1401 1071 convivator.-
1423 1040 1506 1071 εἰη-α
1527 1041 1617 1070 erant

153 1091 242 1114 aerea
260 1092 359 1124 rape,
378 1084 521 1124 lactum,
543 1083 686 1120 radices,-
708 1087 738 1114 et
760 1092 830 1123 quae
849 1083 1047 1122 languentem
1060 1082 1252 1114 stomachum
1266 1082 1419 1124 excitant,
1430 1082 1522 1122 siser,
1538 1082 1617 1122 alec,

770 1177 1013 1191 OOWNW

155 1241 309 1283 Doering.
321 1242 415 1281 ,iuvet
429 1251 514 1273 unns
528 1242 610 1274 Vat.
632 1242 797 1277 Rom—2
819 1243 998 1275 Bentleius
1014 1251 1058 1275 ex
1073 1242 1264 1281 prisciano,
1277 1252 1312 1283 p.
1330 1243 1426 1274 1011.
1457 1240 1618 1272 convivam

155 1285 331 1325 quaemti:
354 1294 499 1326 eumque
514 1285 626 1317 secuti
641 1291 722 1317 sunt
745 1286 892 1324 enning.
907 1285 1031 1318 Sanad.
1048 1286 1203 1325 Francis,
1215 1284 1354 1317 Wakef.
1380 1282 1565 1320 Heindorf,
1580 1288 1617 1315 et

156 1327 263 1359 Kidd.
276 1328 379 1360 diceus
392 1327 464 1359 here
480 1327 578 1359 Harl.
593 1330 624 1359 2.
641 1331 672 1360 3.
685 1331 718 1360 4.
732 1332 764 1360 6.
791 1329 926 1369 plurimi
952 1339 1009 1368 ap.
1034 1329 1136 1361 Feam
1163 1333 1200 1360 et
1226 1328 1467 1366 Pndmannum,
1489 1326 1619 1366 Acron,

156 1370 323 1403 Priscian.
343 1380 375 1410 p.
392 1373 487 1402 1011.
504 1370 588 1402 edit.
605 1370 722 1403 Princ.
737 1371 832 1403 Med.
849 1374 944 1403 1476.
954 1372 1067 1403 Venn.
1084 1373 1181 1403 1478.
1200 1373 1399 1402 1479.1490.
1410 1372 1506 1400 1492.
1521 1371 1617 1400 1495.

154 1412 248 1444 Flor.
265 1415 360 1446 1482.
385 1412 494 1444 Aldus
508 1415 603 1445 1501.
626 1414 738 1446 Junta
755 1416 848 1446 1503.
866 1413 1012 1454 Argent.
1030 1416 1124 1446 1514.
1144 1414 1261 1444 Basili.
1276 1415 1372 1444 1527.
1386 1414 1484 1443 1531.
1519 1411 1616 1442 Frib.

156 1457 252 1487 1536.
267 1454 368 1487 Dion.
381 1455 425 1486 ab
439 1454 567 1486 Hareio
584 1455 692 1495 Lugd.
709 1458 805 1488 1538.
824 1456 867 1488 R.
881 1456 1000 1496 Steph.
1015 1458 1111 1488 1544.
1134 1455 1212 1487 inde
1237 1456 1294 1487 alii
1317 1454 1392 1486 fere
1415 1462 1556 1493 omnen
1580 1457 1618 1484 et

153 1497 270 1530 multia
283 1498 426 1529 aliorum
439 1497 607 1539 exemplis
621 1498 800 1530 confirmat
815 1499 1040 1530 Forceninns.
1070 1499 1175 1529 dietus
1188 1498 1257 1530 lueri
1283 1498 1316 1529 in
1342 1497 1467 1528 ceteris
1492 1499 1529 1528 et
1550 1505 1619 1527 ma-

153 1540 338 1582 nuscriptis
362 1543 398 1572 et
422 1540 537 1573 editis.
579 1541 653 1572 illuc
681 1541 837 1580 Angelic.
859 1543 956 1572 2.-3
979 1542 1062 1573 Vat.
1079 1541 1178 1572 Rom.
1207 1544 1238 1573 1.
1263 1542 1489 1580 nusquam—4
1511 1539 1566 1570 Da
1588 1539 1618 1569 εἰ

149 1591 250 1621 grave
274 1593 336 1614 noa
361 1586 408 1615 est
423 1587 571 1624 quatuor
589 1583 686 1614 Vatt.
724 1584 982 1615 Commentator
1007 1583 1233 1624 ctuquianns,
1259 1583 1367 1614 Aldus
1385 1583 1480 1613 1501.
1509 1581 1619 1613 Juuta

155 1627 253 1657 1503.
278 1626 363 1657 edit.
387 1626 500 1657 Venn.
528 1627 622 1656 1509.
654 1628 748 1657 1552.
774 1626 918 1666 Argent.
943 1628 1040 1658 1514.
1065 1626 1186 1656 Basili.
1203 1628 1299 1657 1527.
1324 1627 1420 1655 1531.
1443 1624 1546 1654 Dion.
1573 1622 1616 1655 ab

155 1667 284 1699 Hanio
299 1667 409 1708 Lugd.
428 1671 524 1699 1538.
553 1667 598 1699 R.
626 1667 748 1707 Steph.
765 1670 862 1700 1544.
887 1668 1004 1700 anb.
1029 1667 1159 1699 Mutet.
1186 1668 1291 1707 Cruq.
1313 1666 1421 1698 Chab.
1447 1667 1546 1697 Torr.
1570 1665 1618 1697 D.

154 1708 277 1742 Heius.
290 1710 387 1742 Talb.
404 1710 491 1742 Dae.
504 1709 658 1750 Sandby,
673 1710 750 1741 Val.
763 1711 867 1742 Gesn.
880 1711 1000 1743 Oberl.
1015 1709 1136 1742 Comb.
1147 1709 1286 1742 Wakef.
1302 1709 1409 1749 magis
1421 1708 1563 1744 comice,
1580 1714 1618 1739 et

154 1751 303 1791 blande;
328 1756 365 1784 nt
380 1757 479 1784 notat
500 1753 604 1785 Baxt.
628 1751 707 1784 ιΑΙ.
722 1753 801 1793 Dic,
815 1755 869 1793 sse.
892 1753 983 1795 qnod
1005 1752 1162 1784 defendit
1187 1753 1381 1793 praesertim
1404 1751 1520 1783 Bentl.
1536 1750 1618 1792 quia

152 1793 188 1825 in
204 1795 286 1827 Mes.
300 1793 365 1826 sibi
380 1795 470 1827 notis
485 1795 526 1826 da
541 1804 607 1826 non
623 1796 785 1828 occurrit.
822 1795 891 1828 Sed
905 1805 995 1828 nunc
1010 1794 1166 1827 firmetur
1177 1805 1220 1827 ex
1233 1795 1318 1827 Mss.
1335 1795 1461 1826 uostris
1476 1794 1616 1835 optimae

154 1841 258 1868 ηοω.
302 1836 404 1868 Illum
419 1842 605 1881 sequuntur
618 1837 703 1870 Cun.
718 1840 796 1870 San.
842 1839 908 1870 Dic
922 1848 965 1870 ex
981 1839 1187 1880 glossemate
1202 1843 1326 1875 ortum,
1344 1841 1441 1878 patet
1458 1846 1501 1867 ex
1517 1837 1618 1867 Com-

154 1883 345 1911 mentatore
361 1877 578 1921 Cruquiano.'
595 1880 669 1912 Fea.
703 1880 774 1912 Cic.
784 1880 826 1912 ad
839 1880 1042 1913 Attie.xiu.
1053 1883 1107 1912 42.
1131 1881 1196 1912 Dic
1212 1881 1315 1912 etiam
1328 1880 1426 1911 Harl.
1440 1882 1473 1910 2.
1490 1881 1522 1910 3.
1539 1881 1571 1910 4.
1584 1882 1618 1910 6.

153 1921 253 1953 Gott.
267 1926 304 1954 et
319 1922 398 1954 Vet.
410 1922 534 1954 camb.
552 1921 775 1959 meliussnerit
791 1923 888 1955 Harl.
902 1925 1000 1955 4.-5
1017 1923 1118 1955 Gott.
1135 1923 1220 1954 Exc.
1235 1923 1316 1954 Sax.
1333 1926 1413 1953 octo
1428 1921 1527 1952 Vatt.
1545 1920 1617 1951 An·

153 1965 253 2004 genio.
268 1967 301 1996 l.
313 1967 348 1997 2.
370 1964 520 1997 Chiaian.
535 1967 569 1996 2.
595 1964 653 1995 alii
668 1974 726 2005 ap.
742 1965 854 1997 Puim.
872 1964 951 1997 Ald.
966 1968 1062 1997 1501.
1086 1965 1185 1998 Junt.
1200 1968 1296 1997 1503.
1320 1969 1356 1995 et
1377 1964 1504 1995 Venet.
1521 1965 1618 1995 1509.

153 2007 324 2046 pacaverit.
368 2007 488 2039 Ceteri
504 2017 635 2046 omnes,
648 2008 896 2048 plumeam—⁷
923 2008 1039 2040 Coetus
1053 2011 1089 2039 ut
1101 2007 1208 2039 aiebat
1223 2007 1334 2039 'ruins
1350 2007 1433 2039 Loe.
1445 2007 1565 2039 Contr.
1580 2014 1616 2037 x.

154 2051 254 2080 ⁷.—8
274 2050 356 2081 Duo
373 2049 468 2082 Vatt.
483 2050 588 2090 qualia
610 2051 740 2089 lapeum.
771 2051 854 2083 Vnt.
868 2051 981 2083 Palat.
993 2054 1029 2084 4.
1053 2055 1090 2082 et
1112 2050 1266 2084 Chisian.
1281 2053 1312 2082 2.
1335 2060 1355 2082 a
1374 2060 1420 2082 m.
1443 2059 1498 2091 pr.
1513 2049 1618 2091 qualia

809 2135 952 2168 NOTAE

157 2197 294 2231 dicitnr.
341 2197 450 2230 Porro
475 2196 518 2230 ad
543 2196 645 2229 metri
667 2197 790 2238 legem,
805 2198 859 2229 vel
913 2198 1010 2231 solito
1026 2199 1194 2231 maturius
1210 2197 1309 2230 ibat!

155 2248 446 2291 quadrisyllabam
487 2250 605 2279 vocem
649 2247 784 2289 accipe,
820 2253 860 2279 ut
954 2252 976 2281 6
998 2249 1145 2281 Lucanus
1159 2249 1250 2291 aper]
1290 2250 1344 2281 De
1370 2247 1521 2280 Lucania
1543 2248 1616 2280 Ita-

154 2295 166 2317 3
182 2299 433 2339 vindemiator,’
447 2308 472 2331 ι.
487 2299 562 2332 Sat.
579 2301 610 2330 7.
625 2301 678 2330 30.
697 2299 751 2330 vel
768 2298 859 2331 Ana-
912 2299 969 2332 liae
994 2300 1135 2341 regione
1157 2299 1248 2341 apris
1270 2298 1431 2332 foecunda
1446 2299 1520 2340 jam
1546 2299 1617 2331 dic·

154 2355 300 2392 poestum
317 2350 390 2382 loco
411 2349 562 2392 Dactyli.
595 2349 719 2391 Apage
735 2349 793 2391 qui
810 2350 856 2381 le·
914 2354 986 2381 tum
1002 2353 1055 2380 est
1069 2349 1142 2382 Sat.
1159 2358 1217 2380 ιιι.
1232 2349 1333 2390 hujus
1345 2348 1435 2380 libri.

155 2406 253 2444 gunt,
279 2402 324 2434 Ut
339 2405 369 2434 te
391 2401 504 2434 Nasid.
524 2403 578 2443 ᾃτ.
601 2401 668 2442 vel,
688 2401 858 2434 Nasidieni
952 2399 1036 2432 Leni
1053 2399 1174 2433 Austro
1199 2399 1335 2441 Captus]
1358 2400 1503 2431 Frustra
1517 2407 1618 2430 cona-

155 2453 209 2495 qui
221 2452 309 2492 juvit
331 2457 374 2494 te,
393 2455 445 2495 ξε.
490 2453 523 2485 N
527 2462 582 2484 am
598 2452 788 2484 reclamant
801 2462 856 2485 eo·
912 2457 969 2486 tur
984 2451 1191 2485 Nasidienus
1209 2451 1388 2483 venditare
1401 2450 1451 2482 sic
1466 2450 1617 2482 tenerio-

158 2503 267 2543 dicea,
281 2512 414 2535 necnon
431 2502 627 2535 Priscianus
643 2501 703 2535 lib.
720 2510 815 2534 xvu.
911 2511 966 2533 res
982 2500 1094 2533 factas
1110 2511 1185 2532 esse
1202 2501 1292 2532 illius
1312 2501 1387 2540 apri
1410 2509 1554 2539 carnes3
1578 2505 1616 2532 et

199 2555 221 2585 2
247 2552 347 2593 Hm]
370 2552 455 2590 Heri
470 2557 507 2584 et
528 2553 609 2584 here
624 2551 788 2584 dicebant
803 2561 858 2583 ve·
909 2551 1040 2584 frustra
1070 2556 1213 2584 excusat
1247 2550 1407 2582 foetorem
1437 2550 1615 2582 inductum

159 2607 271 2643 teres;
292 2607 332 2634 ut
353 2611 503 2644 vespere>
518 2606 556 2635 et
569 2602 719 2644 vesperi.
764 2602 859 2634 Pris-
911 2602 1156 2634 vehementiori
1171 2600 1291 2634 Austri
1305 2599 1408 2641 flatu;
1423 2610 1500 2633 cum
1514 2611 1616 2634 nares

159 2653 246 2688 cian.
261 2652 438 2685 juvenalis
455 2653 528 2685 Sat.
543 2662 602 2685 ιιι.
617 2656 649 2685 3.
911 2653 1131 2683 convivarum
1147 2661 1189 2683 eo
1208 2649 1479 2686 offenderentur.
1525 2652 1615 2685 Vide

202 2707 221 2735 3
244 2703 297 2737 De
324 2702 424 2742 medio
447 2706 557 2743 potare
591 2704 658 2746 die]
696 2705 859 2736 solennes
913 2711 954 2734 11.
969 2702 1044 2734 Sat.
1059 2704 1091 2734 2.
1105 2704 1162 2733 40.

159 2763 240 2795 ergo
257 2753 380 2796 epula»,
396 2763 472 2796 que
489 2758 560 2788 tam
579 2761 711 2786 mature
734 2755 861 2786 init-en·
955 2755 973 2784 7
1000 2754 1103 2784 Coenae
1128 2751 1236 2793 pater]
1279 2751 1434 2784 Convivii
1463 2750 1615 2784 Praefac-

159 2812 229 2844 tur,
245 2810 519 2843 contum,
529 2803 573 2837 de
588 2812 655 2845 quo
670 2805 764 2836 alibi.
797 2804 860 2838 Ju-
912 2808 992 2842 tus3
1017 2801 1107 2834 infra
1133 2807 1140 2820 ‘
1154 2801 1345 2844 parochus‚'
1368 2811 1492 2844 nempe
1518 2802 1615 2836 Nasi-

159 2856 271 2888 venal.
302 2857 376 2887 Sat.
406 2862 447 2886 ιι.
474 2856 529 2886 88.
551 2855 560 2871 ‘
576 2853 630 2886 Ad
655 2854 716 2887 has
741 2856 859 2898 epulas
913 2853 1047 2886 dienus.
