1890 3256
585 287 935 322 EPISTULARUM
970 291 1064 322 mn.
1098 293 1127 325 1.
1163 283 1207 323 4.
1342 315 1345 318 «
1507 284 1620 327 1093

166 382 322 425 Gratia
341 383 634 437 nequicquam
651 384 756 436 coit,
772 388 814 427 et
834 386 1095 427 rescinditur
1107 387 1127 427 Ἰ
1156 386 1234 436 At,
1252 400 1332 429 vos

167 449 256 490 Seu
277 449 445 490 calidus
463 450 655 503 sanguis,
674 463 752 492 seu
773 463 917 493 rerum
939 452 1115 494 inscitia
1135 458 1287 504 vexat,

166 515 388 558 Indomita
408 517 578 558 cervice
598 517 730 568 feros,
753 518 1022 572 ubicumque
1042 519 1242 561 locorum

164 580 344 632 vivitis,
365 583 532 636 indigni
551 583 789 626 fraternum
810 599 1014 639 rumpere
1033 580 1200 637 foedus,
1559 588 1619 629 35

165 648 370 691 Pascitur
386 651 433 692 in
453 654 645 693 vestrum
667 652 853 695 reditum
874 654 1026 696 votiva
1038 654 1247 708 juvenca.

164 758 246 790 tim.-
269 768 308 790 an
321 759 483 791 concordia
498 760 580 791 haud
601 761 674 792 bene
697 762 895 794 reconciliata
911 763 1100 794 dirimatur:
1122 773 1230 794 verum
1248 764 1314 795 sive
1319 763 1465 802 fervidus
1479 763 1620 802 sanguis,

162 801 228 832 sive
241 810 345 832 rerum
360 802 518 842 imperitia
534 813 588 834 vos
602 805 744 842 exagitat
770 805 873 836 animo
886 815 947 836 non
960 806 1084 837 erudito
1099 806 1233 836 immites
1245 818 1256 843 ,-
1275 806 1414 846 profecto
1429 816 1490 837 mm
1503 806 1622 838 debetis

163 843 520 881 «inficitiumsraternam
534 846 651 877 violare
660 857 671 876 .-
695 850 730 877 at
743 846 851 886 quavis
864 847 896 877 in
911 847 1038 886 regione
1059 849 1239 887 versamini,
1260 858 1318 887 ego
1335 852 1477 880 vestrum
1490 849 1524 880 in
1539 849 1621 880 redi-

163 889 229 917 tum
241 885 372 917 vitulam
385 897 477 927 pasco
490 887 567 918 Diis
581 898 622 919 ex
635 891 706 919 voto
720 889 969 930 sacrificandam.

775 971 1013 985 omum

161 1033 291 1067 riautes
308 1045 363 1075 ap.
381 1035 584 1067 Fame—32
607 1037 689 1068 Vat.
706 1036 808 1068 Rom.
824 1041 857 1069 9.
874 1040 905 1068 et
920 1047 970 1069 res
983 1037 1147 1069 scinditur.
1171 1037 1352 1069 Barberin.
1369 1041 1400 1070 2.
1415 1038 1539 1070 Sanad.
1555 1039 1623 1070 Cu·

162 1077 255 1117 niug.
273 1082 309 1108 et
323 1078 475 1117 Francis,
487 1089 523 1110 ac
537 1079 734 1110 rescinditur.
759 1081 839 1111 Vat.
856 1083 888 1111 2.
904 1081 984 1111 Vat.
1001 1081 1096 1111 Rom.
1110 1083 1140 1111 4.
1152 1081 1233 1111 Vat.
1245 1080 1360 1111 Palat.
1376 1084 1404 1111 1.
1423 1081 1571 1112 Cliisian.
1587 1087 1620 1114 5.

162 1121 195 1150 6.
220 1119 400 1151 Barberin.
418 1124 447 1151 1.
465 1131 484 1151 a
500 1131 544 1151 m.
563 1131 612 1160 pr.
627 1127 662 1152 et
678 1124 709 1152 2.
737 1131 756 1152 a
781 1131 825 1153 m.
851 1131 902 1162 pr.
921 1122 965 1153 At
983 1132 1059 1159 vos,-
1082 1129 1118 1154 et
1137 1127 1191 1154 est
1215 1123 1351 1163 vulgata
1374 1123 1446 1153 fere
1471 1124 1620 1155 omnium

163 1161 335 1193 editorum
351 1173 456 1204 usque
474 1163 516 1194 ad
533 1163 742 1200 Bentleium‚
757 1165 815 1204 qni
840 1165 992 1204 praetulit
1017 1165 1116 1196 aliam
1141 1165 1323 1196 lectionem
1347 1165 1449 1196 etiam
1475 1166 1620 1205 plurium

163 1202 265 1236 codd.
282 1205 375 1244 Feae,
389 1205 514 1245 Jaeck,
529 1211 566 1236 et
581 1207 737 1246 aliorum,
751 1207 800 1238 Ac
813 1217 888 1243 που
911 1207 1110 1238 continuans
1133 1208 1436 1247 interrogationem
1455 1217 1559 1249 usque
1576 1209 1619 1239 ad

154 1245 253 1284 seros.
299 1247 400 1278 luum
417 1253 607 1288 sequuntur
623 1248 708 1279 Cun.
726 1250 804 1281 San.
821 1248 957 1281 wakef.
974 1250 1117 1281 Wetzel.
1162 1249 1212 1281 At
1227 1250 1294 1281 alia
1311 1250 1412 1281 lectio
1428 1250 1531 1281 etiam
1549 1260 1619 1282 ma-

161 1287 212 1328 gis
226 1289 343 1329 placet
359 1290 513 1322 Gesnero
527 1302 534 1320 :
553 1291 630 1332 quia
647 1292 932 1322 vehementiorem
950 1297 1075 1323 motum
1092 1292 1207 1332 habet,
1224 1297 1259 1323 et
1275 1293 1407 1332 planior
1421 1302 1539 1324 sensus
1555 1299 1622 1324 est.

156 1330 209 1362 -Et
223 1341 278 1362 vos
292 1332 471 1364 Barberin.
488 1336 518 1364 1.
533 1336 564 1365 2.
583 1343 602 1364 a
617 1343 660 1364 m.
675 1343 744 1365 sec.
761 1341 797 1366 et
813 1335 1025 1366 Sanad.—33
1051 1335 1123 1366 Heu
1138 1345 1165 1366 c.
1181 1346 1207 1365 ε.
1221 1335 1280 1366 lieu
1295 1345 1400 1367 rerum
1425 1335 1522 1366 Harl.
1542 1337 1572 1366 1.
1588 1338 1621 1368 2.

163 1372 392 1406 Schoenborn.
408 1378 442 1406 2.
458 1378 486 1406 3.
504 1379 536 1407 4.
561 1377 712 1406 nonnulli
727 1387 782 1416 ap.
798 1377 917 1418 Fearn,
934 1378 1018 1408 Exc.
1032 1377 1113 1409 Sax.
1130 1378 1173 1409 al.
1193 1387 1249 1417 ap.
1273 1378 1432 1409 Torreut.
1456 1382 1492 1409 et
1514 1378 1621 1418 Cruq.

162 1415 305 1455 prefert
321 1417 569 1456 Zinzerliugius
586 1418 626 1448 ad
642 1419 718 1448 Val.
739 1420 827 1450 Flac.
847 1428 902 1450 ιιι.
919 1422 995 1450 232.
1018 1422 1121 1450 versat
1134 1419 1317 1460 Bamberg.
1333 1419 1567 1451 Sclioenborn.
1585 1422 1619 1451 2.

162 1459 193 1488 3.
205 1460 239 1490 4.
255 1463 292 1491 et
309 1459 388 1490 Vat.
406 1462 458 1490 18.
481 1460 563 1491 vid.
581 1469 625 1492 11.
641 1460 708 1492 Od.
724 1463 754 1492 9.
771 1464 802 1492 3.
832 1462 934 1498 seroe.
961 1461 1151 1502 Ubicumque
1164 1461 1251 1493 Bod.

825 1536 966 1567 NOTAE

159 1597 248 1630 Sunt
263 1599 321 1640 qui
338 1608 402 1630 non
418 1599 561 1630 fratrem
578 1599 662 1631 Julii
685 1599 786 1635 Flori,
802 1600 862 1630 sed
918 1609 996 1630 usus
1024 1604 1059 1630 et
1084 1599 1314 1640 experientia,
1340 1598 1472 1638 pariter
1487 1604 1523 1629 et
1539 1599 1619 1630 doc-

161 1647 362 1680 familiarem
385 1649 549 1680 duntaxat
573 1648 677 1680 fuisse
694 1649 862 1679 arbitren-
918 1651 1007 1681 trina
1023 1660 1164 1690 morum,
1182 1649 1533 1691 ejusmodijuveniles
1550 1659 1621 1680 mo-

161 1701 238 1728 tur:
264 1699 274 1716 ⁸
289 1696 416 1729 foedus’
440 1708 522 1730 vero
544 1699 553 1715 ‘
566 1697 753 1730 fraternum
764 1698 772 1712 ’
797 1699 863 1730 dici
917 1706 971 1731 tus
987 1701 1114 1741 placat,
1129 1705 1165 1731 et
1182 1699 1341 1731 cohibere
1353 1699 1454 1730 docet
1470 1698 1618 1731 animum

162 1756 261 1788 posse
277 1748 320 1779 de
337 1748 499 1780 amicitia.
854 1783 869 1790 ,
918 1756 1047 1782 temere
1066 1749 1360 1782 effervescentem.

202 1799 244 1828 83
272 1798 400 1830 calidus
414 1797 558 1838 sanguis]
595 1798 747 1829 Fervens
764 1799 796 1829 in
807 1798 862 1839 ju-
958 1803 1000 1832 36
1039 1801 1151 1832 Votica
1179 1798 1331 1839 juvenca]
1364 1798 1442 1830 Diis
1474 1803 1553 1830 vota
1583 1805 1618 1830 et

159 1851 314 1886 ventute,
331 1857 423 1888 saepe
440 1855 474 1879 et
491 1848 594 1879 facile
614 1843 782 1880 ebulliens
799 1850 861 1880 cir·
917 1851 1084 1891 promissa
1108 1860 1168 1891 pro
1193 1849 1284 1881 felici
1308 1849 1420 1880 reditu
1446 1853 1560 1880 vestro
1582 1856 1618 1881 et

159 1906 201 1929 cn
215 1907 289 1938 cor,
310 1899 462 1940 iramque
484 1898 614 1930 faciens
642 1907 678 1930 et
701 1899 861 1931 offensio·
915 1901 1160 1932 incolumitate.
1221 1899 1302 1930 Huc
1339 1898 1429 1930 forte
1467 1899 1617 1940 pertinet

159 1957 249 1979 nem.
293 1949 357 1979 Est
372 1949 406 1979 in
429 1948 697 1989 quibusd.codd.
722 1950 796 1981 Heu
810 1960 861 1981 cn-
914 1950 1018 1991 quod,
1038 1955 1074 1981 ut
1098 1949 1239 1989 Tragici
1267 1948 1409 1983 hircum,
1437 1949 1487 1980 ita
1502 1949 1616 1990 Lyrici

160 1999 244 2030 lidus
257 1999 398 2038 sariguis,
412 2000 469 2030 heu
482 2009 586 2030 rerum
601 2000 728 2032 inscitia
743 2001 861 2032 rescat!
915 1999 1059 2030 vitulum
1076 2009 1135 2030 seu
1147 1999 1333 2040 juvencum
1357 1997 1510 2030 solebant
1526 2009 1618 2031 mac-

204 2047 323 2080 Rerum
335 2048 462 2080 inscitia
472 2049 582 2089 vexat]
605 2050 734 2081 Contra
750 2059 860 2082 rerum
917 2055 1003 2082 tare.

675 2201 987 2244 EPlSTOLA
1018 2201 1104 2243 IV.

587 2303 653 2332 AD
687 2303 881 2332 AbBlUM
915 2300 1196 2331 TiBULuUM.

160 2380 328 2412 Tibullum
338 2380 487 2411 sodalem
501 2379 595 2410 suavi
608 2379 755 2420 alloquio
769 2380 900 2410 solatur
912 2382 1121 2409 moerentem.
1131 2376 1233 2407 Baxt.
1245 2374 1341 2416 (vid.
1351 2372 1392 2404 ad
1403 2376 1494 2405 vs.4.
1504 2371 1619 2412 Gesn.)

202 2433 349 2464 Videtur
370 2433 540 2464 Tibullum
565 2432 606 2463 ad
632 2442 706 2463 sese
732 2433 894 2463 invitasse
920 2430 1098 2462 Horatius.
1136 2429 1229 2462 Quid
1255 2428 1338 2468 agis,
1355 2425 1480 2467 inquit,
1503 2425 1618 2456 nunc?

203 2494 280 2516 num
297 2485 447 2517 carmina
462 2486 595 2526 scribis,
610 2495 651 2516 an
663 2485 923 2516 meditabundus
934 2482 1199 2525 philosopharis?
1245 2481 1350 2512 Certe
1367 2479 1427 2510 tibi
1444 2477 1615 2518 ingenium

204 2543 256 2568 est
281 2538 492 2578 praechrum,
519 2538 626 2569 forma
651 2539 803 2579 corporis
833 2538 983 2578 egregia,
1010 2537 1139 2568 divitiae
1167 2542 1352 2574 earumque
1382 2536 1498 2562 rectus
1528 2540 1619 2569 usus,

204 2590 327 2621 mentis
345 2589 535 2631 prudentia,
558 2590 720 2623 facundia
742 2591 920 2630 orationis,
936 2590 1047 2630 gratia
1070 2589 1161 2629 apud
1186 2586 1371 2628 principes,
1387 2582 1617 2625 gloria,firma

204 2642 377 2679 valetudo,
400 2642 533 2674 liabitas
555 2645 734 2685 cultusque
757 2645 836 2676 vitae
864 2642 1062 2684 splendidus
1087 2645 1124 2672 et
1146 2637 1354 2681 magnificus.
1399 2637 1516 2670 Quare
1539 2636 1616 2667 vive

206 2698 304 2727 laetus
327 2701 363 2728 et
387 2696 598 2737 tranquillus,
613 2702 662 2737 et,
678 2699 704 2728 si
729 2697 839 2729 ridere
859 2687 953 2735 velis,
975 2696 1046 2727 vise
1070 2704 1136 2734 me,
1159 2693 1216 2736 qui
1241 2698 1402 2733 tanquam
1428 2689 1617 2731 Epicureus

208 2754 324 2780 cutem
347 2757 443 2789 curo,
458 2749 522 2780 edo
543 2754 579 2781 et
593 2749 687 2791 bibo,
704 2761 767 2783 uec
790 2760 881 2783 curae
913 2749 989 2781 ullae
1017 2747 1119 2780 animi
1142 2746 1208 2778 mei
1228 2745 1368 2777 turbant
1392 2742 1616 2784 tranquillita-

207 2807 288 2834 tem.
