1890 3256
358 253 470 295 1096
827 271 870 308 ρ.
900 270 1108 301 ΗοιῑΑΊ-ιι
1142 272 1310 303 nnAccr

360 355 497 397 Grata
517 359 803 411 superveniet,
822 372 921 413 quae
942 373 1028 415 non
1047 363 1301 414 sperabitur,
1322 364 1440 406 hora.

359 421 436 461 Me
458 415 656 474 pinguem
675 428 718 464 et
735 425 914 472 nitidum
935 425 1043 466 bene
1063 432 1215 468 curata
1235 434 1333 482 cute
1354 432 1488 480 viseS,
1723 436 1778 477 15

358 485 466 526 Cum
487 487 625 528 ridere
647 490 783 537 voles,
806 489 985 542 Epicuri
1005 491 1058 532 de
1078 505 1203 544 grege
1225 507 1416 546 porcum.

357 603 500 634 ultimum
514 604 573 635 ribi
586 606 683 636 lucere
694 605 861 638 existimes.
906 608 960 638 Sic
974 608 1052 639 enim
1066 610 1237 648 jucundum
1259 614 1374 652 tempus
1392 615 1511 645 accedet
1534 602 1656 646 minime
1675 625 1777 655 speru-

357 648 435 675 tum.
481 647 572 676 Certe
585 656 632 676 me
647 647 730 678 succi
741 648 859 687 plenum
885 653 915 686 et
935 659 1057 690 corpore
1069 651 1193 690 egregie
1207 653 1288 683 culto
1297 655 1474 693 fulgentem
1486 657 1615 696 videbis,
1627 657 1730 694 immo,
1751 658 1780 688 si

349 684 454 722 jocari
465 687 551 723 velis,
562 697 646 718 suem
659 698 698 719 ex
709 689 786 720 ham
804 690 943 729 Epicuri.

960 772 998 784 θ’
1002 774 1195 788 0000000000

358 835 411 862 te·-
422 831 523 864 codd.
537 832 620 873 legit
633 834 732 864 etiam
745 835 843 866 Joau.
857 836 982 878 sarisb.
992 837 1155 869 Policrat.
1170 842 1354 871 ιι.20.-1ιι
1366 841 1586 872 Schoenborn.
1595 845 1627 872 4.
1639 852 1705 882 quae
1715 844 1779 883 spe-

356 873 489 912 rabitur,
504 874 575 905 sine
589 878 744 906 nom—15
759 877 986 909 Schoenborn.
999 881 1030 910 4.
1046 889 1065 910 a
1078 889 1120 910 m.
1135 889 1201 912 sec.
1216 881 1250 911 in
1263 882 1377 920 litura,
1391 886 1458 914 cute
1471 884 1648 914 vicem—16
1668 886 1677 901 ⁶
1691 885 1779 915 Mei·

357 913 446 945 bom.
461 915 502 945 ad
520 915 631 947 Laert.
647 925 683 947 x.
697 918 805 957 Segm.
824 922 896 950 132.
911 920 999 959 conj.
1020 922 1058 952 de
1080 931 1177 960 grege
1200 932 1335 962 parcum,
1353 933 1450 964 quem
1477 924 1591 955 laudat
1614 925 1778 956 Brucker.

359 954 448 986 Hist.
464 957 591 988 Philos.
608 959 685 989 Per.
702 968 740 989 n.
755 967 842 998 part.
858 963 887 990 l.
899 961 956 991 lib.
971 971 996 992 1.
1011 971 1084 1002 cap.
1098 966 1129 993 2.
1145 970 1229 994 sect.
1244 967 1274 995 1.
1288 966 1305 1004 ξ
1321 968 1352 996 3.
1378 966 1502 1005 oppido
1517 966 1648 1005 inscite,
1673 972 1709 998 et
1729 967 1779 998 in-

358 996 531 1036 sipienter.
575 999 706 1030 Praeter
722 1001 805 1030 Mss.
822 1011 946 1038 onmes,
963 1009 998 1033 et
1016 1004 1193 1044 editiones,
1207 1015 1329 1043 porcum
1344 1007 1443 1036 etiam
1459 1007 1592 1046 legebat
1603 1008 1641 1038 S.
1657 1008 1777 1039 Hiero-

357 1046 447 1110 ιιγὲιὲ.
465 1043 582 1111 ctlmtra
592 1041 706 1072 Jovin.
719 1050 760 1072 11.
778 1045 829 1072 12.
848 1048 927 1073 tom.
941 1052 981 1074 11.
996 1045 1058 1074 col.
1071 1047 1143 1075 342.
1159 1045 1242 1076 edit.
1255 1047 1379 1077 Veron.
1393 1054 1428 1077 et
1441 1056 1481 1078 eo
1493 1048 1669 1087 spectabat
1683 1058 1778 1090 aeque

357 1087 388 1109 c.
445 1081 465 1111 .'
505 1090 563 1112 ἐα.

1003 1137 1141 1169 NOTAE

401 1197 439 1226 14
465 1196 569 1227 Grata
577 1197 781 1238 superveniet]
799 1198 956 1230 Gratiora
966 1204 1044 1232 sunt
1096 1205 1176 1234 tem.
1213 1203 1283 1234 Cic.
1313 1203 1345 1233 in
1380 1202 1535 1235 Pisonem
1553 1213 1562 1233 ε
1599 1205 1610 1222 ‘
1633 1205 1779 1245 Epicure

358 1254 433 1284 qnae
450 1254 513 1275 non
530 1250 710 1285 expectata
730 1248 970 1288 superveniunt
987 1249 1043 1281 bo·
1095 1255 1208 1282 noster
1223 1260 1264 1283 ex
1278 1251 1358 1282 hara
1381 1252 1556 1292 producte,
1572 1262 1636 1284 non
1650 1264 1668 1284 e
1685 1255 1778 1286 scho-

359 1303 412 1332 na,
426 1294 658 1335 acceduntque
674 1297 856 1337 insperata.
1095 1299 1151 1331 la.¹
1173 1299 1272 1340 Apud
1288 1300 1409 1332 Athen.
1427 1309 1494 1333 vn.
1509 1305 1541 1334 6.
1556 1311 1620 1333 non
1637 1302 1779 1334 obscure

401 1346 438 1373 15
467 1343 519 1374 Me
536 1344 696 1385 pinguem]
723 1346 765 1376 Se
791 1346 896 1386 qualis
923 1356 1042 1388 reapse
1095 1349 1192 1386 dicit,
1207 1349 1266 1380 sed
1280 1350 1349 1380 alta
1365 1359 1446 1381 voce
1459 1350 1579 1381 elamat
1595 1350 1778 1391 Epicurus:

358 1396 431 1421 erat
458 1392 566 1432 pingit
589 1393 761 1434 Horatius,
791 1395 977 1436 chesnium,
1006 1401 1041 1427 et
1094 1398 1104 1415 ‘
1121 1398 1219 1430 Quod
1250 1399 1372 1430 bonum
1400 1399 1445 1430 sit
1476 1400 1604 1431 nullum
1635 1409 1779 1440 agnosco

357 1441 464 1471 cultus
476 1442 624 1481 corporis
636 1443 832 1474 studiosum.
1095 1451 1221 1487 praeter
1247 1448 1452 1486 voluptatem
1477 1457 1517 1478 ex
1543 1453 1643 1489 gustu
1665 1455 1700 1479 et
1713 1450 1779 1480 Ve-

401 1494 441 1522 16
463 1491 594 1531 Epicuri
607 1493 644 1522 de
661 1501 758 1532 grege
768 1493 905 1533 porcum]
927 1493 1041 1525 Abdo-
1094 1495 1198 1526 nere.’
1225 1496 1350 1526 Contra
1371 1501 1480 1527 tamen
1497 1497 1638 1528 sensisse
1655 1497 1779 1539 Epicu-

358 1540 437 1571 mini
452 1544 487 1571 et
511 1541 736 1581 voluptatibus
756 1543 844 1573 ultro
866 1542 1041 1583 indulgen·
1095 1553 1181 1583 rum,
1197 1543 1273 1575 vide
1290 1545 1322 1575 in
1340 1544 1420 1576 Not.
1438 1553 1476 1577 ιι.
1489 1545 1560 1577 Sat.
1576 1548 1607 1577 4.
1622 1545 1695 1578 init.

878 1703 1184 1744 EPISTOLA
1213 1703 1272 1745 V.

857 1812 922 1840 An
953 1811 1275 1849 TORQUATUM.

358 1884 519 1914 Manlium
541 1886 743 1925 Torquatum
761 1886 880 1917 invitat
896 1887 936 1916 ad
961 1897 1100 1918 coenam.
1115 1888 1216 1918 Baxt.
1260 1887 1414 1917 Mon-osus
1431 1895 1562 1926 prorsus
1576 1886 1619 1916 sit
1641 1895 1778 1917 necesse

397 1942 462 1973 est,
477 1938 530 1967 cui
547 1938 609 1967 hoc
634 1938 767 1968 Horatii
790 1939 979 1968 convivium
1002 1947 1066 1968 nou
1090 1939 1233 1978 placeat.
1277 1938 1397 1968 Vinum
1413 1938 1501 1968 enim
1517 1937 1604 1967 nand
1629 1943 1778 1968 coutem-

398 1989 558 2030 nendum,
575 1989 675 2031 idque
698 2000 764 2021 nou
788 1999 890 2029 parce
912 1991 1111 2030 apponitur-3
1135 1995 1189 2021 est
1211 1999 1296 2030 pura
1316 1995 1352 2021 et
1375 1990 1499 2020 munda
1519 1990 1683 2031 supellex,
1697 1995 1778 2020 tem-

399 2051 461 2082 pus
485 2047 724 2081 opportunum,
740 2052 909 2074 sermones
933 2042 1049 2082 faceti,
1064 2043 1215 2073 delectus
1237 2043 1452 2074 convivarum
1473 2041 1614 2073 fidorum
1635 2046 1672 2073 et
1694 2041 1778 2073 bene

399 2094 678 2126 convenientium.

359 2158 407 2198 S1
431 2163 555 2211 potes
579 2158 803 2200 Archiacis
825 2160 1011 2203 conviva
1031 2159 1280 2199 recumbere
1301 2157 1443 2207 lectis,

399 2262 436 2293 Si
455 2264 582 2294 conviva
597 2266 684 2303 potes
703 2263 875 2295 accumbere
895 2264 930 2295 in
951 2263 1030 2295 toris
1044 2264 1180 2297 vetustis,
1194 2272 1247 2294 nec
1267 2262 1412 2293 abhorres
1433 2262 1519 2292 edere
1539 2260 1664 2302 quodvis
1682 2260 1747 2291 olus
1762 2269 1778 2290 e

951 2347 1184 2360 menn-‘On

399 2399 552 2438 Epistola
565 2399 712 2431 secunda
728 2399 822 2430 Libri
835 2398 972 2430 secundi
993 2399 1026 2429 in
1042 2399 1104 2430 Ed.
1121 2397 1303 2430 Sanad.—1
1327 2395 1490 2428 Archiacis
1505 2395 1598 2426 multi
1611 2394 1707 2426 codd.
1722 2403 1778 2435 ap.

359 2443 475 2479 Feam,
488 2442 581 2472 Harl.
597 2445 625 2473 1.
641 2444 672 2472 3.
684 2444 716 2473 4.
729 2444 759 2472 6.
773 2444 804 2472 7.
819 2441 915 2473 Gott.
929 2442 1011 2471 Exc.
1025 2441 1101 2471 Sax.
1114 2440 1170 2471 alii
1182 2449 1236 2479 ap.
1249 2439 1361 2471 Lamb.
1378 2438 1486 2468 Pulm.
1501 2437 1655 2467 Tor-rent.
1672 2436 1778 2467 Gesn.

358 2484 483 2515 Valart.
499 2489 534 2514 et
563 2483 716 2514 Oberlin.
740 2483 820 2514 item
846 2482 923 2514 edd.
948 2482 1043 2514 Junt.
1065 2484 1159 2513 1503.
1181 2482 1319 2512 Venett.
1337 2481 1428 2510 1509.
1444 2481 1538 2527 1540.
1557 2481 1650 2510 1552.
1674 2477 1778 2526 Aldu.

359 2528 453 2556 1509.
479 2528 570 2556 1519.
593 2526 748 2556 Britann.
771 2527 865 2556 1520.
887 2524 1002 2554 Basill.
1020 2526 1114 2554 1527.
1131 2525 1225 2555 1531.
1248 2521 1335 2553 Frib.
1352 2524 1443 2551 1536.
1469 2522 1570 2551 Dion.
1592 2520 1634 2550 ab
1659 2519 1780 2550 Hau-sio

358 2567 468 2608 Lugd.
484 2570 578 2598 1538.
600 2567 644 2598 R.
671 2567 790 2608 Steph.
813 2566 946 2597 Fabric.
963 2564 1149 2596 defendunt
1168 2564 1315 2596 Tur-nel).
1330 2561 1474 2593 Advers.
1496 2570 1521 2593 1.
1536 2565 1586 2592 18.
1612 2561 1727 2592 Bentl.
1743 2565 1779 2592 et

1003 2636 1141 2669 NOTAE

402 2704 418 2733 1
434 2701 472 2732 Si
485 2702 586 2742 potes]
597 2702 632 2733 Si
651 2701 789 2743 frugalis
805 2706 841 2733 et
856 2701 965 2732 tenuis
976 2710 1043 2732 coe—
1138 2696 1314 2736 Archaicis]
1355 2696 1530 2737 Ἀρχαῒκὸς,
1564 2695 1779 2752 antiquitatem

359 2761 411 2783 nae
427 2756 608 2792 apparatus
624 2751 684 2783 tibi
700 2753 832 2792 placere
845 2755 971 2791 potest.
1096 2749 1242 2784 redolens,
1277 2747 1435 2787 antiquum
1466 2756 1590 2782 morem,
1622 2749 1777 2785 antiquam
