1904 3256
414 268 557 309 706>

870 284 914 319 Q.
947 267 1151 311 ΗΟΒΑΤΗ
1188 279 1357 310 FLAcm

524 370 766 412 Muricibus
783 371 925 423 Tyriis
945 371 1112 410 iteratae
1131 370 1286 411 vellera
1305 371 1418 412 lanae

578 436 659 476 Cui
677 436 1043 488 properabantur?
1100 435 1233 476 Tibi?
1293 436 1461 490 Nempe

521 503 594 543 Ne
612 503 722 541 foret
740 500 928 552 aequales
949 500 1061 541 inter
1080 501 1276 549 conviva,
1294 503 1432 555 magis
1451 513 1576 556 quem

579 565 786 617 Diligeret
805 565 957 605 mulier
977 578 1056 606 sua
1076 579 1207 618 quam
1228 570 1284 606 te.

520 631 559 671 Ο
582 643 659 682 ego
676 629 844 679 infelix,
864 642 994 682 quam
1014 634 1060 670 tu
1078 631 1207 683 fugis,
1226 636 1274 673 ut
1292 636 1422 685 pavet
1441 615 1585 674 acres*

1770 635 1826 676 25

574 694 703 747 Agna
721 695 862 748 lupos,
883 708 1138 750 capreaeque
1157 697 1319 739 leones.

410 821 471 851 Cui
484 830 552 852 cero
573 819 740 860 parabatur
758 822 830 853 lana
843 822 889 853 bis
910 823 1006 854 tincta
1023 832 1169 862 purpuroe
1187 823 1308 863 Tyrioe?
1351 824 1505 856 Nimirum
1520 823 1596 855 tibi.-
1616 827 1652 855 αἱ
1665 823 1766 855 nullus
1777 831 1824 853 es-

406 866 451 892 set
465 863 686 892 contubernalis
699 863 780 894 inter
793 863 900 903 socios,
922 874 1010 904 quem
1026 865 1095 903 plus
1108 869 1225 895 amaret
1239 874 1293 895 suu
1308 867 1427 905 mulier,
1447 876 1536 906 quam
1555 875 1610 905 ego
1633 869 1672 896 te.
1719 866 1747 896 Ο
1768 873 1823 903 ego

405 903 531 934 ininime
542 904 719 944 fortunata,
742 914 830 945 quam
851 909 886 937 tu
897 906 989 944 sugis
1009 915 1069 936 non
1091 915 1174 937 secus
1193 916 1228 938 ac
1250 905 1331 946 agua
1345 908 1430 948 lupos
1444 911 1474 939 et
1489 917 1580 948 capra
1594 908 1691 939 leones
1708 907 1824 938 validos

404 946 578 983 expavescit
585 943 600 976 ,Ι

1000 1007 1233 1021 ΟΜΝ-’0

405 1089 497 1111 rean.
511 1080 615 1120 agitas
624 1081 755 1117 fastidia
769 1082 964 1114 verbis.—22
990 1083 1050 1114 Cui
1061 1084 1303 1123 properabuntur
1317 1094 1399 1116 unus
1422 1085 1543 1116 Bland.
1559 1094 1612 1126 ap.
1627 1084 1822 1126 ctuquium,

405 1122 457 1151 cui
474 1131 536 1152 non
554 1122 807 1162 displicet—2⁵
832 1124 861 1154 Ο
883 1133 938 1162 ego
959 1134 1019 1154 non
1040 1125 1125 1160 felix
1149 1125 1230 1155 Exc.
1250 1126 1328 1157 Sax.
1346 1126 1442 1157 Gott.
1458 1126 1563 1157 Brod.
1585 1126 1681 1157 Harl.
1698 1129 1730 1158 1.
1744 1129 1774 1157 2.
1790 1130 1821 1158 3.

403 1165 434 1192 6.
459 1163 607 1194 Bentleii
623 1163 720 1197 codd.
734 1165 949 1196 vetustissimi
969 1165 1106 1196 Venett.
1127 1166 1266 1197 Mediol.
1290 1167 1440 1197 Floreut.
1454 1168 1534 1198 Vet.
1551 1168 1667 1198 Comb.
1683 1167 1824 1199 Locher.

402 1203 483 1234 Ald.
500 1204 630 1245 Gryph.
644 1205 760 1237 Lamb.
778 1206 879 1244 Cruq.
903 1206 1061 1237 Torrent.
1089 1206 1208 1238 Heius.
1231 1207 1348 1248 Steph.
1375 1209 1497 1248 Delph.
1522 1208 1631 1239 Bond.
1654 1208 1826 1242 Schrevei..

401 1244 517 1276 Bentl.
533 1247 674 1287 Cuniug.
687 1247 837 1287 Francis,
852 1246 984 1278 Wakef.
1000 1252 1035 1278 et
1050 1246 1153 1278 Kidd.
1202 1248 1232 1278 Ο
1245 1258 1300 1287 ego
1315 1250 1425 1287 infelix
1439 1249 1504 1280 duo
1523 1249 1622 1280 codd.
1644 1249 1823 1291 Torrentii,

401 1295 487 1318 unus
503 1287 652 1328 Canteri,
670 1289 768 1320 Harl.
781 1291 813 1320 4.
830 1293 865 1320 et
881 1290 1029 1320 nonnulli
1045 1289 1158 1320 Bentl.
1175 1293 1210 1320 et
1224 1289 1270 1321 sic
1286 1290 1339 1322 hic
1355 1301 1470 1322 versus
1485 1291 1610 1322 citatur
1624 1290 1772 1322 charisio
1787 1300 1821 1331 p.

402 1330 476 1360 131.
517 1329 637 1360 Servio
661 1330 703 1361 de
729 1331 863 1361 Ultimis
884 1331 965 1369 Syll.
982 1340 1016 1369 p.
1031 1333 1124 1360 1802.
1146 1335 1181 1361 et
1206 1330 1307 1362 Mart.
1333 1333 1462 1372 Capell.

1490 1341 1522 1371 p.
1538 1335 1591 1364 64.
1615 1333 1696 1363 item
1719 1333 1821 1364 Baxt.

400 1368 504 1400 Gesn.
520 1369 626 1401 zeun.
641 1371 779 1402 Mitsch.
795 1371 933 1411 Bipont.
954 1371 1096 1402 wetzel.
1112 1375 1148 1402 et
1164 1371 1279 1403 Comb.
1301 1382 1388 1412 quem
1401 1377 1436 1403 tu
1451 1373 1545 1412 sugis
1567 1373 1602 1404 iu
1623 1373 1822 1423 quibusdam

398 1418 454 1449 ap.
469 1410 630 1442 'ron-ent.

1042 1473 1075 1504 N
1080 1472 1181 1504 OTAE

438 1535 478 1564 21
502 1533 676 1564 Murio-ibus
702 1533 817 1574 Tyriis,
845 1535 913 1575 δμη]
934 1535 1007 1566 Tibi
1025 1545 1082 1575 pa-

397 1580 536 1611 rabatur
551 1590 626 1611 cum
647 1590 766 1621 magna
789 1591 880 1618 eura,
897 1583 1082 1623 diligentia,

395 1630 582 1668 celeritate,
597 1630 700 1661 vestis
718 1639 899 1670 purpurea,
911 1632 962 1663 bis
976 1632 1082 1664 tincta

396 1679 532 1710 muricis
560 1678 711 1719 pisciculi
738 1681 912 1720 sanguine,
934 1681 990 1722 qui
1017 1680 1082 1712 fre-

396 1736 502 1766 quens
525 1731 560 1758 et
583 1727 729 1767 optimus
752 1728 784 1758 in
803 1737 842 1759 ea
857 1730 956 1760 maris
972 1730 1083 1761 Medi·

397 1776 543 1806 terranei
558 1780 666 1815 parte,
677 1786 752 1816 quae
764 1778 979 1817 proxima-est
991 1780 1081 1820 Tyro

397 1824 470 1854 urbi
486 1825 678 1855 Pboeniciae.
722 1826 820 1858 Unde
835 1827 945 1867 Tyriae
957 1838 1081 1868 purpu-

394 1881 443 1903 rae
460 1872 641 1904 celebritas
664 1874 818 1905 maxima.
860 1875 912 1906 De
932 1885 1080 1916 purpura

1120 1535 1293 1576 ¹dibapha,
1315 1537 1450 1578 iterata,
1471 1547 1529 1569 seu
1553 1539 1675 1570 iterum
1701 1540 1821 1576 tincta.

1136 1593 1176 1615 11.
1191 1584 1258 1615 Od.
1276 1587 1328 1616 16.
1344 1589 1379 1616 et
1392 1588 1443 1616 18.
1487 1585 1540 1616 De
1551 1586 1640 1626 Tyro
1652 1587 1748 1627 urbe,
1763 1597 1820 1620 m.

1136 1631 1204 1663 Od.
1221 1635 1274 1664 29.
1295 1633 1329 1663 in
1349 1631 1425 1664 fine.
1470 1633 1557 1664 Vide
1582 1635 1628 1665 sis
1650 1635 1742 1667 Plin.
1766 1645 1819 1667 ix.

1135 1684 1188 1712 36.
1205 1681 1261 1712 ubi
1282 1681 1329 1712 sic
1352 1681 1474 1713 habet:
1500 1686 1509 1700 ¹
1523 1682 1670 1715 Murices
1696 1693 1822 1725 purpu-

1136 1741 1181 1763 rae
1195 1731 1324 1772 florem,
1338 1733 1507 1773 tingendis
1517 1735 1704 1774 expetitum
1718 1736 1820 1767 vesti·

1134 1780 1207 1818 bus,
1227 1781 1260 1811 in
1285 1781 1405 1813 mediis
1430 1783 1558 1815 habent
1579 1783 1754 1815 faucibus:
1779 1785 1819 1816 li·

1134 1838 1270 1869 quorem
1285 1829 1467 1874 pretiosum
1477 1831 1637 1871 nigrantis
1648 1841 1731 1863 rosae
1741 1832 1817 1863 sub-

1133 1878 1303 1909 lucentem
1321 1875 1459 1919 color'e,’
1470 1881 1532 1912 ὅτε.

943 2031 1071 2073 ODE
1120 2033 1275 2075 XIII.

958 2140 1024 2170 AD
1056 2141 1251 2172 AMICOS.

395 2221 446 2252 Ex
462 2223 635 2255 occasione
650 2224 810 2266 hybernae
822 2227 1036 2266 tempestatis
1049 2227 1209 2258 Horatius
1223 2227 1375 2259 hortatur
1390 2229 1520 2270 lepidos
1535 2229 1664 2262 sodales
1679 2231 1720 2263 ad
1732 2232 1813 2264 hila-

437 2274 521 2305 riter
543 2276 720 2318 agendum,
743 2282 843 2319 atque
864 2278 1067 2311 imminentis
1094 2279 1202 2311 civilis
1223 2279 1309 2311 belli
1320 2280 1446 2312 exitum
1464 2281 1535 2314 fato
1550 2283 1811 2324 permittendum

436 2331 560 2358 monet.

395 2387 634 2431 HoRmnA
654 2395 895 2446 tempestas
915 2394 1073 2434 coelum
1093 2395 1320 2444 contraxit,
1340 2398 1381 2435 et
1400 2395 1559 2436 imbres

453 2454 678 2510 Nivesque
699 2457 920 2499 deducunt
939 2458 1120 2511 Jovem;
1150 2471 1264 2499 nunc
1285 2472 1416 2510 mare,
1437 2473 1548 2502 nunc
1569 2462 1707 2516 syluae

437 2565 518 2597 Ater
530 2567 650 2598 nimbus
663 2568 791 2600 obduxit
804 2570 922 2610 coelum,
937 2572 967 2600 et
984 2569 1096 2610 pluvioe
1110 2570 1248 2610 nivesque
1262 2570 1423 2602 demittunt
1436 2571 1554 2603 Jovem.
1595 2572 1670 2604 Jum
1683 2583 1766 2606 mare
1779 2579 1810 2608 et

989 2651 1182 2665 ”l‘OOONO
1185 2653 1222 2665 06·

438 2699 513 2730 Ode
528 2701 656 2733 decima
678 2703 755 2735 libri
780 2704 918 2735 secundi
942 2705 975 2736 in
1001 2705 1064 2736 Ed.
1088 2705 1209 2738 Sanad.
1253 2706 1446 2747 Epigraphe
1470 2706 1504 2737 in
1521 2706 1618 2739 codd.
1633 2708 1809 2748 Torrenffi,

395 2741 447 2772 Ad
462 2741 584 2773 Amicos
601 2744 752 2782 Cornicen
777 2747 842 2787 vel,
856 2746 908 2777 Aa
925 2747 1170 2779 contubernales.
1212 2747 1299 2780 Vide
1315 2748 1357 2780 ad
1374 2748 1440 2780 od.
1454 2751 1565 2781 xi.—l
1591 2749 1719 2781 Torrida
1733 2753 1806 2782 tem-
