1904 3256
405 270 487 311 ’718
869 286 910 322 Q.
942 283 1143 314 nonA'rn
1178 282 1347 312 nacci

516 372 658 426 Impia
676 374 907 425 perdemus
927 373 1070 414 devoti
1093 374 1313 426 sanguinis
1332 377 1470 426 aetas3

572 439 782 489 Ferisque
802 450 950 477 rursus
971 439 1250 491 occupabitur
1269 439 1424 480 solum.
1486 461 1488 463 ·

515 503 750 551 Barbarus,
773 503 880 542 heu!
912 501 1080 544 cineres
1103 505 1276 544 insistet
1295 505 1447 555 victor,
1465 509 1510 546 et
1529 502 1695 547 Urbem

571 568 718 619 Eques
741 571 918 608 sonante
939 569 1180 610 verberabit
1198 571 1383 622 ungula3

517 632 715 684 Quaeque
737 637 884 672 carent
903 634 1044 674 ventis
1065 638 1109 674 et
1129 635 1310 684 solibus,
1332 648 1433 676 ossa
1456 635 1626 686 Quirini

568 696 731 751 (Nefas
751 696 917 752 videre)
935 699 1169 752 dissipabit
1187 700 1398 742 insolens!

516 762 663 811 Forte,
684 763 789 815 quid
808 765 1028 817 expediat,
1050 767 1347 817 communiter,
1368 771 1443 808 aut
1460 766 1611 808 melior
1629 778 1747 820 parS,
1766 767 1822 809 15

570 827 703 880 Malis
723 840 870 870 carere
893 831 1087 883 quaeritis
1107 830 1343 872 laboribus.

1765 442 1821 483 10

403 944 579 982 parentibus
594 942 788 975 execrabilis.-
809 943 925 975 scilicet
948 945 1024 975 hanc
1046 944 1303 985 pessumdabimus
1323 945 1383 985 ipsi
1400 956 1454 978 nos
1467 946 1602 978 homines
1619 945 1825 987 conscelerati,
1844 971 1847 974 -

405 996 530 1024 quorum
544 986 683 1016 addictus
697 989 742 1016 est
756 995 864 1016 cruor:
887 990 977 1025 atque
990 989 1074 1017 terro
1089 988 1152 1017 hoec
1170 997 1189 1017 α
1204 987 1309 1018 bestiis
1329 987 1438 1019 iterum
1454 989 1615 1020 tenebitur.
1658 989 1747 1020 Eheu
1760 989 1823 1020 vic—

403 1030 454 1056 tor
468 1027 613 1057 barbarus
626 1026 718 1057 stabit
740 1036 829 1066 super
841 1027 972 1065 favillas
993 1028 1090 1066 urbis,
1108 1032 1137 1059 et
1159 1038 1300 1067 equorum
1319 1029 1444 1068 pedibus
1455 1029 1658 1070 strepentibus
1670 1030 1822 1061 conculca-

405 1068 461 1098 bit.
510 1069 560 1107 Et,
573 1070 650 1109 quod
663 1069 842 1098 horrendum
857 1069 935 1106 visu,
949 1078 1018 1099 ossa
1035 1069 1157 1100 Romuli
1170 1070 1242 1099 solis
1255 1079 1291 1100 ac
1303 1071 1387 1102 venti
1400 1071 1538 1110 expertia
1551 1072 1706 1112 disperget
1719 1080 1823 1112 super-

404 1108 468 1141 bus.
513 1110 658 1141 Fortasse
675 1109 810 1140 universi
829 1110 875 1140 vel
894 1119 965 1150 pars
986 1110 1082 1148 παύω·
1100 1110 1340 1149 interrogabitis,
1361 1112 1434 1151 quid
1453 1112 1528 1144 utile
1547 1113 1590 1144 sit
1608 1113 1648 1144 ad
1666 1112 1825 1144 evitandae

998 1201 1230 1215 “mum“

405 1254 640 1295 sruquii.—l⁴1
664 1257 791 1289 Omnes
806 1256 902 1288 codd.
918 1257 1096 1296 Torrentii,
1113 1261 1256 1298 quatuor
1272 1256 1415 1288 Blandd.
1438 1257 1566 1289 Buslid.
1582 1257 1663 1290 Div.
1677 1261 1714 1290 et
1726 1258 1824 1290 Com·

404 1302 573 1328 mentator
594 1308 648 1339 ap.
672 1299 774 1340 Cruq.
799 1299 898 1335 Nefas
918 1299 1032 1337 rideri,
1055 1299 1143 1339 quod
1167 1299 1245 1339 quia
1266 1299 1412 1330 laedebat
1433 1304 1577 1331 metrum
1607 1300 1686 1339 Jure
1709 1300 1824 1341 displi-

404 1338 475 1368 cuit
491 1339 671 1371 Glareano.
718 1340 772 1371 Ita
789 1345 901 1370 tamen
923 1340 1031 1371 edidit
1046 1340 1304 1380 &nquius—15
1327 1340 1433 1372 Janus
1450 1340 1647 1381 Rutgersius
1662 1341 1697 1372 iu
1712 1341 1826 1373 Venu-

403 1379 482 1408 sinis
508 1380 723 1411 Lectionibus
751 1382 782 1411 h.
796 1382 819 1411 l.
841 1381 1072 1418 corrigendum
1097 1391 1169 1411 esse
1194 1382 1407 1420 pronuntiat:
1431 1382 1526 1412 Forte
1547 1382 1561 1422 (
1584 1383 1644 1412 uod
1663 1382 1824 1422 expediat)

402 1421 611 1459 communiter,
625 1424 678 1451 aul
693 1422 800 1453 melior
811 1431 886 1460 pars
900 1422 997 1452 Malis
1010 1431 1112 1454 carere
1126 1422 1264 1461 quaeritis
1278 1422 1450 1453 laboribus?
1483 1392 1583 1455 Quod
1597 1422 1646 1453 sic
1661 1423 1824 1463 explicat:

403 1461 558 1492 Fortasse
575 1462 626 1492 vel
641 1463 874 1501 communiter,
888 1462 993 1502 (quod
1005 1463 1165 1502 optimum
1182 1463 1314 1503 quidem
1330 1462 1433 1503 erat‚)
1444 1463 1509 1503 vel,
1523 1463 1549 1494 si
1566 1462 1599 1494 id
1617 1473 1681 1494 non
1698 1469 1826 1504 potest,

402 1503 519 1533 melior
534 1504 650 1534 saltem
669 1513 757 1543 pars,
773 1503 943 1534 laboribus
959 1513 1076 1534 carere
1088 1504 1254 1545 quaeritis?
1298 1506 1307 1522 ‘
1324 1503 1428 1545 Atqui
1445 1514 1484 1535 eo
1499 1513 1597 1535 sensu
1612 1506 1751 1545 expediet
1766 1514 1824 1546 po·

404 1543 469 1574 tius
485 1543 664 1575 dicendum
681 1543 782 1583 foret,
797 1554 895 1585 quam
911 1546 1066 1585 expediat.
1111 1545 1183 1576 Nos
1199 1545 1466 1576 emendationem
1488 1546 1592 1586 ipsam
1608 1546 1677 1576 viro
1693 1547 1825 1587 elegan-

404 1585 533 1615 tissimo
549 1586 696 1616 lubenter
710 1591 886 1625 acceptam
905 1585 1099 1616 referimus:
1124 1586 1181 1616 sed
1198 1590 1313 1616 nostra
1327 1590 1362 1617 et
1375 1595 1462 1617 nova
1477 1587 1754 1626 interpretatione
1767 1588 1827 1619 do·

403 1631 516 1667 natam
531 1627 760 1667 proponimus.
781 1627 837 1658 Sic
847 1627 934 1658 enim
948 1627 1152 1667 precationis
1168 1636 1266 1658 sensu
1278 1627 1381 1659 verba
1395 1628 1582 1660 enarranda
1595 1632 1696 1660 suut:
1713 1629 1830 1671 Forte,

1046 1706 1184 1738 NOTAE

403 1771 441 1797 ut
455 1766 535 1798 nihil
550 1768 653 1808 magis
670 1769 783 1801 Romae
803 1779 902 1810 quam
919 1767 1089 1800 Hannibal

404 1816 598 1847 timeretur:
634 1817 722 1848 unde
751 1818 908 1858 proverb.
936 1818 1087 1849 ‘Hanni-

402 1863 455 1894 ba!
473 1864 514 1894 ad
532 1865 669 1903 portas,’
693 1866 734 1897 ad
758 1866 1007 1905 significandum
1030 1876 1088 1897 ex-

1141 1775 1262 1802 cantur
1289 1769 1383 1802 ferae.
1437 1770 1559 1812 Virgil.
1585 1769 1716 1802 AEneid.
1742 1780 1826 1803 vm.

1142 1818 1152 1835 ‘
1174 1818 1367 1858 Capitolia:
1394 1818 1515 1859 iuquit,
1547 1818 1558 1836 ‘
1578 1818 1689 1850 Aurea
1723 1827 1826 1858 nunc,

1140 1866 1217 1896 olim
1233 1866 1450 1906 sylvestribus
1460 1867 1596 1898 horrida
1607 1867 1737 1899 dumis.’
1780 1867 1827 1899 Et

405 1918 547 1943 tremum
584 1914 725 1953 quodvis
765 1916 960 1954 periculum.
1002 1915 1088 1945 Vide

402 1961 477 1992 Liv.
493 1961 570 1992 Val.
587 1961 679 1992 Max.
696 1971 745 1993 rx.
759 1965 790 1994 4.
810 1962 984 1995 Plutarch.
1003 1962 1089 1994 Flor.

403 2012 467 2040 διο.
483 2013 517 2041 et
533 2019 608 2050 quae
624 2019 681 2041 nos
697 2019 738 2041 11.
764 2010 832 2042 Od.
847 2014 898 2043 12.
916 2012 1088 2043 annotavi-

403 2067 486 2088 mns-

445 2109 465 2136 9
501 2106 615 2138 Devoti
645 2107 804 2146 sanguinis
833 2108 925 2148 aetos]
961 2108 1088 2140 Noster

403 2155 491 2186 onim
527 2157 673 2196 sanguis,
712 2166 819 2198 sacer,
855 2158 1020 2197 addictus,
1055 2162 1092 2188 et

404 2205 592 2236 destinatus
630 2206 765 2238 videtur
805 2217 878 2238 esse
913 2208 1087 2248 placaudae

403 2254 461 2284 irae
502 2253 706 2286 Nominum:
735 2258 744 2273 ‘
763 2256 925 2297 majorum
963 2256 1089 2288 delicta

405 2303 559 2333 immeriti
577 2303 705 2334 luemus
720 2304 742 2334 :’
765 2306 901 2346 quippe,
919 2310 956 2336 ut
969 2305 1017 2337 ait
1035 2315 1088 2336 su·-

404 2360 463 2391 pra
479 2351 584 2391 Epod.
600 2361 664 2383 vn.
682 2353 692 2370 ‘
705 2353 826 2384 acerba
836 2353 908 2385 fata
921 2355 1087 2386 Romanos

406 2404 522 2439 agunt,
537 2399 717 2441 Scelusque
737 2400 894 2432 frateruae
920 2402 1023 2440 necis,
1039 2403 1088 2433 Ut

407 2449 611 2479 immerentis
640 2448 738 2480 fluxit
767 2449 800 2480 in
835 2454 958 2492 terram
990 2450 1087 2481 Remi

405 2497 506 2528 Sacer
542 2497 718 2538 nepotibus
753 2498 875 2530 cruor.¹
927 2498 1014 2530 Vide
1039 2498 1086 2530 ibi

407 2547 490 2577 Not.

449 2598 488 2626 10
511 2595 658 2635 Ferisque
685 2604 793 2627 rursus
819 2595 1012 2636 occupabitur
1038 2605 1087 2627 so-

405 2642 482 2681 lnm]
518 2643 643 2674 Diruta
672 2643 765 2680 urbe,
793 2645 930 2685 antiqua
954 2644 1000 2675 ibi
1023 2644 1089 2675 erit

407 2692 563 2731 solitudo,
579 2692 724 2733 virgulta
738 2697 773 2724 et
783 2694 886 2733 sylvae
899 2697 1086 2732 nascentur,

405 2739 440 2770 in
456 2739 632 2781 quibus,ut
642 2741 731 2783 olim,
742 2742 952 2774 stabulentur
966 2746 1001 2775 et
1013 2751 1087 2783 pas-

1035 2881 1051 2899 0

1141 1917 1240 1952 antea
1254 1914 1375 1945 ibidem
1389 1925 1396 1943 :
1421 1918 1430 1932 ‘
1443 1915 1529 1946 Haec
1545 1925 1680 1947 nemora
1696 1915 1825 1956 indige·

1139 1970 1189 1992 nae
1204 1962 1310 1993 Fauni
1323 1962 1556 2004 Nymphaeque
1571 1963 1754 1996 tenebant:

1181 2013 1218 2042 11
1245 2012 1405 2043 Barbarus
1418 2013 1532 2053 victor]
1545 2013 1705 2045 Barbaris
1721 2023 1825 2055 popu-

1137 2061 1177 2092 lis
1194 2061 1400 2102 quibuslibet
1412 2063 1518 2094 Roma
1533 2064 1600 2096 erit
1614 2065 1648 2095 in
1663 2063 1826 2105 direptio-

1138 2119 1226 2150 nem,
1255 2111 1416 2152 praedam,
1443 2116 1479 2143 et
1505 2112 1696 2144 ludibrium.
1741 2114 1826 2145 Sunt

1139 2159 1194 2200 qui
1211 2159 1315 2190 velint
1330 2159 1403 2191 haec
1418 2160 1460 2191 ab
1476 2160 1618 2193 Horatio
1633 2160 1711 2201 dici,
1734 2162 1825 2203 quod

1139 2208 1171 2238 in
1187 2208 1391 2239 exercitibus
1406 2208 1550 2249 Augusti
1567 2214 1668 2250 atque
1683 2209 1825 2241 Antonii

1140 2256 1323 2287 militarent
1347 2256 1480 2288 barbari
1501 2258 1686 2299 complures
1700 2258 1734 2288 in
1749 2259 1824 2290 sub-

1141 2305 1262 2336 sidium
1279 2305 1401 2336 vocati.

1183 2357 1222 2385 13
1247 2354 1382 2394 Quoeque
1395 2358 1500 2385 carent
1511 2356 1622 2396 ventis,
1634 2355 1705 2396 ξω]
1738 2355 1826 2387 Ossa

1141 2403 1272 2433 Romuli
1306 2403 1456 2443 sepulcro
1489 2403 1638 2442 condita,
1674 2403 1825 2445 adeoque

1139 2460 1202 2482 nec
1216 2455 1318 2493 vento
1339 2455 1503 2482 commota
1517 2460 1580 2482 nec
1603 2452 1672 2483 sole
1694 2451 1825 2493 adusta,

1140 2500 1294 2531 extrahet
1310 2500 1416 2531 victor
1437 2500 1580 2531 insolens
1595 2504 1630 2531 et
1647 2499 1826 2541 dissipabit

1139 2548 1253 2589 impie.
1295 2549 1379 2580 Erat
1390 2548 1501 2589 opinio
1516 2548 1735 2590 quorundam,
1750 2559 1826 2591 rap-

1140 2602 1209 2629 tum
1219 2597 1253 2628 in
1265 2598 1365 2629 coelos
1377 2598 1552 2629 Romulum
1563 2606 1655 2629 esse:
1669 2598 1725 2629 alii
1734 2607 1827 2639 vero,

1141 2655 1214 2676 cum
1242 2646 1405 2685 Varrone,
1435 2646 1628 2678 asserebant
1656 2647 1824 2688 sepultum

1140 2694 1254 2725 Romae
1279 2700 1356 2734 post
1379 2695 1514 2737 Rostra,
1537 2696 1589 2728 vel
1611 2695 1645 2728 in
1665 2705 1724 2728 suo
1741 2700 1824 2731 tem-

1140 2742 1206 2781 plo.
