1904 3256
751 318 793 354 Q.
831 317 1035 346 HORATll
1071 314 1239 345 FLAGCI

510 408 669 448 Miscet
687 420 855 456 numen,
878 408 941 448 uti
962 406 1135 447 Graecia
1156 405 1348 447 Castoris
1649 405 1705 445 35

674 472 728 511 Et
748 473 889 523 magni
910 483 1070 511 memor
1098 470 1316 511 Herculis.

506 537 678 589 Longas
699 550 725 577 o
746 537 924 583 utinam,
945 536 1034 576 dux
1061 536 1188 585 bone,
1209 535 1336 576 ferias

504 602 695 642 Praestes
717 602 963 654 Hesperiae,
984 601 1166 642 dicimus
1185 601 1347 652 integro

506 667 624 707 Sicci
644 679 767 707 mane
787 667 874 716 die,
894 668 1076 707 dicimus
1095 666 1226 715 uvidi,

680 732 786 773 Cum
808 733 878 773 sol
899 733 1077 773 Oceano
1099 733 1263 773 subest.
1646 732 1702 772 40

283 845 390 867 numen
404 840 488 867 ticum
500 834 642 875 adjungit
656 837 809 873 Lar-ibim,-
824 838 1071 877 quemadmodum
1089 838 1212 868 Graecia
1230 837 1368 868 Castoris
1383 839 1414 867 et
1423 836 1528 875 magni
1544 834 1702 874 Herculis,

283 887 358 916 erga
383 879 451 908 illos
469 880 574 916 grata.
620 879 648 908 0
663 879 792 914 utinam,
808 879 880 909 bone
900 879 1059 918 Princeps,
1077 879 1180 909 Italiae
1192 880 1283 909 dones
1296 877 1396 916 festos
1417 879 1586 908 diuturnos.
1631 875 1702 906 Hoc

281 927 440 990 ιὸἷέἑιὲιὲω·
453 919 548 951 sobrii
559 920 658 959 primo
680 920 830 951 diluculo:
845 921 898 950 hoc
913 924 943 951 et
957 921 1122 959 repetimus
1135 921 1207 951 bene
1221 920 1299 961 poti,
1313 921 1431 959 quando
1446 919 1501 950 Sol
1520 917 1630 950 occidit
1648 915 1703 947 :ab

874 1011 1029 1023 eeeoeoee
1033 1003 1108 1023 oee‘e

283 1072 398 1104 Hunn.
414 1079 448 1105 et
465 1075 638 1106 Gemblac.
658 1079 685 1107 l.
714 1077 809 1106 Fran.
834 1077 934 1107 Dess.
949 1079 980 1108 2.
1002 1077 1145 1108 Helmst.
1163 1076 1254 1116 Lips.
1270 1078 1301 1106 3.
1332 1075 1470 1107 Locher.
1487 1074 1609 1104 Venet.
1623 1071 1703 1102 Vet.

283 1114 400 1146 Comb.
419 1119 511 1147 1492.
549 1118 687 1148 Ascens.
703 1118 818 1148 Basili.
835 1119 990 1158 Rutgers.
1014 1118 1023 1134 ‘
1038 1118 1104 1149 Sed
1126 1118 1267 1148 alienum
1284 1117 1326 1147 ab
1341 1117 1372 1147 h.
1387 1118 1410 1147 l.
1426 1117 1488 1147 hoc
1505 1115 1654 1150 verbum,
1668 1119 1704 1143 et

283 1157 410 1187 rectius
426 1158 534 1188 ceteri
549 1159 633 1188 Mss.
649 1162 684 1189 et
699 1158 775 1187 edd.
792 1158 931 1195 Defuso!
953 1158 1042 1190 Jani.
1091 1158 1207 1196 Desuso
1222 1158 1322 1188 etiam
1338 1158 1435 1188 Harl.
1452 1160 1480 1188 1.
1494 1160 1525 1187 2.
1538 1159 1567 1186 3.
1583 1158 1614 1186 4.
1631 1157 1661 1184 5.
1672 1156 1702 1183 6.

281 1200 316 1226 et
331 1197 408 1228 edd.
425 1203 568 1229 recentt.
585 1204 620 1229 et
635 1199 683 1229 ita
700 1199 777 1229 Nic.
792 1199 952 1229 Heinsius
968 1200 1010 1230 ad
1026 1199 1126 1231 Ovid.
1144 1200 1232 1230 Fast.
1250 1208 1290 1229 11.
1306 1201 1464 1229 637.—35
1487 1199 1701 1229 Commenta-

282 1241 336 1267 tor
353 1238 490 1278 Cruquii
504 1249 621 1279 nomen,
637 1243 672 1269 et
689 1239 737 1268 sic
755 1239 943 1270 Helmstad.
960 1250 980 1270 a
994 1249 1038 1270 m.
1055 1249 1104 1278 pr.
1125 1244 1160 1270 et
1183 1240 1279 1278 pauci
1305 1239 1372 1269 alii.
1415 1238 1495 1269 Vid.
1513 1237 1701 1268 Brouklms.

281 1278 322 1308 ad
339 1279 497 1317 Propert.
512 1283 556 1319 Vp.
573 1282 627 1310 81.
672 1280 727 1310 Sic
748 1284 784 1310 et
805 1280 940 1310 volebat
962 1280 999 1311 T.
1016 1279 1138 1319 Faber,
1164 1279 1330 1319 probante
1346 1280 1468 1310 Ducer.
1514 1279 1524 1296 ‘
1539 1277 1606 1308 Sed
1627 1284 1703 1307 cum

282 1320 443 1358 praeclare
459 1320 559 1351 habet
572 1330 693 1356 numen,
710 1325 778 1350 tum
799 1321 994 1351 concinnior
1017 1321 1118 1351 etiam
1134 1325 1185 1351 est
1208 1321 1324 1359 dictio,
1345 1321 1457 1350 Miscet
1471 1319 1606 1350 Laribus
1619 1321 1705 1348 tuum

280 1369 390 1391 numen
420 1371 517 1399 quam
532 1372 540 1391 ε
573 1361 687 1391 Miscet
715 1361 849 1390 Laribus
873 1364 959 1390 tuum
989 1371 1107 1399 nomen,
1139 1365 1175 1391 ut
1205 1362 1276 1400 jam
1307 1361 1388 1390 vidit
1417 1359 1550 1391 Sam-d!
1571 1359 1703 1389 dani.—

281 1403 322 1431 ³⁷
347 1401 443 1431 Harl.
468 1404 498 1431 1.
520 1404 551 1431 2.
578 1401 644 1431 duo
670 1401 880 1439 Bersmanni,
901 1401 1050 1432 Bentleii
1067 1402 1182 1432 Graev.
1198 1402 1319 1441 Regin.
1333 1401 1471 1440 Vigorn.
1487 1406 1523 1432 et
1549 1401 1649 1431 Dess.
1669 1401 1701 1429 2.

279 1451 336 1471 rex
351 1442 434 1474 bone.
467 1445 476 1459 ‘
493 1442 592 1474 Quod
609 1442 772 1482 quomodo
789 1443 945 1473 Bentleio
962 1443 1009 1473 sic
1026 1443 1158 1483 placere
1175 1443 1335 1482 potuerit,
1349 1451 1412 1473 non
1430 1441 1602 1483 percipio!
1616 1439 1708 1475 danii

281 1485 365 1513 -39
387 1483 478 1523 Lips.
494 1485 524 1514 3.
547 1483 645 1514 invidi
660 1493 720 1523 pro
734 1483 833 1514 uvidi.
875 1483 953 1514 vid.
969 1485 1049 1514 Var.
1063 1484 1172 1515 Lecti.
1186 1483 1228 1514 ad
1245 1493 1291 1515 vs.
1306 1486 1337 1515 9.

928 1566 1063 1598 NOTAE

279 1631 480 1658 venerantur
503 1632 540 1658 ut
557 1636 678 1658 numen
694 1628 827 1668 aliquod
844 1629 963 1659 Roma-

277 1676 328 1705 nis
355 1675 454 1706 rebus
481 1675 676 1715 propitium.
719 1676 796 1707 Non
820 1676 963 1707 absurde

280 1724 398 1763 legunt
413 1723 692 1763 quidam‚·nomen.

319 1773 361 1802 36
382 1771 516 1810 Memor]
552 1770 778 1810 Acceptorum
807 1771 966 1803 videlicet

279 1819 322 1850 ab
337 1819 387 1850 eis
403 1819 655 1850 beneficiorum.
694 1818 860 1850 Hercules
877 1820 963 1850 enim

279 1878 300 1899 a
315 1868 473 1899 monstris
488 1872 524 1898 et
536 1867 607 1898 aliis
622 1868 841 1899 incommodis
858 1869 965 1899 vindi-

278 1918 369 1949 cavit
391 1918 513 1948 multas
530 1926 568 1948 ac
589 1917 735 1948 diversas
755 1917 898 1949 Graeciae
913 1927 964 1948 re-

278 1967 406 2007 giones.
452 1967 572 1998 Castor
587 1970 697 1998 autem
715 1970 750 1996 et
765 1966 886 1996 Pollux
899 1976 965 1997 ma-

279 2015 307 2045 ri
331 2015 458 2054 piratas
482 2019 683 2054 exegerunt,
704 2014 963 2054 navigationem-

279 2073 344 2105 que
373 2065 449 2095 ideo
476 2065 598 2104 juvare
635 2069 792 2105 tanquam
829 2065 965 2095 numina

279 2113 432 2152 quaedam
447 2114 589 2152 benigna
601 2113 783 2144 existimati
794 2118 871 2144 sunt
884 2123 893 2151 ;
905 2114 964 2143 im-

279 2169 332 2191 mo
349 2161 441 2191 velut
457 2161 556 2190 maris
572 2160 631 2192 Dii
647 2161 812 2199 coluntur,
827 2163 891 2191 διο.

320 2212 360 2240 37
385 2209 505 2248 Ferias]
534 2209 614 2240 Dies
642 2210 747 2240 festos
779 2210 964 2250 laetosque;

1017 1629 1209 1660 diuturnum
1226 1629 1342 1668 otium,
1359 1628 1570 1660 securitatem
1582 1637 1702 1669 perpe-

1018 1681 1120 1708 tuam.

1059 1729 1100 1756 38
1123 1725 1299 1765 Hesperioe]
1321 1724 1422 1756 ltalia
1449 1725 1497 1757 sic
1521 1725 1703 1766 appellata.

1017 1773 1104 1804 Vide
1119 1782 1144 1803 1.
1163 1773 1231 1803 Od.
1253 1775 1305 1804 28.
1327 1773 1395 1811 ubi,
1418 1771 1598 1806 ‘fluctibus
1615 1773 1701 1804 Hes-

1017 1820 1142 1860 periis-¹
1186 1821 1226 1851 Et
1242 1830 1282 1852 11.
1300 1821 1367 1852 Od.
1385 1824 1413 1852 1.
1430 1822 1490 1852 sub
1505 1821 1618 1860 finem,
1632 1821 1701 1860 ubi,

1016 1870 1026 1886 ‘
1040 1869 1216 1908 Hesperiae
1232 1870 1376 1901 sonitum
1394 1870 1521 1901 ruinaess
1559 1870 1702 1901 Necnon

1018 1927 1041 1948 Ι.
1056 1917 1122 1948 Od.
1137 1921 1189 1948 36.
1206 1921 1236 1949 4.

1060 1966 1202 2006 Integre]
1222 1966 1368 1997 Vixdum
1379 1967 1538 2008 incoepto.

1059 2017 1100 2045 39
1123 2014 1220 2054 Sicci]
1245 2014 1369 2053 Sobrii,
1385 2015 1680 2056 abstemii,jejuni.

1063 2063 1169 2102 Uvz'dz‘]
1190 2063 1278 2093 Vino
1295 2062 1434 2104 perfusi,
1448 2064 1585 2095 coenati.

1059 2113 1099 2141 40
1125 2112 1202 2141 Cum
1229 2112 1274 2141 sol
1312 2111 1430 2142 Oceano
1458 2110 1575 2151 subest]
1613 2111 1700 2143 Nam

1019 2165 1150 2190 veteres
1166 2169 1293 2190 coenam
1318 2160 1547 2200 producebant
1562 2161 1602 2191 ad
1619 2161 1702 2191 mul-

1019 2215 1086 2239 tam
1103 2215 1248 2239 noctem.

866 2342 993 2383 ODE
1037 2343 1118 2383 VI.
1151 2361 1160 2367 -

793 2439 857 2468 AD
890 2440 1195 2469 APOLLlNEM.

279 2513 427 2556 Apollini
445 2513 578 2544 tutelari
596 2513 736 2552 Augusti
752 2514 879 2544 numini
895 2514 1062 2554 Hymnum
1083 2515 1174 2545 canit
1195 2514 1238 2544 ob
1261 2514 1411 2544 devictos
1427 2513 1569 2546 Actiaca
1586 2523 1697 2555 pugna

321 2563 503 2595 Antonium
519 2567 555 2595 et
570 2565 795 2604 Cleopatram,
808 2574 890 2605 quos
907 2565 1032 2596 Niobes
1050 2570 1084 2596 et
1104 2565 1241 2596 Achillis
1260 2565 1445 2596 nominibus
1461 2565 1581 2596 callide
1597 2567 1698 2597 obve-

320 2615 380 2645 lat.
423 2615 583 2646 Saeculari
600 2616 744 2647 Carmini
761 2617 848 2648 viam
871 2619 1006 2649 sternit.
1049 2617 1117 2658 (De
1140 2617 1277 2656 Dilogia
1299 2617 1353 2648 illa
1368 2627 1395 2648 s.
1412 2617 1583 2657 Allegoria
1606 2617 1700 2651 vide-

286 2695 289 2698 ,
320 2666 388 2696 rint
398 2675 510 2697 manes
524 2668 731 2700 Baxteriani.
754 2669 836 2699 Mihi
849 2669 896 2700 sic
910 2669 1066 2704 videtur„
1085 2669 1192 2700 Priori
1205 2674 1300 2709 parte
1315 2669 1412 2702 adn.
1425 2671 1478 2700 28,
1491 2673 1526 2700 et
1537 2669 1647 2708 ipsum
1659 2678 1696 2700 se

319 2717 483 2755 Poeta,et
495 2719 655 2757 patrimos
665 2721 900 2760 mati-imosque
912 2730 1031 2760 pueros
1041 2724 1076 2751 et
1087 2721 1227 2760 puellas,
1237 2730 1317 2761 quos
1325 2720 1364 2751 ad
1377 2720 1519 2751 Carmen
1529 2720 1697 2752 Saeculnre

320 2778 401 2800 voce
417 2773 451 2799 et
465 2773 562 2809 gestu
579 2769 663 2801 benc
679 2772 932 2811 exprimendum
957 2781 1074 2812 parare
1090 2772 1196 2813 cupit,
1210 2772 1243 2803 in
1258 2772 1516 2804 enthusiasmum
1533 2771 1698 2813 quendam
