1956 3236
385 269 469 310 826
853 283 895 319 Q.
926 280 1128 310 noRATu
1163 278 1352 308 ιημωοιΔ

384 369 419 417 Ἣ
442 369 623 410 Foenum
643 372 774 411 habet
794 371 838 408 in
859 382 1002 421 cornu,
1021 369 1146 420 longe
1163 368 1286 419 fuge:
1314 369 1546 412 dummodo
1565 370 1698 412 risum

384 434 590 476 Excutiat
606 437 701 483 sibi,
721 447 804 474 non
823 434 894 472 hic
916 434 1119 484 cuiquam
1140 437 1286 484 parcet
1305 435 1470 476 amico:

384 499 454 548 Et,
472 500 771 552 quodcumque
789 498 923 537 semel
940 498 1103 538 chartis
1122 498 1320 549 illeverit,
1340 511 1487 539 omnes

383 564 556 605 Gestiet
577 577 602 603 a
620 563 744 602 furno
765 563 982 603 redeuntes
1002 564 1112 603 scire
1130 564 1328 616 lacuque,

382 629 439 669 Et
458 640 613 680 pueros
635 632 676 667 et
697 639 818 667 anus.
875 627 911 675 ῚῘ
935 626 1129 679 Agedum
1149 641 1288 680 pauca
1308 630 1461 682 accipe
1482 634 1652 670 contra:

383 693 573 733 Primum
596 703 676 742 ego
698 704 764 731 me
783 692 970 740 illorum,
989 692 1180 734 dederim
1201 694 1358 746 quibus
1377 707 1475 735 esse
1496 694 1678 742 Poetae,

1734 436 1791 476 35

384 827 486 858 Habet
498 826 616 863 soenum
629 828 668 857 ad
682 837 784 863 cornu,
799 827 953 867 inquiunt,
972 829 1076 866 procul
1081 829 1179 866 fuge:
1201 832 1237 859 nt
1251 829 1311 859 sibi
1326 829 1486 859 cachinnos
1507 833 1624 860 moveat
1637 829 1700 867 ille,
1714 829 1789 859 ami-

381 877 483 897 corum
497 871 599 906 parcet
615 868 748 898 nemini:
770 872 799 899 et
813 870 953 908 quicquid
966 871 1058 900 semel
1071 870 1268 908 scriptitarit,
1276 870 1375 910 cupiet
1390 871 1463 900 sciri
1477 880 1496 900 α
1511 871 1627 900 carectis
1641 873 1792 901 reverten-

381 909 462 938 tibus
475 918 491 938 e
505 909 619 939 clibano
633 910 680 939 vel
687 910 788 947 sonte,
800 920 819 940 α
826 910 988 949 Juveriibue
1002 920 1037 941 ac
1045 911 1165 942 vetulis.
1197 911 1286 942 Heus
1300 915 1336 942 tu
1348 911 1496 950 quaepiam
1508 911 1661 942 contraria
1669 910 1793 942 exaudi.

381 949 450 987 Ego
460 959 506 979 me
516 951 650 988 primum
661 951 792 981 eximam
799 961 813 982 e
824 961 943 982 numero
953 961 1055 982 eorum
1062 962 1135 992 quos
1141 952 1245 993 po'e'tas
1255 962 1318 984 esse
1331 952 1538 984 concesserim.
1560 953 1700 992 Namque
1713 951 1792 985 haud

965 1053 1159 1066 OOmNOOO
1163 1054 1199 1066 N

382 1125 478 1156 fei-sit
493 1125 580 1156 odere
594 1125 736 1161 Po'e'tam,
752 1126 842 1157 nulla
867 1126 931 1157 alia
947 1126 988 1157 de
1012 1135 1113 1157 causa
1137 1127 1201 1158 nisi
1215 1127 1301 1168 quod
1321 1127 1493 1168 sequentia
1508 1126 1540 1157 in
1563 1126 1720 1166 singulari
1734 1135 1794 1156 nu-

382 1175 474 1197 mero
489 1165 633 1206 figurata
658 1167 735 1197 sint.
759 1167 991 1198 Dissimulavit
1011 1168 1170 1199 Horatius
1187 1178 1236 1207 se,
1251 1169 1366 1199 Paetus
1387 1167 1599 1202 nominando,
1622 1167 1664 1198 de
1680 1174 1714 1197 se
1729 1174 1795 1197 uno

382 1208 553 1246 cogitasse.
599 1208 680 1240 Quis
707 1213 828 1247 praeter
852 1209 1042 1240 Bentleium
1064 1209 1126 1241 hoc
1151 1219 1216 1240 non
1247 1210 1376 1240 videret
1388 1209 1409 1240 Ρ
1441 1210 1622 1240 Brixa—35
1650 1208 1796 1239 Excutiat

382 1249 440 1279 tibi
454 1250 542 1289 conj.
560 1249 854 1288 Rutgersius.—-39
876 1251 1019 1281 Primum
1034 1260 1081 1282 me
1097 1251 1220 1282 illorum
1243 1260 1327 1282 unus
1351 1250 1438 1281 Han.
1463 1251 1580 1281 omisso
1600 1249 1795 1289 pronomine

382 1300 448 1328 ego.
492 1290 590 1321 Gott.
617 1291 703 1321 Han.
718 1292 800 1321 Exc.
813 1292 892 1323 Sax.
908 1292 964 1322 alii
980 1302 1034 1332 ap.
1052 1292 1155 1324 Gesn.
1174 1292 1270 1323 Harl.
1284 1295 1315 1323 2.
1332 1295 1364 1323 3.
1378 1295 1408 1324 4.
1424 1294 1454 1323 6.
1471 1295 1504 1324 7.
1531 1291 1643 1322 Zarot.
1657 1291 1793 1322 Mediol.

381 1332 518 1362 Venett·
534 1332 607 1362 aliae
625 1332 702 1362 edd.
723 1338 800 1362 ante
817 1333 929 1363 Bentl.
945 1334 1078 1363 dederim
1092 1333 1199 1373 quibus
1221 1343 1285 1364 esse
1296 1333 1410 1364 Po'e’tas
1424 1343 1436 1368 ,·
1455 1333 1502 1364 ita
1517 1334 1616 1374 etiam
1633 1333 1796 1369 Dunster,

381 1372 483 1402 Baxt.
498 1372 602 1403 Gesn.
618 1373 724 1403 Zeun.
739 1374 881 1403 Wetzel.
896 1373 1031 1404 Wakef.
1049 1374 1184 1414 Bipont.
1192 1378 1226 1404 et
1241 1374 1358 1404 Comb.
1379 1374 1487 1405 ‘Quid
1503 1374 1654 1404 videtur?
1677 1373 1796 1403 Nonne

383 1413 522 1443 monstri
538 1414 642 1443 simile
658 1417 721 1449 est,
737 1414 913 1444 lectionem
930 1415 1013 1445 banc
1029 1419 1094 1446 tam
1109 1415 1165 1445 diu
1185 1415 1218 1448 in
1240 1415 1417 1454 propatulo
1433 1414 1547 1449 fuisse,
1560 1422 1667 1453 neque
1682 1424 1701 1444 a
1717 1423 1795 1452 quo-

382 1463 479 1493 quam
493 1454 713 1493 interpretum
731 1455 1013 1485 animadversam?
1041 1454 1160 1496 Atqui
1175 1461 1209 1486 et
1225 1456 1393 1487 notissima
1408 1459 1459 1486 est
1470 1456 1562 1486 bonis
1578 1454 1794 1494 scriptoribus

381 1495 519 1532 locutio,
533 1500 567 1526 et
585 1496 710 1526 Nostro
724 1505 881 1535 perquam
898 1496 1069 1527 familiaris
1085 1507 1093 1527 ε
1121 1501 1158 1528 ut
1178 1506 1204 1528 1.
1231 1497 1299 1528 Sat.
1313 1499 1343 1527 1.
1362 1499 1412 1527 19.
1441 1505 1464 1526 ¹.
1481 1499 1512 1526 2.
1534 1499 1587 1527 50.
1603 1495 1678 1526 Art.
1695 1494 1794 1526 Poe‘t.

381 1538 455 1567 ³⁷2.
501 1536 622 1576 Neque
639 1545 716 1566 vero
734 1537 866 1567 nimium
893 1537 1021 1567 mireris
1047 1538 1220 1569 universos
1238 1538 1369 1568 codices
1385 1537 1418 1567 iu
1443 1537 1562 1567 mendo
1580 1536 1633 1567 hic
1657 1545 1795 1567 consen-

382 1577 446 1606 tire
459 1586 468 1607 ε
492 1585 567 1607 nam
583 1581 619 1607 et
634 1577 799 1615 tribunum,
814 1578 988 1617 munificum
1003 1587 1080 1617 pars
1103 1588 1214 1609 eorum
1237 1579 1354 1618 major,
1366 1578 1573 1609 accusativos
1587 1586 1649 1617 pro
1664 1577 1796 1614 dativis,

383 1622 521 1657 ponunt.
567 1619 737 1655 Ceterum,
756 1623 928 1658 postquam
945 1619 1017 1649 liaec
1033 1623 1275 1650 commentatus
1291 1629 1411 1659 essem,
1426 1618 1644 1649 animadverti
1660 1626 1794 1649 accura-

381 1658 545 1688 tissimum
562 1659 605 1689 N.
623 1659 798 1688 Heinsium
819 1664 854 1689 et
875 1659 907 1689 in
930 1659 1004 1691 libri
1020 1660 1068 1690 sui
1094 1670 1165 1700 ora,
1187 1666 1220 1690 et
1245 1661 1280 1691 in
1308 1661 1408 1691 Notis
1430 1660 1470 1690 ad
1491 1660 1631 1690 Nasonis
1655 1659 1793 1690 Heroid.

383 1707 461 1729 xiv.
487 1702 540 1730 64.
575 1708 685 1729 veram
707 1700 884 1731 lectionem
910 1705 988 1732 aute
1011 1710 1069 1732 nos
1096 1701 1309 1742 prodidisse.’
1332 1701 1441 1732 Beate.
1484 1701 1599 1732 ‘Pace
1622 1700 1706 1739 tanti
1735 1700 1795 1730 viri
1843 1733 1846 1735 Α

380 1740 515 1771 dederim
529 1740 636 1779 quibus
661 1751 724 1772 esse
745 1741 859 1772 Po‘e'tas
881 1750 948 1772 non
972 1742 1105 1774 videtur
1130 1744 1232 1783 magis
1255 1743 1393 1774 monstri
1415 1743 1533 1782 simile,
1559 1750 1666 1781 neque
1691 1740 1795 1771 minus

382 1782 503 1812 Latine
516 1782 656 1820 dictam,
680 1792 776 1821 quam
798 1783 933 1813 dederim
948 1784 1054 1823 quibus
1068 1794 1131 1815 esse
1148 1785 1276 1822 Po'e'tis,·
1299 1789 1397 1824 atque
1423 1785 1486 1814 hoc
1509 1785 1541 1814 in
1568 1783 1639 1814 loco
1663 1782 1798 1820 rectius,

380 1823 468 1863 quod
487 1831 550 1852 non
566 1823 766 1853 dissentiant
787 1824 874 1855 libri.
917 1826 927 1841 ‘
943 1826 1050 1855 Etiam
1068 1826 1121 1856 hic
1139 1826 1268 1866 (inquit
1283 1824 1470 1864 Bentleius)
1485 1825 1596 1854 invitis
1622 1822 1793 1854 codicibus

382 1862 533 1902 repone.'
577 1864 663 1895 Quid
690 1868 799 1894 autem
821 1865 863 1894 de
887 1874 938 1894 me
969 1865 1040 1902 fiet,
1061 1866 1088 1896 si
1112 1867 1273 1896 noluerim
1290 1875 1408 1906 parere
1432 1866 1507 1896 huic
1523 1865 1636 1896 edicto
1647 1864 1671 1894 Ρ
1694 1865 1794 1895 Buxt.

380 1905 563 1935 ‘Standum
577 1904 656 1934 duxi
680 1905 772 1935 libris
798 1906 1094 1939 consentientibus.
1140 1908 1353 1938 Constructio
1370 1911 1421 1937 est
1441 1906 1574 1937 minime
1589 1910 1714 1946 praeter
1728 1914 1796 1935 mo-

382 1954 451 1975 rem
469 1951 526 1976 aut
553 1946 775 1984 elegantiam:
802 1946 920 1981 Quibus
944 1947 1004 1977 hoc
1025 1948 1172 1987 dederim,
1197 1958 1316 1987 nempe
1343 1957 1400 1978 eos
1427 1957 1488 1978 esse
1505 1947 1638 1978 Paetus)
1660 1945 1794 1978 Wakef.

382 1986 492 2017 Poetis
514 1987 613 2016 etiam
639 1986 763 2024 Acron,
789 1987 910 2017 Sanad.
928 1988 1069 2028 Cuuing.
1089 1989 1240 2028 Francis,
1257 1988 1435 2026 Heindorf,
1449 1994 1486 2019 et
1509 1988 1613 2019 Kidd.
1657 1987 1795 2019 Ouden-

381 2028 517 2067 dorpius
534 2029 675 2058 contulit
690 2029 859 2068 antiquam
876 2029 1009 2068 optimae
1025 2036 1112 2061 notae
1129 2030 1203 2060 cod.
1228 2031 1283 2070 qni
1301 2029 1411 2061 fuerat
1427 2029 1515 2070 apud
1531 2029 1744 2068 Dorvillium,
1758 2029 1792 2060 in

382 2078 446 2109 quo
468 2069 622 2100 idiserte
651 2070 780 2101 invenit
802 2070 1079 2110 suprascriptum.
1122 2071 1210 2103 Vide
1233 2071 1273 2102 ad
1302 2072 1387 2102 Caes.
1403 2071 1444 2101 de
1466 2071 1550 2101 Bell.
1575 2071 1703 2102 Civ.11.
1720 2072 1794 2101 1.—

1023 2149 1159 2194 'No'rAE

425 2238 466 2267 34
482 2236 610 2267 Foenum
623 2235 712 2266 habet
726 2236 759 2266 in
773 2233 879 2273 cornu]
901 2233 1062 2264 Proverb.
1114 2232 1284 2271 obruetur,
1299 2237 1333 2262 et
1349 2232 1516 2262 dominum
1533 2231 1604 2271 ejus
1615 2230 1794 2270 occident‚’

384 2294 426 2316 ex
450 2293 489 2314 eo
511 2285 650 2322 petitum
667 2283 753 2324 quod
774 2283 902 2322 alligari
925 2291 1062 2313 consue·
1115 2283 1177 2313 &c.

384 2339 479 2364 verat
500 2333 622 2365 foenum
650 2333 690 2364 ad
715 2343 817 2364 cornu
848 2333 938 2362 bovis
960 2341 1061 2362 cornu
1126 2348 1133 2354 ν
1158 2332 1198 2360 37
1231 2330 1258 2360 A
1278 2328 1376 2366 furno
1404 2329 1562 2358 redeuutes
1595 2327 1735 2367 lacuque]
1765 2327 1793 2359 A

385 2382 542 2421 petentis,
564 2392 628 2422 quo
645 2382 705 2412 sibi
729 2391 847 2412 cavere
872 2384 1063 2411 moneretur

383 2431 522 2471 quisque
536 2431 669 2461 obvius:
686 2431 767 2461 alias
783 2430 936 2460 damnum
951 2429 1064 2459 luebat

386 2479 548 2518 dominus,
559 2488 600 2510 ex
615 2480 704 2519 Lege
716 2487 781 2509 xu.
796 2477 876 2509 Tab.
893 2477 1064 2508 Plutarch.

387 2529 420 2558 in
438 2529 570 2559 Crasso.
610 2528 701 2558 Deus
719 2535 846 2567 quoque
866 2535 926 2556 suo
942 2526 1066 2564 populo

386 2585 423 2606 ea
439 2576 481 2606 de
495 2586 531 2607 re
548 2576 663 2615 gravia
679 2575 849 2606 edixerat:
871 2574 978 2606 Exod.
991 2583 1063 2614 cap.

386 2632 465 2654 xxi.
494 2627 503 2642 ‘
521 2625 557 2655 Si
581 2625 639 2655 bos
662 2628 846 2663 cornupeta
864 2622 980 2660 fuerit,
1003 2631 1066 2654 nee

388 2673 564 2703 recluserit
577 2682 649 2703 eum
665 2671 1064 2710 dominus,oecideritque

385 2721 492 2752 virum
522 2726 580 2752 aut
605 2721 784 2759 mulierem,
811 2721 870 2753 bos
895 2719 1061 2761 lapidibus

1117 2377 1286 2418 coquendo
1303 2386 1399 2416 pane,
1420 2376 1469 2405 vel
1491 2376 1672 2406 hainrienda
1688 2386 1794 2416 aqua;

1118 2438 1141 2465 e
1162 2427 1266 2458 furnis
1291 2426 1446 2467 publicis,
1468 2425 1520 2455 vel
1543 2425 1714 2465 fontibu33
1739 2426 1795 2456 ubi

1117 2486 1262 2509 rumores
1283 2476 1390 2506 solent
1405 2474 1514 2513 spargi
1529 2478 1564 2504 et
1580 2475 1731 2505 ventilari
1747 2475 1796 2505 in-

1117 2530 1168 2557 ter
1181 2534 1290 2555 servos
1306 2528 1341 2554 et
1356 2522 1476 2554 infimae
1502 2522 1608 2561 plebis
1625 2522 1772 2553 homines
1787 2533 1795 2553 :

1118 2575 1193 2605 iude.
1210 2582 1306 2613 porro
1323 2573 1496 2602 redeuntes
1519 2571 1625 2601 solent
1647 2580 1707 2611 per
1727 2571 1796 2602 vias

1116 2622 1301 2659 cantillam,
1319 2621 1345 2650 si
1366 2619 1445 2659 quid
1469 2623 1520 2649 est
1544 2619 1620 2650 novi
1643 2619 1796 2651 carminis

1114 2680 1173 2702 seu
1187 2669 1363 2701 cantilenae
1381 2669 1411 2699 in
1429 2668 1544 2707 vulgus
1559 2667 1671 2699 editae.
