1890 3256
373 277 456 318 990
841 290 884 326 Q,
916 288 1122 317 nomm
1158 287 1327 317 maioni

747 324 767 339 4,

373 380 575 433 Spiritum
596 384 638 422 et
656 381 896 421 incessum:
928 379 999 429 qui
1020 378 1230 420 ridiculus
1245 379 1385 421 minus
1406 381 1483 422 illo
1501 383 1519 422 'l

370 446 443 487 An
462 447 763 500 quodcumque
784 443 890 483 facit
911 442 1152 493 Maecenas,
1173 449 1216 485 te
1238 457 1412 499 quoque
1435 459 1581 488 verum
1601 453 1684 498 est,

370 512 511 553 Tanto
532 509 798 556 dissimilem,
818 512 863 547 et
882 511 1003 549 tanto
1018 514 1184 550 certare
1202 512 1441 552 minorem?

370 577 574 618 Absentis
592 586 710 614 ranae
731 573 861 625 pullis
880 573 1003 614 vituli
1024 574 1135 626 pede
1154 577 1334 628 pressis,

371 643 494 683 Unus
515 640 587 680 ubi
605 638 766 690 effugit,
786 639 910 679 matri
931 639 1147 690 denarrat,
1168 646 1214 682 ut
1233 642 1385 694 ingens
1707 644 1790 686 315

371 708 528 748 Bellua
546 709 754 756 cognatos
775 703 948 744 eliserit.
1010 705 1092 746 Illa
1112 718 1274 759 rogare,

371 771 635 821 Quantane‘?
667 782 767 809 num
790 774 971 819 tantum,
991 770 1166 811 sufflans
1188 785 1249 821 se,
1269 784 1423 824 magna
1441 773 1630 814 fuisset?

368 835 403 883 {l
426 835 569 887 Major
589 834 783 875 dimidio·
843 834 877 882 ἹῙ
899 834 1015 874 Num
1037 841 1156 877 tanto
1173 838 1192 877 ‘l
1251 836 1286 885 ἹῘ
1304 837 1413 879 Cum
1433 839 1572 892 magis
1593 844 1727 893 atque

368 901 425 941 Se
445 901 583 952 magis
599 900 792 951 inflaret3
826 900 942 950 Non,
963 900 1000 940 si
1022 904 1063 941 te
1085 903 1266 955 ruperis,
1287 903 1445 956 inquit,

369 967 456 1006 Par
474 966 573 1006 eriS.
635 965 750 1006 Haec
772 977 798 1005 a
820 972 860 1006 te
879 978 966 1005 non
989 967 1170 1007 multum
1191 968 1362 1009 abludit
1381 969 1540 1022 imago.
1706 972 1790 1012 320

367 1031 491 1072 Adde
512 1029 716 1084 poemata
735 1043 869 1082 nunc;
900 1031 982 1071 hoc
1003 1036 1086 1081 est,
1106 1033 1247 1073 oleum
1268 1033 1380 1074 adde
1399 1034 1594 1086 camin03

364 1144 507 1182 quomodo
523 1145 644 1174 videare
658 1144 756 1174 minus
769 1144 821 1174 illo
834 1144 1003 1175 ridiculus?
1048 1143 1201 1184 Quicquid
1221 1147 1323 1176 autem
1343 1148 1470 1184 praestat
1491 1146 1654 1181 Μαι-επακ.
1675 1155 1715 1176 απ
1737 1155 1790 1176 ex-

361 1185 447 1224 pedit
462 1188 491 1215 te
506 1186 647 1216 certatim
668 1185 770 1215 moliri
794 1188 881 1216 tanto
901 1186 1053 1225 disparem
1077 1189 1106 1216 et
1127 1185 1329 1224 inser-iorem?
1369 1186 1424 1218 Sic
1444 1185 1790 1226 prql'ectofabulantur:

363 1225 494 1256 absentis
507 1236 591 1257 ranoe
605 1227 696 1266 pullis
709 1227 800 1258 vituli
820 1228 895 1267 pede
916 1227 1070 1266 contritis,
1084 1236 1177 1258 unum
1197 1227 1352 1268 effugisse.
1397 1228 1431 1260 1⁸
1443 1237 1515 1258 vero
1529 1228 1623 1259 maeri
1637 1228 1791 1263 edisserit,

363 1276 422 1306 qua
435 1268 555 1299 ratione
567 1269 710 1299 immanis
725 1268 822 1298 bestia
841 1269 1078 1307 consanguineos
1091 1269 1288 1308 oppresserit.
1333 1269 1394 1300 lua
1407 1269 1601 1300 .sciscitatur-.-
1625 1271 1792 1310 ecquanta?

362 1312 452 1348 atque
465 1309 668 1341 intumescens
679 1310 801 1349 quaerit,
814 1319 854 1340 an
875 1319 948 1348 ergo
971 1313 1059 1341 tanta
1073 1314 1153 1341 esset
1162 1314 1175 1341 ?
1216 1310 1323 1348 Major
1337 1311 1477 1342 dimidio.
1518 1310 1574 1342 An
1587 1310 1653 1342 sic?
1698 1311 1790 1341 Cum-

363 1359 420 1388 que
433 1351 501 1390 plus
514 1355 545 1382 et
556 1353 625 1390 plus
637 1352 869 1386 intumesceret,-
891 1353 936 1382 ait
949 1352 1070 1390 pullus:
1092 1351 1228 1382 Etiamsi
1241 1351 1421 1392 diffregeris
1437 1355 1480 1391 te,
1503 1352 1585 1383 haud
1602 1362 1661 1392 par
1672 1352 1788 1390 fueris.

365 1391 473 1430 Imago
488 1392 550 1423 ista
568 1402 629 1423 mm
649 1393 737 1423 valde
752 1392 809 1423 tibi
824 1392 995 1424 dissimilis.
1038 1392 1205 1431 Addejam
1218 1393 1355 1423 carmina
1365 1404 1375 1424 τ
1398 1392 1451 1434 (id
1463 1397 1522 1433 est,
1543 1395 1642 1425 oleum
1655 1393 1723 1433 igni
1736 1403 1787 1432 ap·

963 1493 1195 1505 “OOOOOO‘O‘O

363 1558 399 1585 et
413 1555 490 1585 Vet.
506 1555 724 1586 Comb.—-3ll
754 1556 846 1586 Harl.
860 1559 892 1586 6.
907 1555 979 1595 quid
993 1556 1258 1586 ridiculum—313
1281 1556 1290 1573 ⁴
1303 1555 1542 1596 Turpissimum
1557 1556 1611 1588 hic
1632 1556 1787 1587 mendum

363 1595 506 1634 insedit3
530 1597 608 1627 dum
638 1597 817 1627 lectionem
840 1606 883 1627 ex
906 1597 1049 1636 antiquis
1072 1596 1256 1627 derivatam
1279 1606 1398 1628 secure
1426 1599 1654 1628 transmittunt
1678 1597 1788 1628 Inter-

362 1641 489 1676 pretes.
533 1637 638 1677 Atqui
656 1637 819 1678 Cruquius
830 1638 862 1668 in
874 1637 1051 1668 Blandinio
1068 1637 1248 1668 veterrimo
1265 1643 1301 1668 ut
1317 1641 1351 1669 et
1365 1639 1473 1669 altero
1490 1639 1583 1670 bouae
1600 1644 1687 1670 notae
1705 1639 1791 1670 Ton-

360 1687 453 1714 sano,
481 1679 613 1710 Tantum
635 1679 786 1710 invenit:
810 1679 897 1719 quod
925 1688 990 1709 non
1013 1683 1081 1709 tam
1109 1679 1230 1718 ipsum,
1245 1688 1344 1719 quam
1372 1680 1453 1710 alios
1477 1685 1594 1719 postea
1618 1679 1788 1712 doctiores

361 1721 550 1759 neglexisse
575 1721 674 1751 miror
697 1725 731 1751 et
755 1720 923 1760 indignor.
971 1720 1103 1751 Tantum
1125 1720 1309 1758 dissimilis;
1331 1730 1396 1751 non
1421 1723 1519 1759 tauto,
1535 1721 1623 1762 quod
1639 1730 1681 1752 ne
1698 1721 1789 1752 Lati·

362 1770 438 1791 num
465 1762 597 1802 quidem
626 1766 699 1792 est:
729 1762 776 1792 sic
807 1762 969 1792 ‘multum
996 1761 1131 1792 similis'
1164 1766 1222 1792 aut
1244 1767 1252 1779 ¹
1268 1761 1462 1801 dissimilis‚’
1482 1771 1547 1793 non
1569 1761 1721 1801 ‘multo,'
1746 1771 1785 1794 ιῐ.

359 1802 430 1832 Sat.
447 1811 479 1832 v.
494 1806 546 1835 92.
573 1812 595 1833 ι.
613 1804 720 1842 Epist.
737 1806 787 1833 10.
810 1806 841 1834 3.
858 1808 892 1834 et
912 1805 986 1833 317.
1009 1811 1049 1833 11.
1062 1803 1134 1833 Sat.
1150 1806 1182 1832 5.
1197 1802 1260 1833 803
1287 1803 1390 1834 Bentl.
1433 1804 1443 1821 ‘
1461 1803 1586 1834 Nescio
1599 1809 1710 1834 tamen
1726 1812 1787 1834 cur

362 1844 460 1874 Tanto
489 1854 546 1883 pro
570 1844 760 1884 turpissimo
776 1844 898 1875 habeat
914 1842 1056 1875 mendo.’
1079 1844 1283 1874 Rama—315
1310 1844 1405 1874 Harl.
1419 1845 1452 1875 4.
1473 1844 1567 1874 matri
1580 1845 1652 1875 dum
1665 1849 1786 1876 narrat.

359 1887 464 1914 -317
488 1885 608 1924 Vulgoe.
625 1890 704 1915 ante
719 1886 820 1924 Cruq.
841 1889 877 1915 et
904 1884 1015 1914 Bentl.
1038 1893 1109 1914 num
1131 1886 1255 1915 tandem
1275 1894 1309 1915 se
1329 1884 1453 1925 inflans,
1473 1885 1518 1916 sic
1531 1894 1654 1924 magna.
1678 1886 1786 1918 Codd.

361 1925 503 1956 Blandd.
518 1926 660 1956 Tonsan.
683 1931 719 1956 et
742 1926 889 1956 Bentleii
904 1925 1024 1956 Trinit.
1047 1935 1119 1955 num
1135 1928 1277 1961 tantum3
1300 1925 1347 1956 ita
1367 1926 1468 1956 etiam
1491 1926 1658 1966 Porphyr.
1684 1927 1786 1967 Cruq.

359 1966 471 1997 Bentl.
498 1972 534 1998 et
557 1971 699 1998 recentt.
721 1976 794 1998 num
818 1967 939 1998 tandem
964 1966 1060 1996 Gott.
1090 1966 1186 1996 Harl.
1202 1969 1233 1997 2.
1247 1969 1278 1997 4.
1291 1969 1322 1996 6.
1345 1967 1389 1998 al.
1415 1976 1490 1998 cum
1516 1968 1631 1999 Zarot.
1646 1968 1787 2000 Mediol.

360 2010 455 2038 1477.
478 2008 618 2039 Venett.
644 2009 794 2039 Florent.
811 2011 905 2039 1482.
930 2008 1066 2038 Locher.
1081 2007 1161 2038 Vet.
1185 2007 1279 2038 Com.
1304 2008 1346 2038 al.
1374 2013 1452 2039 ante
1476 2009 1581 2050 Cruq.
1609 2010 1734 2050 sufflans
1753 2019 1785 2041 se

359 2050 472 2088 plures
488 2050 585 2081 codd.
601 2050 752 2090 Cruquii,
765 2050 921 2089 Bentleii,
938 2054 973 2079 et
990 2048 1140 2079 aliorum.
1173 2049 1298 2089 sufflans
1317 2049 1362 2079 sic
1383 2050 1414 2079 in
1439 2050 1604 2081 nonnullis
1624 2050 1784 2092 Bentleii,

359 2090 457 2122 Gott.
474 2095 509 2122 et
527 2091 621 2122 Harl.
638 2095 669 2122 2.
686 2094 718 2121 6.
734 2095 769 2121 et
785 2091 899 2122 Zarot.
934 2091 1058 2131 sufflans
1071 2089 1099 2119 si
1115 2090 1147 2120 in
1163 2091 1236 2120 aliis
1253 2090 1366 2120 Bentl.
1381 2090 1479 2121 Harl.
1492 2093 1524 2122 4.
1546 2091 1685 2124 Venett.
1711 2093 1784 2123 Me—

359 2132 435 2163 diol.
452 2134 544 2163 1477.
561 2133 707 2164 Florent.
728 2135 820 2164 1482.
836 2133 879 2163 al.
897 2137 979 2163 vett.
1002 2131 1012 2148 ‘
1030 2131 1069 2162 In
1085 2131 1177 2162 nullo
1192 2131 1267 2162 cod.
1281 2132 1367 2172 quod
1385 2133 1498 2172 sciam,
1512 2142 1544 2163 ee
1557 2132 1682 2173 instans,
1695 2133 1784 2174 quod

358 2183 377 2204 a
394 2179 586 2205 correctore
603 2175 717 2205 nescio
733 2183 798 2214 quo
815 2174 979 2213 prolatum
996 2172 1131 2204 videtur
1151 2182 1193 2203 ex
1217 2182 1265 2203 νε.
1283 2174 1450 2213 sequenti,
1472 2179 1508 2204 et
1533 2183 1574 2205 ex
1596 2174 1730 2206 Phaedr.
1757 2184 1783 2206 ι.

357 2215 423 2246 25.’
446 2215 553 2247 Bentl.
599 2215 653 2246 Ita
676 2221 787 2246 tamen
811 2216 894 2255 legit
915 2215 991 2246 Nic.
1011 2213 1172 2245 Heinsius
1196 2214 1230 2243 in
1254 2213 1398 2245 Advers.
1416 2224 1455 2245 n.
1472 2218 1523 2245 16.
1539 2225 1572 2254 p.
1588 2218 1661 2247 340.
1685 2215 1781 2256 quem

358 2256 447 2286 vide.
490 2258 499 2273 ‘
516 2257 583 2288 Pro
589 2257 706 2293 suisset
722 2258 869 2296 legamus
876 2254 971 2295 suit?
992 2264 1076 2294 num,
1086 2256 1138 2294 ἅμ’.
1160 2254 1252 2285 Hace
1268 2255 1377 2294 Epist.
1394 2256 1475 2286 Crit.
1492 2266 1524 2295 p.
1537 2258 1695 2287 aiz—318
1711 2257 1783 2287 Mu-

349 2296 405 2334 jor
417 2297 563 2329 dimidio?
577 2308 649 2329 num
664 2301 783 2328 tantum
799 2299 963 2338 Cruquius
981 2307 1023 2327 ex
1039 2296 1138 2328 codd.
1154 2295 1258 2333 qu'or
1269 2296 1396 2326 dimidio
1406 2307 1416 2326 .·
1438 2306 1510 2326 num
1524 2300 1662 2328 tantum?
1679 2298 1782 2328 Bent-

359 2339 442 2370 leius
458 2349 498 2370 ex
513 2340 612 2372 codd.
631 2339 726 2371 Leid.
742 2345 776 2370 et
790 2340 908 2371 Trinit.
931 2338 1048 2378 Μιύον,
1061 2338 1150 2369 dein:
1177 2338 1260 2368 Num
1274 2340 1413 2368 tantum?
1435 2337 1550 2376 qu‘or.
1577 2338 1654 2368 eam
1671 2339 1780 2377 magis,

999 2419 1140 2452 NOTAE

400 2498 463 2527 312
483 2495 537 2527 An
558 2498 761 2536 quodcumque
779 2496 862 2534 facit
879 2496 1043 2531 Maecenas,
1094 2499 1295 2531 immutavit.

357 2543 427 2584 sym]
448 2545 562 2576 Hicin
576 2546 734 2587 Esquiliis
751 2546 1044 2578 summosas‘aedes
1138 2550 1197 2580 321
1221 2548 1310 2579 Mae
1337 2547 1492 2588 poemata]
1523 2547 1622 2589 Apud
1651 2544 1783 2582 Stoicos

356 2592 535 2634 hortosque
563 2594 758 2635 magnificos
782 2600 861 2626 tunc
884 2595 1043 2635 temporis
1096 2597 1240 2638 pridem,
1266 2601 1304 2627 ut
1326 2601 1361 2628 et
1376 2597 1571 2639 plerumque
1586 2598 1675 2639 apud
1690 2599 1784 2639 alios,

360 2644 571 2676 moliebatur.
1095 2651 1130 2678 et
1155 2645 1349 2685 etiamnum,
1377 2646 1432 2676 vix
1455 2646 1539 2678 bene
1567 2648 1637 2679 sani
1663 2639 1780 2680 Poetae

398 2694 459 2722 314
483 2692 630 2724 Absentis
656 2702 743 2724 ranoe
762 2693 870 2733 pullis,
896 2693 966 2734 Esou]
987 2691 1041 2723 AE-
1095 2694 1200 2725 habiti
1230 2699 1319 2726 sunt.
1362 2695 1469 2736 Epist.
1499 2696 1541 2727 ad
1565 2696 1708 2728 Pisones
1733 2707 1781 2728 vs.

356 2740 428 2781 sopi
443 2739 558 2772 fabula
573 2747 638 2783 est,
652 2751 751 2784 qnam
766 2742 929 2774 Phaedrus
944 2743 1041 2782 paulo
1095 2746 1170 2776 296.
1193 2744 1202 2762 ‘
1218 2744 1378 2776 Excludit
1401 2754 1498 2777 sanos
1522 2746 1686 2778 Helicone
1701 2745 1779 2786 poe-
