1930 3242
606 315 883 348 sentimum
916 316 1016 347 [ΑΒ.
1047 315 1100 346 11.
1126 305 1170 347 2.
1529 306 1615 348 941

170 410 374 452 Membra
394 409 529 460 dedit,
547 413 731 461 vegetus
753 410 1015 464 praescripta
1036 408 1094 450 ad
1110 409 1262 454 munia
1280 408 1432 462 surgit.

172 477 265 518 Hic
286 485 429 518 tamen
448 476 505 517 ad
523 475 678 516 melius
697 476 858 529 poterit
877 481 1171 517 transcurrere
1191 475 1437 530 quondam:

170 543 276 585 Sive
296 543 414 584 diem
433 542 595 584 festum
615 541 787 582 rediens
807 542 1039 584 adduxerit
1057 554 1209 592 annus,

117 652 122 656 ,
171 610 261 651 Seu
279 621 468 651 recreare
487 608 609 649 volet
626 614 855 650 tenuatum
877 622 1060 664 corpus3
1091 609 1252 663 ubique

171 676 400 720 Accedent
418 675 535 726 anni,
556 680 603 717 et
623 677 804 718 tractari
823 677 1001 718 mollius
1022 681 1132 718 aetas
1564 675 1622 717 85

169 742 402 785 Imbecilla
421 741 561 784 volet:
593 743 673 783 tibi
693 743 904 796 quidnam
925 743 1112 785 accedet
1129 743 1186 784 ad
1206 742 1353 791 istam,

173 810 322 862 Quam
339 821 450 864 puer
469 811 514 850 et
532 809 710 851 validus
730 811 978 864 praesumis,
999 809 1251 860 mollitiem3
1284 822 1364 850 seu

172 878 296 919 Dura
318 875 521 918 valetudo
541 876 761 926 inciderit,
783 889 862 918 seu
878 875 1004 917 tarda
1024 880 1228 917 senectus
1244 877 1264 916 ’ἒ

171 943 426 985 Rancidum
445 955 597 997 aprum
619 944 791 997 antiqui
810 942 1067 992 laudabant,
1085 955 1170 983 non
1189 942 1294 996 quia
1315 954 1452 984 nasus

168 1010 268 1052 Illis
286 1011 432 1051 nullus
452 1015 561 1060 erat,
581 1011 675 1060 sed,
697 1010 851 1059 credo,
871 1010 956 1051 hac
977 1013 1138 1060 mente,
1161 1008 1281 1062 quod
1303 1009 1467 1063 hospes
1566 1008 1625 1050 90

166 1076 365 1120 Tardius
385 1076 624 1118 adveniens
645 1077 846 1119 vitiatum
868 1075 1162 1126 commodius,
1182 1088 1314 1130 quam

173 1228 233 1260 pus
248 1219 333 1251 brevi
348 1221 415 1252 cibo
429 1224 460 1252 et
473 1230 591 1260 somno,
606 1220 754 1260 exsurgit
765 1220 868 1250 alacer
877 1220 919 1250 ad
934 1219 1088 1257 injunctas
1099 1219 1293 1257 functiones.
1342 1218 1552 1250 Nihilominus
1567 1217 1626 1247 iste

173 1261 292 1302 poterit
308 1263 443 1294 transire
457 1262 612 1294 interdum
627 1263 668 1292 ad
688 1263 850 1293 lautiorem
862 1261 976 1301 cibum,
998 1271 1053 1292 seu
1077 1265 1195 1301 tempus
1216 1270 1379 1292 recurrens
1393 1260 1563 1292 adduxerit
1576 1268 1627 1289 sa·

175 1313 262 1335 crum
276 1305 369 1345 diem,
382 1315 437 1336 seu
456 1305 557 1345 cupiet
571 1304 769 1335 debilitatum
781 1313 890 1344 corpus
903 1303 1027 1345 reficere
1035 1314 1048 1341 ;
1069 1304 1144 1334 item
1166 1313 1236 1335 cum
1249 1303 1326 1335 anni
1339 1302 1539 1343 multiplicati
1551 1301 1626 1340 sue-

176 1346 256 1385 rint,
273 1350 365 1387 atque
378 1347 485 1378 melius
507 1347 602 1378 ειη-απ·
613 1350 717 1386 poscet
729 1349 808 1377 «τίω
821 1347 1051 1384 ingravescens.
1085 1346 1132 1377 Ta
1145 1355 1217 1376 vero
1228 1347 1269 1377 ad
1281 1356 1349 1377 eam
1362 1345 1524 1376 nwllitiem
1536 1353 1628 1384 quam

175 1388 275 1419 adhuc
291 1389 418 1427 Jurenis
438 1399 476 1420 ac
497 1392 624 1427 vegetus
643 1388 802 1429 proeripis,
814 1388 889 1428 quid
911 1388 1076 1427 adiunges,
1097 1397 1168 1418 eum
1192 1389 1243 1419 vel
1264 1388 1422 1427 ‹egr-itudo
1436 1386 1564 1418 molesta
1579 1386 1629 1416 vel

174 1433 315 1462 senectus
329 1431 426 1472 pigra
446 1431 617 1462 acciderit?
659 1430 767 1461 Prisci
780 1429 926 1460 amabant
938 1439 1049 1469 aprum
1071 1429 1277 1468 rancidulum,
1301 1439 1362 1460 mm
1382 1429 1464 1469 quoa
1487 1431 1628 1459 carerent

175 1472 315 1513 odoratu,
337 1473 403 1513 sed,
419 1476 455 1504 at
468 1472 588 1512 opinor,
611 1481 646 1503 eo
665 1471 794 1502 consilio
808 1472 889 1511 quod
903 1471 1012 1511 hospes
1025 1480 1093 1502 sero
1107 1472 1254 1502 accedens
1265 1471 1370 1511 aptius
1383 1471 1523 1502 contedat
1534 1470 1628 1510 paulo

776 1563 1002 1576 oemueen

175 1642 216 1672 81
241 1639 351 1672 Codd.
375 1639 505 1681 aliquot
530 1640 697 1679 Lambini,
719 1641 760 1671 ad
783 1639 890 1671 munia
915 1642 1122 1679 surgen—83
1145 1639 1346 1671 ‘Advexerit
1370 1648 1436 1670 non
1459 1638 1628 1670 adduxerit

175 1682 280 1714 lectio
295 1687 347 1714 est
362 1683 508 1723 plurium
521 1682 684 1715 Codicum
698 1692 706 1713 ε
730 1682 826 1712 nobis
842 1687 957 1713 tamen
974 1682 1104 1722 placuit
1117 1682 1286 1713 adduxerit
1295 1691 1308 1718 ;
1331 1690 1408 1712 nam
1430 1681 1550 1711 advehi
1579 1681 1628 1710 di-

177 1728 303 1756 cuntur
324 1733 456 1756 merces
481 1735 558 1766 quae
583 1725 627 1755 de
652 1724 885 1756 transmarinis
908 1724 1061 1764 partibus
1082 1724 1322 1764 importantur.
1367 1722 1459 1755 Quin
1475 1726 1511 1754 et
1528 1721 1630 1753 video

176 1766 382 1806 scripturam
410 1767 508 1798 istam
536 1766 719 1806 superioris
746 1766 863 1796 saecnli
889 1766 1078 1797 editoribus
1109 1766 1208 1797 unice
1238 1764 1422 1805 placuisse.
1466 1764 1629 1795 Bentleio

177 1807 286 1849 magis
311 1809 440 1849 placuit
462 1809 638 1845 advexerit,
664 1808 730 1840 etsi
753 1817 817 1838 vox
841 1808 885 1839 sit
900 1807 1059 1839 nautica.’
1082 1808 1184 1840 Baxt.
1229 1807 1319 1839 Han.
1335 1809 1366 1837 1.
1383 1811 1419 1838 et
1435 1806 1534 1838 Harl.
1548 1809 1579 1837 3.
1594 1808 1628 1838 4.

177 1851 263 1882 item
277 1850 330 1882 ed.
354 1850 472 1882 Lamb.
487 1851 747 1882 adomnia—84
770 1850 834 1881 Seu
847 1860 988 1881 recreare
1002 1850 1077 1882 velit
1101 1851 1187 1882 Exc.
1204 1849 1370 1882 Sax.-85
1390 1848 1401 1866 ‘
1414 1849 1456 1880 In
1471 1848 1628 1880 omnibns

174 1893 359 1924 Pulmanni
375 1897 411 1924 et
426 1893 623 1924 Bersmanni
639 1893 738 1924 codd.
755 1897 790 1922 et
806 1893 840 1922 in
857 1892 1011 1933 pluribus
1027 1892 1203 1924 Tor-rentii
1220 1891 1440 1923 desideratur
1461 1890 1632 1931 particula

174 1938 203 1966 et
214 1945 229 1972 ,·
244 1934 343 1966 abest
356 1935 459 1966 etiam
475 1935 519 1966 ab
535 1934 614 1967 edd.
630 1939 716 1966 vett.
730 1938 766 1965 et
782 1943 801 1965 a
817 1934 910 1965 libris
926 1934 1024 1972 meis,
1037 1938 1166 1974 praeter
1179 1934 1300 1974 Regin.
1316 1933 1482 1964 omnibus.
1514 1932 1631 1973 Atque

174 1977 251 2008 haec
275 1977 408 2018 quidem
431 1977 535 2009 lectio
561 1977 643 2008 satis
668 1975 846 2008 commoda
862 1980 928 2015 est,
942 1979 979 2007 et
995 1975 1089 2006 libris
1107 1976 1278 2016 plerisque
1293 1974 1446 2006 fundata.
1491 1975 1629 2015 Nequa-

177 2027 277 2059 quam
301 2022 415 2050 tamen
438 2019 585 2061 ambigo,
607 2019 687 2060 quin
714 2018 825 2050 altera
850 2018 920 2059 illa,
941 2027 1041 2058 quam
1058 2018 1149 2049 clare
1173 2018 1278 2049 habet
1295 2017 1406 2048 codex
1423 2017 1544 2056 Regin.
1559 2017 1631 2047 sola

178 2069 261 2091 vera
279 2065 315 2091 et
336 2061 467 2093 sincera
482 2061 548 2099 sit;
574 2060 754 2092 dnmmodo
771 2070 833 2100 pro
848 2070 907 2100 que
921 2069 965 2091 ex
980 2060 1072 2100 conj.
1091 2069 1235 2101 reponas
1251 2069 1287 2091 ve
1297 2070 1310 2096 ‚·
1332 2061 1381 2090 sic
1395 2069 1404 2090 ε
1427 2059 1516 2090 ubive
1533 2059 1630 2090 Acce-

177 2102 252 2133 dent
270 2102 356 2141 anni,
381 2106 413 2133 et
437 2102 583 2142 tractari,
608 2104 661 2142 ⁸5⁶·
705 2103 716 2120 ⁴
731 2102 803 2133 Ve’
827 2103 917 2133 enim
941 2102 1112 2142 particula
1132 2102 1343 2143 disjunctiva
1365 2111 1440 2133 cum
1466 2106 1548 2132 'sen
1563 2100 1571 2112 '
1594 2106 1630 2132 et

179 2143 189 2160 ‘
207 2143 299 2175 sive’
325 2145 465 2175 tertium
491 2144 603 2175 locum
629 2143 787 2174 obtinere
805 2143 904 2174 solet.
947 2144 1055 2175 Recte
1072 2144 1175 2184 igitur
1189 2144 1244 2176 hic
1265 2144 1368 2176 habet
1391 2144 1505 2180 ubam,-
1527 2148 1630 2184 atque

177 2185 242 2217 hoc
268 2185 368 2217 modo
393 2185 580 2217 evitabitur
602 2185 808 2226 ambiguitas
833 2184 989 2216 vocabuli
1010 2185 1142 2226 πῶμα
1165 2195 1243 2227 quae
1267 2187 1442 2226 legentem
1469 2186 1630 2218 continuo

179 2226 350 2259 offendit!
371 2227 566 2260 Beati—87
591 2227 710 2259 Codex
734 2226 937 2258 Bersmanui
968 2237 1047 2267 puer
1073 2229 1325 2260 invalidus.—9l
1361 2229 1462 2260 Harl.
1487 2231 1519 2260 2.
1543 2231 1573 2259 4.
1599 2230 1631 2259 6.

179 2269 272 2301 Han.
299 2273 328 2301 1.
361 2269 461 2302 Gott.
486 2270 571 2301 Exc.
592 2269 672 2301 Sax.
697 2278 813 2301 omnes
836 2269 977 2310 Cruquii
1003 2275 1130 2309 praeter
1161 2270 1239 2306 duo,
1273 2270 1354 2302 edd.
1376 2271 1484 2312 antiq.
1508 2270 1629 2301 Lamb.

180 2311 285 2352 ctuq.
309 2312 428 2344 Lamb.
450 2312 606 2343 Torrent.
628 2315 665 2343 et
688 2315 834 2343 recentt.
856 2315 986 2352 praeter
1008 2312 1111 2343 Baxt.
1137 2312 1194 2352 qni
1217 2312 1265 2344 ita
1295 2317 1459 2344 annotat:
1492 2313 1502 2330 ‘
1519 2313 1630 2343 Vetus

175 2353 355 2394 luten-pres
383 2363 461 2385 cum
498 2354 628 2386 dnobus
658 2354 799 2395 Cruqnii
835 2354 973 2394 scriptis
1010 2353 1194 2386 Codicibus
1223 2355 1380 2395 legerunt
1408 2355 1539 2387 vitiaret
1569 2363 1632 2394 pro

176 2396 333 2428 vitiatum.
376 2398 386 2415 ⁶
401 2396 498 2428 Ordo
519 2406 594 2428 cum
617 2395 682 2428 boc
711 2406 830 2435 sensn;
854 2396 944 2437 qnod
971 2396 1180 2428 commodius
1200 2397 1323 2439 hospes
1349 2398 1487 2430 vitiaret
1516 2405 1630 2428 serva-

179 2441 265 2477 tum,
290 2447 389 2479 qnam
416 2443 524 2470 totum
552 2438 706 2470 dominus
728 2437 946 2470 absumeret!
974 2438 1161 2471 Vet.Schol.
1205 2439 1454 2471 Annotationes
1485 2438 1529 2470 ad
1559 2442 1629 2468 tres

180 2480 431 2522 ‚antiquissimos
454 2481 595 2523 Crnquii
618 2481 761 2514 Codices
788 2481 976 2513 reddebant
997 2481 1136 2523 vitiaret,
1157 2482 1167 2499 ‘
1181 2481 1474 2524 reprehenderet.’
1529 2479 1628 2510 Com-

830 2577 975 2610 NOTAE

227 2650 269 2680 82
291 2648 357 2700 ῌὶσ
383 2652 487 2682 tamen
514 2652 554 2683 ad
575 2652 694 2694 melius,
718 2652 786 2693 ξω]
809 2653 878 2686 Qui
931 2651 1101 2693 propriam
1115 2650 1366 2682 necessitatem.
1379 2649 1446 2682 Qui
1456 2649 1626 2680 veromol-

187 2697 301 2730 cibum
326 2699 477 2740 qnotidie
507 2702 600 2742 capit
617 2702 790 2744 exiguum,
816 2712 877 2743 po·
931 2701 1007 2733 {iter
1023 2701 1120 2741 vivit,
1141 2700 1234 2732 senio
1260 2700 1314 2731 vel
1335 2698 1528 2740 aegritudini
1544 2699 1626 2730 inci-

185 2747 269 2779 ter-it
297 2747 470 2781 interdum
498 2750 632 2783 lautiori
656 2761 693 2784 se
720 2752 877 2784 convivio
930 2751 1024 2783 denti
1040 2750 1131 2793 quod
1155 2750 1310 2791 praebeat
1331 2750 1485 2781 levamen
1500 2753 1557 2781 aut
1573 2758 1626 2780 so-

186 2796 376 2828 exhilarare
400 2802 437 2829 et
456 2807 624 2839 recreare,
647 2810 706 2832 sen
729 2801 876 2842 publicae
928 2802 1049 2834 latium
1062 2801 1188 2833 nullum
1201 2801 1338 2841 insuper
1352 2798 1465 2831 habet.

183 2846 315 2878 laetitiae
341 2855 444 2879 causa
469 2851 508 2880 et
529 2850 719 2891 occasione,
744 2860 803 2883 seu
831 2851 875 2883 ob
