1904 3256
385 563 470 626 Q.
542 563 1004 624 HORATII
1071 564 1459 626 FLACCI

535 763 916 825 EPODQN
982 767 1284 825 LIBER.

801 1115 945 1158 ODE
993 1116 1034 1157 Ι.

691 1232 760 1262 ΑΙ)
794 1233 1135 1264 MAEGENA'I'EM.

187 1317 393 1351 Immiuente
410 1318 484 1359 jam
507 1318 643 1350 immani
665 1318 802 1351 Actiaci
830 1319 911 1351 belli
936 1320 1102 1360 procella,
1125 1319 1287 1352 Horatius
1309 1321 1514 1353 Maecenatis
1538 1320 1644 1352 inter-

230 1376 335 1402 ventu
356 1371 485 1402 militiae
500 1371 711 1402 vacationem
736 1372 996 1411 impetraverat.
1042 1372 1194 1402 Pronum
1218 1377 1270 1403 est
1296 1373 1401 1412 igitur
1423 1373 1566 1403 credere
1583 1373 1644 1403 ali-

231 1431 332 1464 quem
348 1423 440 1454 inter
462 1431 519 1454 eos
541 1422 777 1453 intercessisse
801 1422 963 1454 amicitIae
986 1422 1146 1463 rigorem,
1162 1433 1204 1454 ac
1220 1423 1248 1454 si
1265 1424 1406 1464 Lyricus
1427 1428 1544 1456 noster
1565 1434 1644 1465 par·

228 1474 312 1506 tium
329 1474 460 1507 medius
473 1479 574 1516 atque
590 1484 611 1506 a
624 1474 765 1506 fortuna
790 1475 958 1516 pendulus
972 1474 1076 1506 foret.
1120 1475 1372 1507 Satisfaciendo
1394 1476 1499 1517 igitur
1514 1482 1550 1508 et
1566 1487 1643 1517 pur-

228 1528 340 1569 gando
355 1537 392 1559 ae
406 1527 504 1570 quasi
520 1537 580 1568 per
595 1527 710 1559 ludum
728 1533 764 1560 et
774 1529 891 1569 jocum
907 1527 949 1560 ad
964 1529 1146 1560 iracundos
1157 1529 1295 1561 lambos
1311 1530 1484 1561 convertit
1506 1531 1644 1571 stylum.

226 1581 363 1613 Primus
379 1586 495 1612 autem
506 1590 621 1613 versus
631 1580 793 1622 (auctore
807 1586 925 1614 vetere
940 1582 1131 1614 Scholiaste
1145 1581 1306 1624 Cruquii)
1316 1584 1509 1623 προῳδεΐται,
1522 1593 1642 1614 secun-

226 1633 291 1666 dus
306 1643 386 1666 vero
401 1635 573 1674 ἐπῳδεΐται,
584 1634 618 1665 h.
634 1643 665 1667 e.
689 1635 778 1666 alter
800 1634 1015 1674 praeciuitur,
1037 1635 1125 1666 alter
1140 1635 1337 1667 succinitur.
1384 1635 1524 1677 Epodos
1541 1637 1642 1671 enim,

227 1686 396 1728 prodente
418 1687 532 1719 Mario
548 1687 729 1719 Victorino
753 1697 788 1728 p.
805 1689 903 1719 2501.
926 1687 1063 1718 brevior
1086 1697 1203 1719 versus
1229 1691 1283 1719 est
1304 1688 1449 1729 longiori
1472 1688 1641 1720 subditus.

228 1740 340 1781 Hujus
358 1750 438 1772 vero
460 1740 561 1772 metri
582 1740 740 1772 inventor
761 1739 827 1771 fuit
850 1739 1088 1781 Archilochus,
1109 1745 1147 1772 ut
1164 1745 1262 1772 vetus
1283 1740 1490 1772 Scholiastes
1512 1746 1642 1772 monet.

228 1793 304 1835 (De
321 1793 443 1835 Epodo
455 1793 545 1825 idem
557 1793 638 1824 mihi
653 1793 799 1825 videtur.
837 1794 951 1825 Etiam
968 1793 1038 1825 Od.
1051 1802 1104 1826 xi.
1120 1799 1155 1825 et
1171 1802 1254 1826 xm.
1267 1793 1305 1825 it.
1319 1803 1413 1825 xvu.
1427 1793 1490 1824 lioc
1506 1794 1640 1824 nomine

226 1846 335 1878 laxius
349 1850 460 1878 sumto
482 1846 727 1887 comprehendi
753 1856 852 1887 posse
877 1846 1033 1878 arbitror.
1079 1846 1145 1877 Sed
1160 1846 1225 1878 hoc
1249 1845 1407 1877 Carmine
1424 1852 1508 1886 puto
1530 1845 1642 1877 Hora-

226 1900 311 1931 tium
327 1899 477 1941 (serione
498 1908 540 1930 an
563 1898 717 1941 προφάσει
739 1905 885 1939 tantum,
902 1899 984 1931 nihil
1007 1898 1152 1940 attinet)
1167 1909 1204 1931 se
1226 1897 1350 1930 offerre
1374 1899 1417 1930 ad
1440 1899 1640 1931 societatem

225 1952 383 1993 periculi,
399 1951 546 1984 delicate
561 1951 727 1993 profecto,
741 1957 780 1984 ut
794 1952 1007 1984 vacationem
1022 1952 1086 1984 sibi
1110 1951 1227 1984 datam
1243 1962 1310 1983 non
1327 1952 1526 1990 dissimulet,
1548 1952 1638 1982 bello

180 2013 184 2018 ’
226 2006 382 2038 inutilem
399 2015 435 2037 se
447 2015 524 2037 esse
539 2004 703 2045 fateatur,
717 2011 754 2038 et
769 2011 884 2037 tamen
899 2010 1057 2047 paratum
1073 2006 1247 2046 comitem,
1263 2010 1300 2037 et
1313 2006 1447 2047 praemii
1463 2005 1546 2037 nihil
1562 2015 1639 2046 spe.

228 2064 359 2090 tantem
377 2057 534 2090 affirmet.
551 2057 668 2097 Gesn.)

413 2132 518 2174 Ims
540 2132 746 2173 Liburnis
766 2131 878 2172 inter
896 2132 990 2173 alta
1009 2132 1204 2183 navium,

469 2198 642 2249 Amice,
663 2199 1011 2253 propugnacula,

229 2306 418 2348 Natigubis,
431 2316 449 2338 ο
460 2306 570 2347 amice,
584 2306 762 2338 Liburnicis
774 2306 903 2338 navibus
916 2305 1001 2338 inter
1015 2308 1135 2340 excelsa
1145 2308 1271 2340 navium
1282 2308 1485 2345 munimenta,
1497 2307 1638 2346 Augusti

787 2399 866 2413 0000
870 2399 1029 2413 00000000

228 2467 340 2503 Quinti
353 2467 461 2499 Oratii
476 2467 585 2499 Flacci
595 2467 720 2507 Epodos
731 2467 826 2499 Liber·
839 2467 875 2498 in
890 2467 1088 2508 quibusdam
1105 2467 1206 2499 codd.
1231 2468 1366 2503 Quintus
1385 2467 1524 2497 odarum
1544 2465 1641 2496 Liber·

185 2514 282 2542 vetus
303 2509 414 2542 codex
435 2510 589 2542 Mureti:
618 2509 720 2542 Liber»
735 2509 786 2541 hic
809 2511 944 2551 Epodoen
965 2511 1162 2552 inscribitur,
1185 2510 1209 2541 i.
1224 2520 1252 2541 e.
1275 2509 1420 2540 claularis
1445 2508 1553 2539 codex
1580 2517 1636 2548 ap.

837 2605 979 2637 NOTAE

231 2666 378 2700 Mettum
390 2670 653 2703 estlambicum.
677 2670 777 2703 Prior
791 2670 882 2712 quis·
936 2678 1107 2710 unquam:
1131 2668 1374 2709 excogitavere
1397 2668 1635 2707 Gmmmafici,

190 2725 256 2758 que
271 2726 387 2749 versus
406 2725 458 2751 est
478 2721 666 2760 Trimeter;
689 2721 777 2752 alter
791 2721 881 2762 quis-
935 2719 1049 2750 multis
1065 2723 1142 2760 post
1157 2719 1267 2757 annis,
1291 2719 1392 2750 immo
1407 2724 1487 2759 post
1506 2718 1635 2760 aliquot

190 2775 255 2806 que
266 2765 430 2797 Dimeter.
936 2770 1073 2808 saecula,
1097 2768 1234 2800 Horatii
1249 2768 1345 2800 Odas
1368 2769 1503 2810 aliaque
1530 2778 1637 2810 opera

232 2814 284 2845 De
299 2814 395 2855 hujus
409 2816 485 2847 libri
496 2817 596 2850 titulo
611 2821 756 2860 primum
771 2820 881 2852 dicam
935 2820 1148 2861 colligentes,
1163 2819 1435 2860 compingentes,
1459 2824 1495 2850 et
1517 2828 1558 2850 eo
1579 2828 1633 2850 01·-

190 2873 310 2905 pauca.
333 2863 434 2896 Illum
451 2865 615 2900 Horatius
626 2878 693 2901 nou
708 2870 883 2912 inscripsit
936 2870 1015 2903 dine
1026 2880 1126 2912 quem
1138 2869 1237 2901 modo
1250 2869 1415 2909 videmus,
1427 2869 1634 2910 digerentes.
