1904 3256
525 563 607 621 Ο.
701 557 1153 617 HORATII
1240 558 1619 619 FLACCI

561 730 962 798 CARMEN
1032 732 1572 812 SAECULARE,

674 910 780 947 PRO
810 909 1212 949 INCOLUMITATE
1239 911 1463 949 IMPERII.

354 1218 436 1248 CUM
450 1219 635 1250 Saeculares
650 1219 747 1250 ludos
763 1218 938 1260 Augustus
955 1219 1147 1250 celebraret
1162 1219 1348 1250 secundum
1364 1219 1462 1250 ritum
1487 1219 1608 1260 priscae
1626 1219 1774 1259 Religio-

394 1270 443 1300 nis
473 1280 491 1300 a
520 1271 704 1311 virginibus
728 1272 907 1312 puerisque
931 1271 1146 1312 praetextatis
1169 1272 1202 1302 in
1227 1272 1394 1312 Capitolio
1420 1277 1592 1303 cantatum
1615 1275 1680 1303 est.
1706 1271 1775 1302 Ver.

393 1321 493 1352 Schol.
537 1323 739 1363 (Secundum
758 1324 829 1354 haec
847 1333 912 1354 non
934 1323 1032 1354 modo
1058 1324 1136 1354 lusit
1156 1324 1221 1354 hoc
1246 1323 1414 1354 Saeculare
1434 1324 1578 1355 Carmen
1604 1323 1776 1361 Horatius,

393 1373 452 1404 sed
482 1374 620 1413 imperio
637 1374 780 1414 Augusti
804 1375 844 1405 ad
869 1375 978 1414 ipsum
995 1379 1106 1404 actum
1135 1374 1290 1405 ludorum
1310 1375 1467 1414 scripsit;
1489 1375 1578 1416 quod
1600 1374 1776 1405 confirmat

393 1425 495 1454 etiam
509 1424 688 1455 Suetonius
704 1425 736 1455 in
754 1425 823 1455 vita
838 1425 955 1455 Poetae
967 1425 1084 1464 nostri,
1099 1430 1133 1455 et
1150 1424 1236 1456 forte
1254 1425 1354 1458 Ovid.
1367 1426 1469 1457 Trist.
1488 1435 1529 1456 ιι.
1540 1429 1591 1456 25.
1608 1433 1641 1456 et
1655 1430 1774 1465 aperte

393 1476 567 1508 Censorin.
575 1476 616 1507 de
626 1477 694 1507 Die
705 1477 786 1508 Nat.
794 1485 884 1508 xvrr.
894 1477 1010 1507 Visum
1021 1481 1070 1507 est
1081 1477 1221 1516 primurn
1230 1477 1420 1516 Sanadono‚
1428 1477 1549 1508 deiude
1559 1487 1667 1517 nuper
1674 1477 1775 1508 etiam

394 1527 635 1568 Ancliersenio‚
647 1528 827 1568 ingeniosis
839 1538 919 1559 sane
932 1528 1120 1559 homiuibus
1132 1533 1167 1560 et
1178 1529 1299 1567 doctis,
1309 1530 1449 1569 seligere
1462 1539 1504 1560 ex
1514 1529 1648 1570 reliquis
1666 1529 1774 1560 Hora-

393 1579 430 1610 tii
445 1580 655 1610 Carminibus
669 1579 834 1621 quaedam,
846 1584 881 1611 et
896 1580 989 1611 velut
1005 1581 1127 1611 Drama
1150 1581 1316 1621 quoddam
1333 1582 1497 1612 Saeculare
1521 1579 1598 1611 in'de
1621 1579 1776 1611 formare.

396 1630 441 1660 Et
458 1630 514 1660 ille
529 1630 662 1670 quidem
690 1630 752 1661 hoc
767 1630 884 1661 ordine
898 1640 924 1661 1.
941 1631 1010 1662 Od.
1025 1634 1077 1663 32.
1102 1641 1158 1662 ιιι.
1172 1632 1239 1662 Od.
1258 1635 1288 1664 l.
1304 1635 1374 1663 1-4.
1388 1641 1445 1664 ιιι.
1461 1632 1528 1664 Od.
1542 1635 1575 1664 6.
1590 1641 1615 1663 ι.
1630 1631 1697 1664 Od.
1719 1635 1774 1664 2l.

394 1681 540 1722 denique
557 1682 664 1721 ipsum
679 1681 742 1712 hoc
758 1686 920 1713 nostrum.
952 1682 1001 1713 Ut
1014 1681 1115 1713 facile
1132 1687 1184 1714 est
1198 1683 1341 1714 inventis
1354 1684 1477 1725 aliquid
1493 1684 1629 1723 addere,
1644 1685 1692 1716 ita
1707 1683 1775 1715 Αιι-

393 1733 586 1764 chersenius
603 1734 697 1764 auxit
718 1733 779 1764 hoc
795 1738 942 1773 systema
957 1743 1064 1773 nuper
1085 1734 1146 1765 hoc
1163 1735 1260 1766 modo
1274 1746 1282 1765 :
1306 1744 1331 1766 1.
1348 1735 1414 1767 Od.
1429 1738 1482 1767 32.
1496 1739 1530 1766 et
1546 1745 1594 1767 ιν.
1610 1735 1678 1767 Od.
1692 1739 1725 1767 6.
1741 1736 1774 1766 in

392 1794 494 1815 scena
517 1785 626 1824 campi
649 1786 767 1816 Martii
789 1791 925 1816 cantata
946 1786 1040 1822 dicit,
1065 1788 1174 1826 primo
1197 1787 1252 1818 die
1269 1787 1436 1818 Ludorum
1458 1787 1698 1819 Saecularium:
1720 1796 1776 1819 ιιι.

392 1836 460 1867 Od.
478 1839 506 1866 l.
522 1837 670 1867 secundo
686 1837 740 1868 die
757 1837 790 1868 in
807 1837 998 1877 Capitolio:
1017 1847 1071 1869 ιιι.
1089 1838 1156 1871 od.
1171 1842 1223 1870 22.
1238 1844 1313 1870 etr.
1331 1839 1398 1871 Od.
1414 1843 1467 1871 21.
1487 1843 1599 1876 nocte,
1619 1849 1693 1880 quoe
1711 1845 1776 1870 ter-

392 1888 474 1918 tium
497 1887 584 1918 diem
608 1890 793 1928 praecessit,
807 1889 839 1919 in
864 1889 991 1928 templo
1010 1889 1126 1919 Dianae
1143 1890 1339 1921 Aventinae:
1363 1900 1387 1922 ι.
1411 1891 1478 1921 Od.
1501 1893 1553 1922 ³1.
1574 1895 1609 1921 et
1626 1900 1773 1931 praesens

392 1941 546 1979 Carmen,
571 1941 673 1971 tertio
695 1941 751 1971 die
774 1941 806 1970 in
829 1941 958 1980 templo
974 1939 1139 1980 Apollinis
1164 1942 1329 1972 Palatini:
1350 1951 1405 1973 ιιι.
1422 1942 1556 1973 Οᾱ.30.
1572 1942 1689 1974 eodem
1705 1943 1773 1984 die,

391 1992 452 2023 sub
467 1991 565 2023 finem
581 1992 750 2023 Ludorum
768 1993 800 2022 in
817 2002 934 2032 campo
948 1993 1091 2031 Martio,
1106 1993 1229 2023 cecinit
1245 1994 1297 2024 vel
1312 1994 1382 2034 ipse
1399 1993 1572 2034 Horatius,
1587 1995 1638 2024 vel
1655 1995 1774 2026 chorus

392 2054 569 2084 puerorum
583 2049 618 2076 et
634 2045 832 2084 puellarum.
866 2045 988 2075 Mirum
1006 2054 1099 2085 sane,
1115 2046 1142 2075 si
1159 2046 1315 2076 Carmina
1330 2046 1426 2076 unius
1439 2046 1640 2086 argumenti,
1653 2046 1773 2078 eodem

392 2102 544 2136 tempore
560 2097 697 2136 scripta,
712 2097 761 2127 ita
775 2096 887 2137 spargi
904 2106 964 2136 per
986 2097 1087 2127 libros
1104 2097 1215 2137 plures
1239 2102 1393 2138 potuere.
1437 2097 1559 2130 Actum
1575 2103 1629 2130 est
1644 2097 1686 2130 de
1702 2102 1774 2130 tota

390 2148 605 2189 chronologia
624 2148 835 2186 Bentleiana,
863 2158 962 2189 quam
999 2158 1099 2188 supra
1129 2150 1359 2189 proposuimus
1387 2154 1422 2181 et
1451 2149 1664 2182 firmavimus.
1705 2150 1772 2182 sed

392 2205 502 2231 tamen
518 2200 727 2237 consideravi
745 2201 818 2240 plus
843 2200 945 2231 semel
970 2200 1060 2240 ipsos
1077 2209 1188 2231 versus
1204 2210 1244 2230 ea
1263 2201 1396 2241 quidem
1413 2205 1536 2239 mente,
1553 2208 1588 2232 nt
1603 2203 1629 2233 si
1645 2202 1724 2244 quid
1739 2202 1773 2233 in

391 2251 431 2282 iis
447 2250 734 2296 deprehenderem
749 2251 974 2282 Saecularibus
994 2251 1096 2282 Ludis
1113 2252 1285 2291 proprium
1302 2251 1361 2293 (de
1377 2252 1494 2293 quibus
1510 2254 1581 2292 jam
1598 2263 1682 2285 anno
1697 2263 1772 2285 nos-

391 2304 434 2334 tri
446 2303 559 2333 saeculi
577 2311 671 2333 xvir.
687 2303 865 2342 diligenter
880 2312 932 2334 me
947 2303 1134 2343 quaesiisse,
1149 2303 1333 2343 disputatio
1352 2309 1420 2334 tum
1437 2304 1529 2335 edita
1545 2305 1640 2335 testis
1659 2310 1724 2344 est,
1738 2305 1771 2336 in

392 2364 457 2395 qua
473 2364 536 2384 non
552 2355 654 2385 multa
669 2354 877 2386 emendanda
895 2364 1031 2386 xxxru.
1045 2357 1133 2394 anni,
1149 2356 1304 2387 saeculum
1314 2355 1454 2396 justum,
1466 2365 1517 2386 me
1529 2355 1702 2397 docuere),
1715 2357 1772 2388 de-

391 2415 537 2437 sererem
556 2406 664 2446 polius
681 2407 927 2446 chronologiam
943 2407 1045 2446 illam,
1062 2417 1158 2447 quam
1175 2407 1287 2447 lepido
1303 2416 1381 2438 sane
1396 2411 1431 2438 et
1446 2416 1511 2437 non
1528 2407 1708 2444 ineleganti
1725 2409 1772 2439 in-

391 2462 494 2489 vento
510 2467 742 2498 repugnarem.
784 2458 875 2491 Quid
892 2458 1183 2499 deprehenderim,
1197 2459 1335 2499 singulis
1350 2459 1432 2490 locis
1447 2459 1605 2500 ascripsi:
1628 2460 1681 2492 liic
1698 2470 1773 2501 pro-

390 2509 481 2547 fiteri
496 2519 612 2550 cogor,
627 2510 722 2541 solidi
739 2519 790 2541 me
805 2509 977 2541 nihildum
995 2511 1155 2547 invenire.
1171 2520 1231 2541 cur
1252 2511 1328 2541 viris
1352 2511 1457 2542 doctis
1474 2511 1647 2542 assentiar.
1691 2511 1772 2544 Glo-

392 2563 474 2592 riam
498 2562 622 2601 ingenii
645 2563 756 2592 neutri
781 2562 955 2602 abjudico;
981 2571 1095 2592 verum
1118 2563 1202 2600 illos,
1227 2563 1278 2593 vel
1299 2562 1496 2592 alterutrum
1519 2562 1651 2603 vidisse,
1673 2573 1770 2605 nego.

393 2614 593 2644 Dissensum
610 2615 711 2644 talem
728 2613 863 2654 indigne
879 2613 964 2645 ferre
981 2623 1077 2645 nemo
1094 2614 1206 2650 debet,
1223 2614 1357 2645 minime
1374 2614 1531 2654 omnium,
1544 2615 1600 2655 qui
1619 2622 1771 2656 receptas

390 2666 575 2696 sententias
591 2666 836 2706 oppugnandas
851 2666 914 2697 sihi
931 2665 1089 2698 sumsere.
1133 2666 1303 2705 Ceterum,
1328 2666 1383 2706 qui
1400 2667 1510 2705 legere
1525 2667 1586 2698 hoe
1601 2668 1770 2699 Saeculare

393 2716 723 2756 Carmenjucundius
741 2717 867 2758 volunt,
883 2718 928 2748 illi
946 2718 1037 2758 prius
1053 2722 1259 2758 cognoscant
1273 2722 1367 2748 certe
1384 2719 1490 2749 locum
1507 2718 1631 2750 Zosimi
1653 2719 1711 2751 lib.
1729 2729 1767 2750 ιι.

392 2777 443 2807 pr.
461 2769 647 2807 praesertim
664 2779 792 2810 versus,
809 2771 864 2811 qui
887 2770 933 2801 ibi
954 2770 1137 2802 recitantur
1151 2770 1343 2810 Sibyllinos,
1359 2779 1440 2811 quos
1456 2770 1589 2811 quidem
1612 2771 1768 2802 disserta-
