1956 3236
580 318 857 350 sssnmosum
891 317 989 348 mu.
1022 317 1054 348 1.
1083 305 1125 348 3.
1487 305 1570 347 811

124 414 188 457 Ut
208 427 394 469 quaeque
413 415 495 462 est,
517 412 581 452 ita
601 412 830 465 suppliciis
852 411 1016 452 delicta
1036 409 1237 452 coercet?

123 481 174 522 Si
193 481 292 535 quis
309 493 407 521 eum
430 489 619 526 servum,
642 479 839 530 patinam
859 478 936 531 qui
957 477 1109 518 tollere
1122 476 1280 530 jussus

123 547 332 588 Semesos
352 546 501 599 pisces
525 543 809 596 tepidumque
829 543 1058 596 ligurrierit
1072 543 1167 596 jus,

124 613 181 654 In
201 625 328 654 cruce
347 610 532 663 suffigat,
554 609 760 650 Labeone
781 610 978 650 insanior
998 610 1108 650 inter

124 679 269 720 Sanos
288 678 474 719 dicatur.
534 674 716 725 Quanto
733 676 815 716 hoe
835 675 1048 717 furiosius
1068 679 1202 729 atque

124 744 278 797 Majus
298 747 528 797 peccatum
549 747 619 782 est
633 743 652 782 'l
714 741 903 783 Paulum
925 742 1110 796 deliquit
1131 742 1328 796 amicus3

122 810 280 865 (Quod
299 810 384 851 nisi
403 807 641 858 concedas,
661 807 847 849 habeare
865 809 1080 859 insuavis,
1099 810 1290 851 acerbus
1306 808 1349 864 3)

1518 475 1574 517 80

1517 811 1575 854 85

121 965 222 994 suunt,
232 959 322 996 atque
334 955 432 996 poenis
445 954 564 986 cohibet
583 957 722 995 peccata,
735 955 901 986 secundum
914 954 962 985 rei
976 954 1120 995 adusque
1130 956 1297 987 meritum?
1316 957 1346 988 si
1360 956 1475 997 aliquis
1487 966 1577 988 cruce

117 998 235 1038 plectat
251 1007 320 1029 eum
332 997 501 1036 famulum,
516 998 582 1037 qui,
595 996 706 1035 jussus
718 995 845 1033 auferre
857 997 1006 1036 catinum,
1020 998 1168 1029 delibat-it
1179 1008 1308 1030 semesos
1326 999 1439 1040 pisces,
1459 1002 1491 1030 et
1505 999 1576 1037 jus·

122 1040 223 1071 culum
236 1041 336 1071 adhuc
350 1043 456 1080 tepens
463 1049 476 1076 ;
497 1039 550 1070 ille
573 1039 745 1070 dementior
767 1038 909 1070 Labeone
930 1039 1095 1079 putabitur
1116 1051 1136 1071 a
1158 1041 1359 1081 sapientibus.
1403 1041 1450 1073 At
1463 1044 1576 1081 quanto

122 1081 254 1121 panius
276 1083 330 1113 illo
355 1085 385 1114 et
411 1082 525 1113 tetrius
547 1085 593 1112 est
614 1081 758 1112 delictum
773 1081 882 1112 istud?
903 1082 1022 1113 amicus
1034 1083 1174 1121 peccavit
1186 1083 1435 1123 aliquantulum;
1455 1084 1534 1123 quod
1547 1082 1578 1114 si

124 1133 186 1155 non
200 1124 358 1165 ignoscas,
371 1123 539 1155 censeberis
553 1123 689 1154 antarior·
703 1126 734 1154 et
747 1123 887 1161 ferocior
894 1134 908 1161 ;
930 1125 1084 1155 aversaris
1097 1128 1127 1156 et
1141 1125 1237 1165 fugis
1256 1135 1319 1157 non
1338 1135 1425 1157 secus
1438 1135 1474 1157 ac
1489 1125 1577 1156 Dru-

730 1217 828 1229 ΜΝ
831 1216 971 1230 ‘OM

125 1301 182 1332 ap.
198 1291 305 1324 Zenn.
322 1293 567 1334 quatinus.—79
586 1294 757 1334 Utcumque
773 1298 819 1326 est
837 1295 934 1326 Harl.
945 1297 1062 1326 2.-81
1076 1295 1184 1327 Codd.
1196 1294 1332 1335 plurimi
1347 1303 1402 1334 ap.
1414 1293 1577 1325 Torrent-

124 1334 295 1374 liguria-ie,
317 1337 461 1376 simplici
485 1339 599 1367 r.—82
621 1336 758 1368 Labiene
775 1337 939 1369 Glarean.
982 1337 1119 1368 Labieno
1142 1338 1230 1377 conj.
1251 1337 1454 1368 Beria—83
1478 1335 1578 1367 Auti-

123 1375 300 1416 quissimus
315 1377 440 1408 Bland.
457 1379 597 1418 Crnqnii
619 1378 656 1409 τὸ
681 1379 737 1409 hoc
752 1379 942 1410 delet.—85
967 1384 976 1398 ¹
994 1379 1170 1410 Bentleius
1185 1379 1313 1410 acerbus
1330 1378 1436 1409 refert
1452 1378 1493 1408 ad
1508 1387 1578 1418 seq.

123 1417 229 1458 edisci,
258 1428 323 1450 non
350 1420 453 1450 male.
497 1418 612 1460 Atque
641 1420 730 1451 idem
758 1430 821 1460 pro
851 1421 942 1455 Quod
970 1420 1061 1460 conj.
1092 1421 1186 1460 Quoi,
1210 1420 1232 1451 i.
1255 1429 1287 1451 e.
1315 1419 1399 1451 (ἔπ’
1425 1419 1576 1450 Zeum—

771 1525 804 1557 N
809 1525 914 1558 07*AE

118 1588 314 1631 gnoscirnr:
328 1588 440 1630 inquit
457 1587 571 1620 Laert.
588 1589 623 1620 in
641 1589 725 1621 Zeu.

163 1640 206 1670 80
228 1637 350 1679 Siquis
363 1649 432 1670 eum
446 1648 580 1679 servum,
595 1637 664 1678 Bm]
693 1639 820 1672 Quam-

121 1687 171 1719 vis
197 1687 231 1719 in
254 1697 370 1719 servos
388 1688 447 1728 jus
475 1689 555 1719 vitae
583 1698 623 1719 ac
646 1689 739 1719 necis
761 1688 820 1719 ha-

120 1734 224 1773 beant
247 1737 388 1775 domini,
408 1747 450 1768 ne
474 1742 587 1768 tamen
610 1738 645 1771 in
669 1748 727 1769 eos
753 1747 816 1769 sae-

120 1785 214 1817 vient
230 1786 325 1827 qnasi
347 1786 496 1827 tyranni,
511 1791 626 1818 monet
641 1787 817 1828 eleganter

118 1833 276 1868 Moerob.
299 1835 436 1868 Saturn.
460 1845 486 1868 1.
511 1838 563 1867 11.
592 1841 601 1854 ‘
619 1837 694 1868 Non
713 1847 816 1878 quan-

121 1890 191 1917 mm
214 1884 328 1926 decet,
344 1886 403 1916 sed
427 1892 590 1927 quantum
612 1886 698 1918 libet
719 1897 813 1919 exer-

121 1943 199 1966 cere
213 1935 364 1967 volumus
379 1936 412 1966 in
429 1946 544 1967 servos
555 1959 564 1968 .
577 1959 586 1968 .
598 1959 606 1968 .
621 1937 715 1976 virga
727 1947 816 1968 mur-

120 1993 194 2016 mur
203 1994 302 2017 omne
313 1986 540 2026 compescitur
551 2009 559 2018 .
570 2009 578 2017 .
588 2008 597 2017 .
607 1987 719 2026 tussis,
730 1990 817 2018 ster-

122 2038 366 2071 nutamentum,
393 2036 560 2076 singultus
586 2045 706 2076 magno
729 2036 817 2068 malo

121 2081 327 2120 luitur‚'&e.
367 2095 378 2097 “

165 2133 205 2164 81
228 2131 438 2172 Ligurrierit]
464 2131 493 2163 A
518 2133 582 2164 Gr.
603 2132 737 2172 λείχειν,
759 2133 820 2163 iin-

122 2190 209 2221 gere,
224 2181 316 2213 Gau.
335 2181 449 2220 molier,
466 2183 519 2213 vel
534 2181 595 2213 ἀπὸ
609 2182 666 2213 τοῦ
680 2183 823 2222 λιγυροΰ,

123 2231 214 2272 quod
237 2240 332 2263 suave
352 2231 536 2272 significat.
581 2231 613 2263 A
641 2232 821 2273 Liguribus

122 2281 257 2322 populis
273 2290 338 2312 non
362 2281 426 2312 nisi
448 2281 584 2322 ineptus
601 2281 767 2323 quispiam
784 2286 820 2313 et

122 2329 281 2362 indoctus
321 2330 510 2363 crediderit
545 2341 642 2372 posse
682 2331 818 2363 deduci.

120 2376 316 2420 Ligurw‘erit
328 2380 401 2420 jus]
424 2381 512 2413 Gall.
531 2381 585 2422 qui
605 2391 684 2413 aura
702 2382 819 2422 trempb

121 2439 170 2462 ses
183 2431 290 2470 defiges
302 2432 381 2462 dans
393 2432 425 2462 la
439 2441 542 2462 sance.

164 2482 207 2512 82
228 2480 269 2511 In
295 2490 385 2513 cruce
402 2480 544 2523 suffigat]
567 2481 657 2512 Crux
682 2479 818 2511 differe-

122 2527 182 2560 bat
204 2538 223 2560 a
241 2529 339 2562 furca
353 2530 422 2561 sive
438 2531 602 2570 patibulo.
648 2530 723 2561 Hoc
745 2534 820 2562 erat

124 2578 231 2618 stipes
243 2584 366 2611 'rectus
387 2579 514 2611 liabens
534 2579 601 2611 duo
618 2589 756 2615 cornua,
772 2579 819 2610 in-

126 2631 181 2657 ter
190 2636 263 2667 quae
277 2628 487 2660 inserebatur
499 2630 615 2660 cervix
628 2628 820 2667 facinorosi,

125 2685 244 2708 manus
259 2683 371 2709 tutem
389 2679 486 2710 rumis
502 2679 567 2710 illis
587 2688 645 2710 seu
661 2678 820 2710 cornibus

127 2725 364 2766 alligabantur.
381 2727 509 2768 itaque
526 2738 670 2770 nequam
687 2733 819 2768 gestans

126 2774 256 2806 furcam
285 2784 343 2806 seu
367 2776 554 2815 patibulum
583 2778 686 2818 virgis
709 2778 819 2809 caede·

129 2826 230 2858 batur
250 2835 270 2857 a
284 2826 466 2864 conservis,
480 2833 539 2858 aut
558 2828 659 2858 etiam
675 2837 695 2858 a
710 2826 818 2859 carni-

871 1589 960 1621 fice:
990 1593 1110 1630 postea
1138 1597 1219 1620 vero
1250 1587 1282 1619 in
1305 1596 1442 1619 crucem
1468 1586 1574 1618 inter-

871 1638 951 1670 dum
974 1638 1156 1679 agebatur,
1174 1637 1278 1669 clavis
1294 1638 1328 1668 in
1349 1646 1391 1668 ea
1405 1636 1573 1668 confixus.

869 1688 994 1720 Isidor.
1015 1688 1111 1727 Orig.
1135 1696 1170 1718 v.
1189 1689 1243 1717 27.
1266 1691 1276 1704 ‘
1296 1685 1447 1717 Patibuli
1465 1685 1574 1717 minor

870 1747 972 1778 poena
987 1746 1087 1778 quam
1105 1738 1230 1768 crucis.
1275 1736 1364 1767 Nam
1381 1735 1573 1775 patibulum

870 1787 985 1817 statim
1013 1794 1191 1827 appensos·
1214 1785 1386 1816 exanimat
1416 1788 1574 1824 strangu-

869 1836 990 1867 lando:
1015 1845 1099 1867 crux
1124 1839 1238 1867 autem
1262 1833 1400 1867 suffixos
1421 1835 1481 1866 diu
1504 1839 1575 1866 tor-

872 1889 956 1926 quet
980 1890 1016 1916 et
1040 1884 1193 1916 cruciat!
1240 1885 1291 1915 De
1307 1884 1358 1915 his
1375 1885 1482 1916 multa
1498 1894 1575 1915 eru-

871 1934 943 1966 dite
965 1934 1108 1966 Salmas.
1131 1935 1243 1975 Epist.
1270 1934 1311 1965 nd
1335 1934 1398 1966 Tb.
1418 1934 1575 1966 Barthol.

870 1984 953 2015 item
969 1983 1005 2016 J.
1019 1984 1112 2024 Lips.
1127 1983 1170 2014 de
1187 1983 1309 2015 Cruce.
1365 2006 1369 2008 ἡ

913 2032 1056 2064 Labeone
1068 2033 1224 2073 insanior]
1247 2034 1297 2065 M.
1315 2032 1485 2065 Antistius
1511 2034 1574 2065 La-

871 2081 950 2121 beo,
979 2082 1261 2119 Juriscnnsultus,
1299 2086 1366 2114 tam
1405 2083 1573 2123 petulanti

872 2131 1037 2172 linguavet
1053 2132 1259 2172 pervicacia,
1276 2137 1314 2164 ut
1332 2133 1366 2163 in
1381 2132 1572 2168 Augustum
1614 2130 1620 2135 ”

873 2182 980 2213 multa
996 2180 1165 2222 effutiret,
1177 2182 1319 2224 ejusque
1334 2192 1513 2223 perperam
1527 2183 1575 2215 le-

875 2239 935 2271 ges
960 2232 1240 2271 reprehenderet.
1290 2233 1428 2264 Sueton.
1444 2233 1574 2265 Octav.

874 2290 950 2321 cap.
974 2284 1029 2313 64.
1063 2281 1129 2312 Dio
1153 2290 1225 2314 mv.
1254 2283 1388 2314 Gellius
1411 2291 1495 2314 xm.
1522 2286 1575 2315 12.

873 2330 883 2348 ‘
895 2329 1064 2371 Agitabat
1078 2331 1246 2362 bominem
1262 2332 1404 2364 libertas
1417 2333 1573 2373 quaedam

872 2380 977 2411 nimia
999 2385 1034 2411 et
1058 2390 1188 2417 vecors,
1204 2391 1310 2423 usque
1333 2392 1372 2413 eo
1388 2386 1427 2413 ut
1441 2383 1488 2413 D.
1503 2381 1573 2412 Au-

873 2435 975 2471 gusto
989 2430 1062 2471 jam
1091 2431 1246 2472 principe
1273 2437 1308 2462 et
1335 2433 1457 2470 Remp.
1487 2431 1572 2461 obti-

873 2484 992 2521 nente,
1009 2485 1116 2511 ratum
1135 2486 1247 2512 tamen
1269 2488 1476 2520 pensumque
1491 2479 1574 2509 nihil

872 2530 1026 2570 haberet,
1037 2531 1101 2561 nisi
1112 2530 1338 2571 quodjustum
1352 2533 1574 2568 sanctumque

874 2588 948 2610 esse
976 2580 1009 2609 in
1041 2578 1200 2609 Romanis
1230 2577 1492 2618 antiquitatibus
1525 2579 1573 2609 le-

873 2627 1000 2668 gisset!

917 2677 1005 2708 Inter
1021 2676 1122 2707 Sanos
1135 2675 1273 2715 dicatur]
1289 2676 1372 2707 Vult
1388 2677 1476 2707 enim
1491 2686 1573 2708 sana

873 2734 967 2757 mens
994 2730 1031 2756 ut
1062 2734 1126 2756 nec
1154 2723 1283 2756 frustra
1311 2725 1446 2767 loquare
1477 2727 1569 2766 quod

872 2774 992 2806 inutile
1020 2773 1092 2806 fore
1117 2775 1348 2815 cognoscitur,
1363 2784 1424 2806 nec
1441 2779 1571 2806 temere

872 2825 1069 2866 Principem
1088 2823 1260 2865 offenda53
1283 2824 1430 2867 denique
1453 2825 1572 2857 memi-
