1904 3256
665 282 851 314 EPODnN
889 281 1052 312 mnen-
1496 269 1581 310 729

300 377 499 420 Alitibus
520 379 656 430 atque
678 375 864 417 canibus
884 373 1151 416 homicidam
1174 372 1433 421 Hectorem,

302 446 546 499 Postquam
569 444 734 485 relictis
754 442 980 484 moenibus
999 454 1078 483 rex
1098 440 1292 494 procidit

298 511 430 566 (Heu
444 509 477 566 !)
506 511 757 565 pervicacis
778 510 836 552 ad
858 509 998 564 pedes
1017 507 1224 551 Achillei.

303 579 462 620 Setosa
478 578 600 619 duris
620 589 782 618 exuere
802 576 997 630 pellibus

303 644 535 686 Laboriosi
555 644 742 698 remiges
762 643 964 697 UIyssei,

302 710 495 753 Volente
516 711 665 762 Circa,
685 711 879 752 membra
897 724 908 762 3
939 714 1044 752 tunc
1066 721 1202 757 mens,
1225 712 1269 750 et
1289 720 1427 749 sonus

305 777 551 833 Relapsus,
572 783 709 833 atque
731 782 862 820 notus
883 779 928 819 in
950 777 1101 819 vultus
1120 775 1274 817 honor.

1527 573 1585 614 15

135 890 192 923 bus
206 896 239 924 et
251 893 378 925 canibus
392 895 585 932 damnatum,
604 895 765 934 postquam
779 902 837 925 rex
851 893 926 924 urbe
940 892 1098 924 discedens
1113 892 1250 923 advolvit
1266 901 1299 923 se
1311 889 1440 932 pedibus
1455 888 1590 921 Achillis

133 933 208 966 eheu
224 935 437 968 inexorabilis.
461 936 611 976 Remiges
629 935 752 977 Ulyssis
773 935 927 967 laboribus
948 935 1080 966 exerciti
1097 939 1211 966 setosos
1232 938 1321 965 artus
1335 935 1484 964 exuerunt
1500 933 1588 962 dur-is

132 977 272 1016 pellibus,
293 980 475 1011 concedente
492 979 600 1011 Circe:
621 989 658 1010 αι·
681 982 747 1010 tum
768 979 919 1010 restituta
931 981 1003 1010 sunt
1025 977 1119 1015 rat-io,
1143 987 1253 1013 sermo,
1275 980 1304 1008 et
1326 975 1477 1016 pristinae
1490 973 1590 1012 faciei

743 1074 979 1086 eeeeeeeeee

137 1145 200 1178 pro
216 1146 249 1168 v.
265 1137 287 1170 1.
302 1137 474 1170 Torrentii
499 1138 664 1171 Laurent.
688 1137 841 1169 Lambini
854 1138 997 1180 aliquot,
1014 1139 1081 1170 duo
1105 1137 1302 1174 Pulmauni‚
1325 1134 1466 1168 totidem
1488 1134 1592 1165 Bers-

138 1179 264 1215 manui,
281 1179 492 1221 totidemque
506 1181 678 1212 Lucenses
693 1181 839 1212 omnium
858 1181 1119 1222 vetustissimos,
1144 1187 1180 1212 nt
1206 1181 1254 1212 ait
1277 1177 1425 1212 Michael
1449 1177 1593 1216 Brutus,

139 1218 239 1253 Gott.
251 1221 378 1253 venet.
390 1225 486 1254 1490.
509 1222 655 1255 Locher.
670 1223 822 1254 Florent-
840 1225 935 1255 1482.
952 1224 994 1255 R.
1011 1223 1127 1264 steph.
1148 1223 1300 1254 Lambin.
1315 1221 1430 1253 Bentl.
1443 1218 1595 1259 Sandby‚

139 1262 284 1295 Wetzel.
299 1263 423 1297 Sanad.
439 1265 588 1306 'rowers‚
604 1265 760 1303 Francis,
775 1264 911 1296 Wakef.
925 1271 961 1296 et
974 1265 1079 1298 Kidd.
1104 1271 1140 1298 et
1163 1266 1213 1297 sic
1238 1265 1323 1304 legit
1348 1262 1528 1295 Lachman.
1549 1260 1592 1293 ad

140 1305 303 1346 Propert.
319 1314 377 1337 ιιι.
393 1310 424 1338 4.
438 1308 490 1338 31.
513 1307 603 1348 (47.)
652 1307 778 1339 Unaeere
795 1307 890 1338 Harl.
908 1310 938 1338 1.
953 1311 984 1339 2.
1002 1311 1031 1340 3.
1046 1312 1078 1340 4.
1093 1311 1126 1340 6.
1149 1317 1266 1339 omnes
1281 1305 1452 1338 Torrentii
1469 1308 1595 1344 praeter

140 1356 256 1387 unum,
271 1353 415 1388 quatuor
425 1348 573 1383 Blandd.
589 1349 670 1388 Vet.
686 1349 799 1380 Schol.
814 1355 849 1380 et
865 1349 1004 1381 Divaens
1020 1360 1074 1390 ap.
1092 1350 1196 1390 Cruq.
1214 1350 1329 1389 plures
1346 1346 1511 1382 Lambini,
1527 1345 1596 1376 duo

139 1389 334 1426 Pnlmanffi,
349 1399 435 1420 «inus
452 1390 599 1428 Barthii,
615 1389 759 1421 Advers.
778 1399 929 1422 xxxvii.
949 1395 999 1422 15.
1018 1392 1167 1422 Bentleii
1184 1392 1301 1423 Graev.
1318 1389 1449 1421 Zulicli.
1466 1387 1597 1419 Battel.

139 1430 224 1471 Reg.
244 1429 324 1462 Soc.
348 1431 507 1462 Petrens.
525 1435 562 1462 et
586 1431 686 1462 Bodl.
701 1434 731 1463 1.
746 1434 778 1463 2.
802 1432 920 1463 Zarot.
943 1433 1087 1464 Mediol.
1103 1435 1197 1464 1477.
1226 1433 1305 1463 Vet.
1331 1430 1450 1462 Comb.
1466 1430 1594 1460 Venet.

140 1474 236 1504 1477.
250 1474 346 1504 14⁷8.
362 1474 460 1504 14⁷9.
491 1473 537 1504 H.
564 1472 679 1514 steph.
703 1473 808 1513 Cruq.
830 1473 987 1505 Tor-rent.
1011 1474 1137 1514 Delph.
1161 1473 1334 1505 Schrevel.
1360 1473 1464 1503 Baxt.
1491 1470 1596 1503 Gesn-

137 1513 245 1547 Zeun.
274 1514 416 1555 Bipont.
445 1514 586 1546 Mitsch.
615 1520 652 1547 et
683 1514 802 1546 Comb.
845 1516 855 1533 ‘
877 1515 1004 1548 Unxere
1033 1515 1238 1558 legendum,’
1269 1516 1368 1556 gloss.
1397 1515 1430 1545 in
1459 1513 1595 1544 duobus

137 1556 349 1589 Binum—12
371 1556 488 1589 Codex
505 1557 720 1596 Bersmanni,
737 1556 923 1590 homicidam
940 1558 1080 1590 Hectora
1090 1570 1101 1596 ;
1117 1563 1153 1590 et
1169 1559 1218 1590 sic
1233 1557 1376 1590 edidere
1393 1555 1515 1588 Sanad.
1532 1555 1596 1587 Cu-

138 1598 195 1630 niu
222 1621 231 1631 .
252 1599 408 1639 Towers,
422 1603 459 1631 et
475 1599 716 1632 Francis.—16
742 1600 906 1632 Nonnulli
922 1601 1022 1633 codd.
1041 1601 1168 1639 Ulixei;
1192 1605 1228 1633 et
1244 1601 1292 1632 sic
1311 1600 1426 1631 Bentl.
1441 1603 1476 1630 et
1492 1597 1598 1629 Kidd.

137 1641 181 1672 Vi
209 1663 217 1672 .
234 1640 347 1683 Heyn.
362 1641 405 1673 ad
421 1642 518 1683 Virg.
534 1642 609 1674 Ecl.
626 1651 709 1674 νιιι.
725 1645 778 1674 70.
825 1642 894 1674 Alii
909 1642 1009 1674 codd.
1029 1643 1163 1675 Ullixei.
1209 1643 1285 1674 Vid.
1306 1642 1388 1673 Var.
1413 1642 1526 1672 Lectt.
1553 1640 1596 1677 ad

140 1692 167 1716 ι.
184 1683 301 1718 Od.6.
317 1687 437 1716 7.-17
465 1684 556 1716 Circe
584 1684 680 1715 Harl.
694 1686 727 1716 2.
741 1688 774 1716 4.
791 1686 824 1716 6.
848 1685 957 1716 ceteri
983 1683 1056 1716 fere
1080 1685 1182 1716 codd.
1209 1690 1246 1717 et
1271 1683 1352 1715 edd.
1377 1691 1494 1713 omnes
1516 1685 1597 1713 ante

138 1725 255 1758 Bentl.
271 1726 386 1768 quiex
402 1727 480 1758 Val.
493 1726 599 1758 Prob.
617 1725 727 1763 edidit
745 1726 861 1763 (Σὺ-ιω
884 1731 921 1758 et
945 1727 995 1758 ita
1017 1727 1119 1760 Harl:
1134 1730 1164 1758 1.
1179 1729 1210 1758 3.
1232 1730 1318 1757 vett.
1341 1724 1441 1756 codd.
1464 1723 1598 1764 Cujacii

138 1766 242 1801 01181.
265 1777 332 1801 xn.
348 1771 400 1800 18.
422 1768 626 1800 Graevianus
649 1778 706 1809 ap.
729 1768 924 1800 Broukhus.
947 1769 1112 1810 Propert.
1128 1778 1170 1800 ιι.
1186 1772 1218 1800 7.
1242 1767 1381 1800 Mitsch.
1402 1764 1539 1797 Wakef.
1561 1770 1599 1796 et

139 1809 247 1843 Kldd.
293 1810 382 1844 Vide
402 1810 515 1852 Heyn.
538 1811 581 1842 ad
604 1810 700 1852 Virg.
724 1810 800 1843 AEn.
816 1820 873 1844 111.
895 1813 1055 1843 386.-18
1080 1811 1170 1843 Huic
1187 1810 1297 1842 versui
1314 1819 1361 1841 vs.
1377 1811 1496 1840 42-45.
1519 1807 1599 1839 sub-

802 1885 944 1918 NOTAE

139 1947 176 1980 id
191 1951 269 1980 est:
293 1948 457 1982 Quamvis
472 1947 694 1981 interfectum
710 1947 843 1980 Hecto·
895 1947 1058 1980 dandum.
1106 1948 1194 1980 Vide
1210 1957 1236 1980 1.
1253 1947 1322 1981 Od.
1338 1950 1389 1980 10.
1406 1949 1460 1978 14.
1484 1945 1600 1988 ibique

141 2006 215 2029 rem
250 1998 390 2030 canibus
427 2002 463 2030 et
500 1998 724 2040 accipitribus
761 1997 844 2030 dare
898 1997 983 2030 Not.

142 2046 351 2088 insepultum
375 2047 525 2080 Achilles
541 2049 741 2080 statuisset:
766 2048 846 2079 Pri·
942 2051 981 2080 15
1007 2048 1116 2080 Setosa
1131 2048 1233 2087 duris,
1247 2046 1316 2088 ssa]
1347 2046 1484 2088 Ulyssis
1501 2045 1603 2077 comi·

145 2105 221 2128 amo
236 2101 350 2129 tamen
363 2097 572 2138 supplicanti
587 2097 742 2138 indulsit,
764 2107 845 2129 con·

145 2146 316 2189 cessitque
326 2146 414 2178 illius
425 2147 586 2187 cadaver,
598 2146 690 2189 quod
707 2146 844 2189 quidem

145 2201 311 2230 matronae
326 2197 485 2238 'l'rojanae
502 2206 544 2228 ex
557 2205 651 2228 more
663 2202 848 2237 unxerunt,

144 2246 370 2288 sepelierunt,
405 2248 576 2284 luxerunt,
603 2256 644 2279 ac
677 2248 845 2289 supremis

78 2331 81 2333 ,
142 2296 326 2329 honoribus
340 2297 602 2329 decoraverunt.

188 2349 228 2380 12
252 2346 454 2380 Homicidam
467 2346 653 2389 Hectorem]
677 2347 745 2381 Qui
761 2347 845 2379 mul·

146 2401 198 2430 tos
214 2396 367 2429 homines
382 2397 415 2428 in
432 2396 521 2428 bello
534 2396 721 2430 occiderat.
764 2397 846 2438 Epi-

146 2447 231 2490 thet.
254 2446 396 2480 Homer.
427 2446 625 2490 ἀνδροφόνος,
655 2448 707 2479 vel
731 2448 847 2490 ἀνδρει-

148 2499 276 2540 unns.

190 2551 230 2580 1⁸
254 2549 424 2591 Postquam
457 2549 576 2583 relictis
611 2550 761 2582 „mnibus
788 2560 847 2582 rex

147 2598 295 2637 procidit,
322 2598 394 2640 qe]
429 2598 516 2632 Cum
541 2593 715 2642 digressus
741 2599 847 2639 Troja

152 2649 307 2683 Priamus
333 2651 378 2684 ad
400 2650 568 2685 Achillem
596 2653 743 2694 supplex
769 2661 846 2683 cum

153 2699 282 2740 maguis
295 2701 488 2733 muneribus
511 2704 671 2744 accessit,
684 2702 848 2743 impetra-

154 2749 270 2790 vitque
295 2748 338 2780 ab
367 2758 421 2790 eo,
448 2755 489 2783 ut
517 2752 578 2784 filii
603 2753 655 2786 sui
681 2752 846 2786 Hectoris

153 2796 364 2830 condonaret
387 2798 450 2830 sibi
465 2801 613 2839 cadaver
629 2807 730 2836 terrae
754 2812 846 2835 man·

897 2102 948 2131 tes
963 2099 997 2130 in
1014 2109 1135 2140 porcos
1153 2097 1417 2130 transformarat
1429 2097 1528 2129 Circe
1542 2105 1603 2137 per

899 2148 1082 2182 veneficia:
1108 2153 1144 2181 at
1175 2148 1308 2190 Ulyssis
1335 2147 1496 2189 precibus
1523 2156 1604 2178 exo·

900 2205 977 2231 rata
991 2200 1026 2231 in
1043 2199 1221 2241 pristinam
1239 2198 1383 2230 formam
1409 2198 1485 2229 illos
1508 2197 1606 2228 resti·

899 2250 978 2281 tuit.
1014 2250 1134 2291 ltaque
1151 2253 1322 2280 exuerunt
1335 2249 1443 2290 pelles
1459 2253 1603 2287 setosas‚
1656 2272 1658 2275 ,

899 2309 940 2331 ac
978 2303 1211 2331 resumserunt
1247 2298 1430 2330 humanum
1464 2302 1603 2338 statum,

901 2350 1042 2386 vultum,
1078 2358 1280 2388 sermonem,
1315 2348 1457 2381 rationis
1495 2357 1602 2392 usum.

901 2400 1043 2432 Homer.
1067 2399 1194 2441 Odyss.
1210 2403 1249 2431 K.
1276 2399 1399 2440 Virgil.
1419 2398 1496 2430 Ecl.
1520 2406 1602 2429 vm.

901 2455 938 2483 et
963 2450 1096 2482 AEneid.
1122 2459 1181 2483 ιιι.
1208 2450 1312 2483 ovid.
1343 2450 1430 2480 Met.
1458 2456 1536 2479 xiv.
1566 2447 1602 2478 S.

901 2500 1080 2542 chrysost.
1104 2500 1154 2532 ait
1178 2505 1188 2519 ‘
1204 2498 1392 2531 maleficam
1416 2498 1540 2529 Circen
1555 2497 1604 2528 ita

900 2551 1012 2583 brutis
1027 2549 1260 2591 voluptatibus
1282 2549 1450 2579 inescasse
1470 2547 1603 2589 Ulyssis

901 2600 1056 2639 comites,
1075 2605 1114 2630 ut
1137 2599 1164 2629 si
1188 2597 1335 2629 fuissent
1357 2597 1475 2637 porci!
1512 2597 1603 2638 Vide

901 2659 927 2682 1.
944 2650 1054 2690 Epist.
1071 2651 1104 2680 2.
1121 2650 1175 2680 23.
1191 2647 1307 2688 ibique
1326 2646 1408 2678 Not.

945 2701 984 2731 17
1004 2697 1116 2739 Circa]
1137 2698 1225 2730 Haec
1240 2696 1311 2729 filia
1327 2697 1406 2729 solis
1420 2707 1460 2729 ac
1477 2696 1601 2729 Perses

902 2749 1085 2790 Nymphae,
1110 2746 1286 2780 veneficiis
1314 2747 1456 2788 inclyta,
1478 2747 1602 2778 herba-

901 2811 974 2833 rum
992 2799 1210 2842 peritissima,
1234 2799 1243 2816 ‘
1256 2798 1334 2831 Diis
1353 2798 1458 2831 etiam
1475 2799 1604 2840 ascrip-
