1956 3236
0 601 8 648 Χ..
2 559 4 566 ἡ

0 782 20 873 “Q-ff.
0 692 20 741 ...Δ-
0 648 19 676 ἐὴ

482 259 566 300 866
946 275 991 310 Q.
1023 272 1228 302 HORATH
1263 271 1431 302 FnAccr

484 362 655 403 Nollem
679 374 790 402 onus
811 361 942 411 (haud
965 373 1153 412 unquam
1174 361 1348 410 solitus)
1369 367 1538 414 portare
1558 365 1798 406 molestum.

484 427 602 467 Nam
623 427 727 467 mihi
750 427 949 466 continuo
969 424 1107 476 major
1127 426 1360 476 quaerenda
1381 427 1489 468 foret
1509 441 1590 477 reS,
1814 432 1896 471 100

482 491 628 544 Atque
649 489 867 531 salutandi
887 489 1062 541 plures3
1089 490 1313 529 ducendus
1335 494 1377 531 et
1396 505 1508 532 unus

482 558 539 598 Et
558 567 703 597 comes
725 555 842 601 alter,
859 554 925 593 uti
945 565 996 592 ne
1016 553 1136 594 solus
1157 567 1281 595 rusve
1301 568 1492 608 peregre—

480 635 534 662 ve
554 621 743 669 exirem;
765 618 911 670 plures
931 618 1109 658 calones
1130 622 1254 670 atque
1276 621 1436 661 caballi

479 683 720 733 Pascendi3
752 682 953 723 ducenda
973 683 1194 737 petorrita.

1254 684 1381 725 Nunc
1402 686 1505 726 mihi
1526 690 1645 727 curto

480 751 550 791 Ire
570 749 673 788 licet
692 748 822 796 mulo,
843 748 925 796 vel,
947 748 984 787 si
1003 747 1127 796 libet,
1147 761 1282 800 usque
1302 749 1547 800 Tarentum,
1811 753 1896 794 105

479 813 677 854 Mantica
691 814 761 853 cui
780 813 951 853 lumbos
973 825 1099 853 onere
1120 813 1295 863 ulceret,
1316 819 1446 867 atque
1468 829 1600 868 eques
1621 829 1778 858 armos,

479 878 672 930 Objiciet
691 891 816 918 nemo
841 878 991 918 sordes
1011 877 1127 925 mihi,
1149 891 1259 930 quas
1285 879 1378 927 tibi,
1398 879 1530 928 Tulli,

476 943 587 983 Cum
606 943 786 983 Tiburte
805 944 877 986 via
895 946 1123 995 praetorem
1144 943 1331 994 quinque
1353 949 1583 996 sequuntur

477 1077 555 1114 quod
567 1075 656 1112 serre
667 1085 764 1114 grave
777 1085 852 1106 onus
865 1084 1043 1112 recusarem,
1066 1076 1104 1104 ad
1128 1074 1160 1104 id
1175 1074 1299 1105 minime
1312 1080 1458 1107 assuetus.
1504 1077 1588 1108 Nam
1606 1079 1733 1116 proinde
1745 1081 1896 1118 oporteret

475 1126 649 1156 comparare
663 1117 790 1154 mqy'ores
804 1117 952 1151 divitias:
974 1125 1087 1146 necnon
1101 1116 1202 1154 plures
1216 1115 1365 1147 invisere.-
1380 1126 1416 1146 αι·
1430 1117 1650 1148 circumducere
1664 1119 1736 1149 duos
1750 1122 1893 1150 mentae.-

475 1167 530 1188 nec
544 1158 648 1188 liceret
662 1159 757 1188 solum
773 1158 926 1198 proficisci
940 1166 992 1187 rus
1006 1159 1059 1186 aut
1073 1156 1281 1195 peregrinari:
1303 1157 1461 1188 nutriendi
1475 1157 1583 1194 forent
1599 1159 1701 1198 plur-ee
1715 1161 1783 1199 equi
1797 1163 1828 1190 et
1842 1160 1896 1198 fa-

474 1199 550 1229 muli
560 1210 570 1229 .·
589 1200 792 1239 pertrahendo
806 1199 952 1229 vehicula.
995 1198 1071 1227 Jam
1083 1206 1153 1227 vero
1167 1197 1260 1227 etiam
1277 1197 1441 1229 Tarentum
1454 1207 1560 1239 usque,
1573 1201 1599 1229 si
1614 1201 1726 1239 placet,
1739 1202 1896 1231 decurtato

471 1249 596 1278 possum
610 1241 678 1272 vehi
692 1242 771 1271 mulo
782 1251 793 1276 ;
815 1240 864 1270 cui
890 1239 1004 1270 lumbos
1026 1238 1159 1273 sarcina,
1182 1247 1282 1268 armos
1305 1248 1375 1269 vero
1390 1248 1489 1270 sessor
1500 1241 1647 1277 vulneret.
1693 1242 1807 1273 Nauae
1819 1241 1897 1272 mihi

473 1283 628 1313 sordidam
642 1282 804 1313 avaritiam
820 1280 1028 1321 exprobrabit,
1047 1279 1129 1310 sicut
1149 1278 1218 1323 tibi,
1235 1279 1328 1315 Tulli,
1342 1282 1460 1320 quando
1479 1280 1641 1314 Tiburtina
1659 1282 1711 1313 via
1724 1283 1896 1314 Proetorem

1066 1372 1143 1384 ‘m
1147 1372 1298 1384 “0000“

475 1435 652 1485 Heindorf}
680 1451 715 1478 et
742 1446 844 1478 Kidd.
870 1447 1095 1478 nollem—102
1119 1446 1214 1477 Gott.
1243 1446 1341 1477 Harl.
1356 1450 1388 1478 2.
1409 1449 1439 1476 3.
1461 1449 1491 1477 4.
1513 1449 1543 1477 6.
1565 1449 1596 1478 7.
1619 1446 1734 1478 Zarot.
1755 1447 1893 1478 Venett.

472 1491 566 1519 1477.
585 1491 675 1519 1478.
693 1491 784 1519 1479.
808 1489 955 1519 Florent.
973 1490 1064 1518 1482.
1086 1492 1122 1518 et
1138 1488 1218 1519 Vet.
1236 1487 1351 1518 Comb.
1367 1497 1492 1526 peregre
1502 1490 1674 1519 auh—107
1700 1488 1773 1519 Tilli
1795 1488 1891 1520 Harl.

473 1531 505 1559 2.
522 1532 552 1559 3.
568 1531 598 1559 7.
622 1530 733 1560 Benxi.
750 1529 890 1568 Cuning.
918 1528 1039 1560 Sanad.
1062 1529 1213 1568 Francis,
1235 1529 1377 1560 Wetzel.
1394 1528 1525 1560 Wakef.
1548 1532 1582 1560 et
1605 1529 1705 1559 Kidd.
1748 1529 1834 1560 Vide
1850 1529 1892 1560 ad

1115 1631 1253 1663 NOTAE

515 1706 556 1734 99
581 1703 684 1743 Onus]
707 1703 821 1735 Onera
832 1702 1087 1735 etincommoda
1098 1712 1155 1734 no-

473 1753 548 1783 bilis
571 1752 771 1784 conditionis
795 1757 830 1783 et
848 1752 1030 1792 dignitates
1053 1752 1154 1783 hono-

474 1810 595 1840 resque
610 1801 814 1839 cnpessentis
830 1801 1056 1840 gerentisque.

515 1850 574 1878 101
619 1847 783 1878 salutandi
810 1849 927 1887 plures]
965 1848 1153 1878 Ambiendo

472 1894 639 1935 suffragia,
668 1895 936 1926 benevolentiam
976 1895 1153 1934 captando,

473 1943 707 1982 Magistratum
721 1942 866 1982 petendo
882 1953 889 1972 :
906 1947 943 1974 ut
955 1943 1054 1973 moris
1071 1947 1132 1973 est.

514 1991 680 2021 Ducendus
691 1993 720 2021 et
737 2000 813 2021 unus
827 1992 872 2021 Et
883 2000 979 2021 comes
988 1991 1154 2030 αἰὼν-,ξολ

471 2039 549 2071 Hoc
573 2039 659 2070 enim
685 2040 824 2079 requirit
847 2039 1019 2078 decorum,
1036 2039 1152 2078 honor,

471 2089 646 2128 majestas,
661 2088 821 2128 dignitas.

508 2139 566 2167 104
589 2136 761 2175 Petorrita]
776 2137 974 2168 Petoritum
987 2140 1037 2166 est
1050 2146 1153 2175 genus

472 2185 558 2217 carri
589 2190 732 2226 quatuor
762 2190 907 2216 rotarum
924 2196 934 2224 ;
959 2185 1000 2216 ab
1030 2186 1155 2216 AEolico

471 2233 609 2273 τέτορες,
637 2242 699 2274 pro
724 2232 892 2274 re'wapes:
915 2235 966 2265 vel
996 2234 1037 2264 ab
1065 2234 1156 2265 Osca

473 2293 567 2323 voce,
580 2286 699 2322 petora,
725 2283 876 2313 similiter
893 2287 1035 2323 quatuor
1051 2282 1153 2322 signi-

472 2331 605 2363 ficante.
635 2331 767 2362 Dicitur
783 2332 883 2362 etiam
900 2331 1065 2362 Gallicum
1081 2340 1153 2362 esse

472 2379 672 2419 vehiculum,
685 2389 750 2410 non
763 2380 906 2411 absurde
919 2392 928 2419 ;
951 2385 988 2411 ut
1000 2381 1085 2411 Galli
1099 2390 1152 2411 ac-

472 2428 624 2469 ceperint
637 2437 657 2458 a
669 2427 932 2459 Massiliensibus
949 2429 1070 2459 Graeca
1091 2429 1151 2458 lin-

474 2486 539 2517 gua
554 2475 735 2508 utentibus.
771 2476 855 2506 Sunt
871 2476 927 2516 qui
942 2481 1076 2516 etymon
1092 2475 1152 2506 du-

471 2530 551 2556 cant
563 2534 582 2555 a
596 2524 765 2556 Britannis
782 2530 816 2555 et
831 2525 945 2562 Celtis,
966 2524 1053 2564 apud
1070 2533 1152 2565 quos

469 2575 566 2614 pedar-
594 2579 646 2605 est
673 2577 836 2614 quatuor:
874 2573 931 2603 sed
962 2582 1150 2613 perperam.

473 2623 560 2653 Vide
573 2623 708 2653 Festum
723 2633 732 2653 ι
755 2621 835 2652 item
851 2622 937 2653 Geli.
954 2630 1014 2653 xv.
1031 2625 1082 2653 30.

517 2672 612 2701 curto
626 2671 720 2710 mulo]
742 2670 822 2708 Vili,
837 2670 936 2710 turpi,
959 2671 1012 2700 cui
1032 2670 1150 2701 decur-

474 2724 545 2750 tata
559 2725 609 2750 est
624 2720 740 2751 cauda.
772 2719 932 2760 Propert.
949 2727 997 2750 ιν.
1013 2721 1042 2749 1.
1058 2719 1150 2749 ‘cur-

1208 1707 1244 1735 to
1262 1703 1373 1744 equo.’

1251 1756 1310 1783 105
1337 1754 1437 1793 Usque
1466 1751 1648 1792 Tarentum]
1671 1751 1735 1783 Vel
1749 1750 1791 1782 ad
1815 1751 1892 1783 nlti-

1207 1810 1277 1831 mos
1292 1801 1401 1832 Italiae
1419 1801 1512 1832 fines.
1535 1801 1589 1831 De
1603 1801 1764 1839 Tarento,
1781 1807 1805 1831 1.
1822 1801 1891 1832 Οᾱ.

1205 1852 1258 1880 28.
1275 1859 1315 1880 ιι.
1333 1849 1398 1880 Od.
1414 1853 1445 1880 6.
1463 1858 1518 1880 ιιι.
1535 1848 1601 1880 Od.
1617 1851 1648 1879 5.

1248 1900 1309 1927 106
1330 1898 1470 1928 lllantica
1482 1897 1531 1927 cui
1540 1896 1666 1934 lumbos,
1676 1896 1744 1936 &cd
1759 1897 1810 1927 Ex
1825 1898 1889 1928 Lu-

1206 1945 1299 1976 cilio:
1320 1947 1329 1962 ‘
1343 1946 1496 1976 Mantica
1512 1945 1674 1976 cantherii
1691 1950 1802 1976 costas
1815 1955 1890 1985 gru-

1206 1995 1313 2025 vitate
1344 1994 1538 2034 premebat!
1582 1993 1636 2026 Ad
1667 2002 1736 2024 rem
1760 1993 1890 2025 Seneca

1206 2042 1314 2081 Epist.
1345 2045 1396 2073 88.
1417 2042 1470 2072 ‘0
1498 2046 1655 2082 quantum
1680 2046 1754 2073 erat
1776 2045 1890 2074 saeculi

1207 2090 1325 2129 decus,
1352 2090 1609 2130 Imperatorem,
1646 2090 1891 2130 triumphalem,

1207 2140 1406 2177 censorinum,
1417 2142 1463 2179 et,
1477 2138 1563 2179 quod
1579 2147 1680 2179 super
1694 2138 1803 2170 omnia
1819 2139 1889 2170 hoee

1206 2192 1270 2225 est,
1287 2187 1461 2226 catonem,
1484 2196 1549 2217 uno
1570 2187 1702 2218 caballo
1723 2196 1794 2218 esse
1809 2196 1888 2217 con-

1206 2238 1347 2273 tentum,
1362 2243 1401 2265 ac
1423 2244 1465 2265 ne
1488 2241 1559 2266 toto
1577 2234 1733 2275 quidem:
1755 2237 1884 2274 partem

1205 2283 1292 2314 enim
1318 2282 1459 2313 sarcinae
1486 2282 1528 2312 ab
1547 2286 1688 2322 utroque
1704 2281 1811 2312 latere
1829 2282 1885 2312 de·

1205 2330 1393 2372 pendentes
1409 2330 1618 2370 occupabant
1628 2329 1649 2360 !'

1248 2382 1307 2411 107
1334 2378 1463 2417 Οῖῄὶείει
1479 2387 1563 2408 nemo
1584 2378 1688 2408 sordes
1705 2377 1793 2416 mihi,
1810 2387 1886 2418 quas

1204 2428 1274 2466 tibi,
1290 2427 1384 2467 Tulei]
1405 2426 1482 2458 Tibi
1511 2426 1644 2466 quidem
1671 2425 1815 2457 Praetori
1846 2437 1884 2458 ac

1205 2477 1302 2508 diviti
1316 2475 1414 2516 objici
1428 2475 1507 2515 jure
1524 2478 1633 2514 potest
1648 2474 1735 2515 quod
1751 2474 1884 2506 sordide

1205 2525 1294 2556 vivas
1310 2529 1345 2556 et
1360 2533 1475 2564 parum
1491 2522 1630 2553 decore:
1655 2530 1719 2552 non
1742 2521 1789 2552 ita
1805 2531 1883 2553 vero

1204 2574 1334 2613 privato
1354 2572 1446 2603 mihi.
1488 2571 1600 2602 Multa
1624 2570 1712 2600 enim
1741 2570 1883 2601 toleran-

1150 2654 1153 2659 ,
1203 2627 1258 2652 tur
1272 2622 1304 2652 in
1321 2621 1457 2662 privatis
1472 2626 1506 2650 et
1521 2618 1755 2660 plebeiia,quae
1773 2619 1805 2649 in
1817 2629 1883 2650 ma-

1203 2669 1395 2711 gistratibus
1412 2679 1450 2699 ac
1466 2667 1622 2700 Patriciia
1638 2667 1784 2698 minime.

1246 2721 1305 2750 108
1330 2717 1455 2749 Tiburte
1465 2717 1531 2757 via]
1546 2717 1636 2748 Ante
1646 2716 1788 2748 omnium
1803 2725 1880 2747 ocu·-
