1904 3256
343 292 426 333 800
807 306 848 341 Q.
879 302 1082 332 HORATH
1116 300 1285 329 nntium

346 394 573 441 Discincta
595 395 742 434 tunica
759 392 1003 443 fugiendum
1023 393 1102 438 est,
1124 403 1175 430 ac
1194 391 1304 443 pede
1322 391 1454 439 nudo,

345 458 416 499 Ne
435 460 600 499 nummi
618 460 809 510 pereant,
823 459 899 495 aut
919 467 1051 507 pyga,
1074 459 1147 495 aut
1165 454 1348 509 denique
1367 456 1496 496 fama.

344 523 565 576 Deprendi
585 523 789 562 miserum
809 524 901 562 est:
934 520 1074 561 Fabio
1096 521 1168 561 vel
1179 520 1326 573 judice
1351 522 1534 562 vincam.

344 646 400 676 ego
414 638 539 677 denique
549 637 611 676 ipse
621 636 706 667 milui.
752 635 943 672 Fagiendum
957 638 1004 665 est
1017 638 1098 666 veste
1112 645 1172 666 non
1186 635 1297 673 cincta,
1310 639 1340 666 et
1351 636 1479 676 pedibus
1493 637 1583 668 nudis
1593 645 1604 665 .·
1622 646 1661 668 ne
1672 637 1756 668 hant

343 679 581 757 ἲέιοηὲἶιὲῗσσὲαιεε,
594 678 640 707 vel
653 678 770 707 demum
780 676 978 707 existimatio.
1013 676 1164 708 Miserum
1176 680 1220 708 est
1235 678 1437 716 deprehendi:
1458 678 1576 709 vincam
1591 679 1683 709 etiam
1695 679 1757 710 Fa-

983 769 1120 800 NOTAE

389 844 448 872 133
471 842 537 872 Aut
549 841 646 883 pyga]
672 842 724 873 Ne
740 843 817 873 mihi
835 851 938 882 perna
953 852 1026 873 suc-
1077 843 1246 874 celebrem
1263 853 1303 875 eo
1317 848 1465 884 tempore
1479 844 1758 876 Jurisconsultum

346 889 495 927 cidatur;
532 895 590 921 aut
623 891 866 930 raplianismum
904 891 1026 931 patiar.
1078 890 1163 923 false
1187 896 1280 923 notat
1300 892 1478 924 Horatius:
1500 892 1631 930 vincam,
1652 893 1758 933 inqui-

344 938 399 968 De
415 947 455 968 eo
469 938 641 970 Juvenalis
653 945 732 969 ante
747 940 881 970 citatus.
1079 940 1261 978 ens,judice
1274 940 1380 978 Fabio,
1401 941 1457 980 qui
1477 940 1508 970 in
1526 940 1689 971 adulterio
1701 941 1759 971 ali-

387 985 562 1026 Autfama]
579 988 645 1018 Lex
657 987 743 1018 enim
755 986 923 1018 iul'amiam
933 988 1027 1018 adul·
1079 988 1211 1029 quando
1226 989 1450 1028 deprehensus
1466 989 1551 1019 malo
1567 998 1625 1019 suo
1640 998 1758 1029 exper-

345 1035 426 1066 teris
443 1035 607 1066 inurebat.
1080 1040 1131 1068 tus
1147 1042 1209 1077 est,
1224 1038 1376 1068 miserum
1393 1046 1465 1068 esse
1481 1037 1695 1078 deprehendi.

389 1085 449 1114 134
467 1083 564 1114 Fabio
589 1085 634 1115 cel
647 1084 752 1122 judice
769 1085 903 1125 vincam]
927 1085 1027 1116 Hunc

877 1243 1108 1286 SATIRA
1138 1245 1227 1286 III.

446 1340 497 1371 ΙΝ
531 1342 947 1373 oss'rnnc'rA'roasss
981 1343 1039 1372 ET
1070 1342 1406 1373 summoturum
1439 1343 1666 1374 sromUM.

345 1418 429 1451 Cum
442 1421 614 1461 Tigellium
630 1423 672 1454 ob
687 1432 843 1453 summam
861 1423 1035 1454 levitatem
1050 1427 1084 1454 et
1099 1423 1354 1454 inconstantiam
1376 1423 1408 1454 in
1425 1423 1524 1455 dictis
1540 1427 1576 1455 et
1597 1424 1696 1456 factis
1713 1433 1763 1455 re-

387 1473 626 1514 prehendisset,
643 1475 762 1505 transit
776 1474 853 1506 iude
868 1474 908 1505 ad
920 1475 1172 1515 vituperandam
1187 1474 1462 1506 consuetudinem
1478 1475 1651 1515 pessimam
1663 1476 1762 1507 istam

389 1529 424 1555 et
446 1525 621 1556 admodum
638 1527 806 1566 vulgarem
823 1526 904 1557 vitia
927 1527 979 1557 vel
1004 1526 1173 1557 levissima
1197 1526 1334 1558 aliorum
1358 1527 1488 1558 acutius
1510 1528 1707 1559 observandi
1729 1531 1765 1559 et

389 1575 540 1607 acerbius
564 1577 822 1617 perstringendi.
868 1577 1003 1617 AEquius
1025 1582 1089 1616 est,
1112 1577 1231 1617 inquit,
1246 1578 1273 1608 si
1298 1578 1341 1608 ob
1356 1578 1495 1609 virtutes
1518 1580 1660 1619 majores
1683 1579 1765 1609 vitia

389 1627 516 1657 leviora
530 1626 686 1659 feruntur
698 1628 840 1659 leniter:
865 1628 981 1663 veluti,
994 1628 1020 1658 si
1037 1628 1109 1668 quis
1125 1632 1176 1658 est
1187 1628 1391 1667 iracundior,
1403 1634 1461 1659 aut
1476 1629 1546 1669 ejus
1563 1629 1644 1660 odor
1656 1629 1763 1661 minus

390 1682 507 1718 gratus
523 1683 575 1709 est
590 1679 728 1710 naribus
752 1680 858 1710 acutis
881 1679 1034 1718 aliorum,
1050 1684 1108 1710 aut
1123 1680 1156 1710 in
1173 1681 1265 1710 cultu
1289 1680 1436 1720 corporis
1453 1684 1487 1711 et
1506 1681 1630 1712 vestitu
1647 1691 1763 1722 parum

390 1730 526 1770 elegans
543 1731 732 1770 reperitur;
756 1731 843 1762 idem
858 1730 947 1762 forte
964 1735 1016 1761 est
1030 1731 1080 1760 vir
1095 1731 1214 1770 bonus,
1226 1731 1285 1762 tibi
1301 1732 1483 1770 amicus,et
1498 1732 1629 1772 ingenio
1643 1742 1764 1772 magno

390 1781 575 1821 praeditns3
597 1782 788 1822 praesertim
810 1791 885 1812 cum
909 1781 1060 1812 fortassis
1076 1781 1163 1812 vitiis
1184 1786 1256 1812 tute
1281 1782 1351 1822 ipse
1374 1781 1514 1823 labores,
1530 1783 1599 1813 sive
1615 1792 1634 1813 a
1648 1788 1767 1814 natura

389 1831 498 1862 insitis
514 1833 585 1863 sive
600 1842 620 1863 a
633 1834 719 1863 mala
742 1832 982 1863 consuetudine
1005 1833 1200 1863 contractis.
1242 1833 1370 1865 Quodsi
1391 1833 1559 1864 imitamur
1580 1838 1764 1865 amatorum

390 1890 449 1914 aut
464 1889 638 1923 parentum
655 1893 791 1922 moreni,
806 1883 861 1923 qui
878 1883 959 1912 vitia
976 1883 1125 1922 corporis
1140 1884 1317 1914 amicarum
1333 1889 1366 1914 et
1382 1883 1522 1915 filiorum
1538 1889 1721 1916 extenuant
1733 1890 1767 1916 et

390 1934 537 1974 elevant,
553 1935 636 1965 adeo
653 1939 690 1965 ut
704 1944 825 1974 parcus
838 1933 933 1964 nobis
948 1933 1079 1964 dicatur
1094 1933 1194 1973 frugi,
1210 1935 1306 1970 nimis
1327 1934 1459 1966 sedulus
1473 1940 1508 1966 et
1528 1935 1654 1967 ardelio
1669 1946 1765 1967 voce-

389 1990 445 2019 tur
459 1986 638 2016 amicorum
650 1986 826 2024 studiosus,
840 1984 1068 2016 vehementior
1090 1985 1122 2015 in
1136 1995 1316 2027 congressu
1336 1991 1372 2017 et
1386 1996 1538 2018 sermone
1555 1988 1689 2019 liberior
1709 1989 1765 2018 lia-

389 2036 512 2068 beatur
524 2037 591 2068 doli
601 2047 722 2077 expers
737 2042 772 2067 et
788 2046 982 2077 generosus),
997 2038 1132 2077 pronior
1147 2038 1189 2068 ad
1203 2039 1284 2069 iram
1301 2039 1457 2078 etjurgia
1471 2044 1664 2071 numeretur
1678 2040 1766 2071 inter

391 2088 573 2127 animos0s3
596 2090 658 2120 hoc
672 2089 776 2129 magis
799 2089 841 2120 ad
858 2089 1039 2120 amicitiam
1060 2090 1303 2121 conciliandam
1327 2090 1652 2132 conservandamque
1667 2093 1767 2131 valet,

391 2149 489 2181 quam
511 2141 539 2171 si
562 2145 679 2172 contra
694 2141 834 2172 virtutes
857 2142 1036 2172 amicorum
1059 2142 1092 2172 in
1110 2142 1193 2173 vitia
1217 2142 1474 2183 detorquemus:
1498 2143 1524 2173 si
1541 2152 1572 2174 v.
1589 2153 1622 2183 g.
1642 2144 1766 2183 probus

389 2197 531 2223 vocatur
545 2193 676 2223 humilis
691 2197 726 2223 et
741 2193 893 2233 abjectus
908 2203 917 2230 ;
942 2198 1072 2229 cautus,
1089 2193 1263 2234 stupidus;
1286 2194 1431 2234 prudens
1448 2198 1484 2226 et
1505 2194 1647 2234 diligens
1662 2195 1694 2224 in
1710 2203 1763 2224 ca-

390 2243 506 2275 vendis
522 2244 663 2283 insidiis,
682 2243 780 2275 fictus
807 2249 843 2275 et
858 2248 1007 2282 astutus;
1031 2254 1094 2275 non
1118 2244 1197 2275 satis
1219 2249 1334 2275 cautus
1351 2249 1386 2275 et
1404 2245 1473 2285 qui,
1489 2244 1763 2285 quemadmodum

390 2303 454 2335 ego
470 2304 574 2336 sa‘pe,
590 2296 647 2326 sed
674 2297 744 2327 sine
769 2295 964 2336 offensione,
982 2297 1201 2328 Maecenatem
1228 2296 1418 2335 interpello,
1433 2296 1573 2327 amicum
1595 2297 1763 2336 legentem

392 2349 450 2378 ant
471 2346 687 2378 meditantem
711 2357 864 2378 sermone
891 2357 956 2378 non
980 2347 1169 2378 necessario
1194 2347 1397 2386 interpellat,
1413 2347 1572 2378 molestus
1593 2346 1716 2379 dieitur
1730 2353 1767 2378 et

393 2406 508 2429 sensus
530 2398 711 2430 communis
734 2409 866 2439 expers.
911 2400 994 2430 Cum
1017 2409 1113 2430 nemo
1129 2400 1198 2430 sine
1212 2399 1301 2430 vitiis
1317 2398 1382 2437 sit;
1404 2398 1565 2439 probetur
1579 2399 1619 2439 is,
1637 2399 1695 2439 qui
1710 2400 1766 2430 mi-

393 2449 492 2481 nimis
506 2455 558 2481 est
573 2450 727 2489 infectus,
744 2456 780 2483 et
794 2452 879 2483 alter
901 2452 1037 2482 alterius
1054 2452 1143 2482 vitiis
1167 2452 1325 2490 ignoscat.
1367 2450 1402 2481 Si
1425 2450 1526 2486 enim,
1541 2460 1583 2482 ex
1597 2450 1767 2482 sententia

366 2520 368 2522 -
392 2503 593 2542 Stoicorum,
608 2513 667 2535 nos
688 2505 792 2536 ceteri
808 2514 918 2536 sumus
940 2504 1049 2543 stulti,
1062 2513 1124 2536 nec
1146 2514 1165 2535 a
1182 2504 1270 2535 vitiis
1286 2502 1382 2534 liberi
1399 2512 1473 2534 esse
1489 2512 1684 2543 possumus;
1706 2515 1766 2536 cur

393 2564 458 2586 non
475 2560 585 2586 sumus
601 2555 685 2597 aequi
701 2555 846 2596 judices,
861 2560 897 2587 et
912 2565 1026 2596 poenas
1049 2555 1198 2596 peccatis
1223 2555 1364 2596 aequales
1387 2555 1591 2595 irrogamus?
1634 2556 1720 2588 Nam
1737 2557 1766 2588 si

394 2607 529 2638 insanus
557 2607 711 2648 habetur,
738 2608 794 2648 qui
819 2617 949 2639 servum
975 2608 1017 2639 ob
1042 2607 1191 2648 tepidum
1212 2607 1268 2648 jus
1291 2607 1502 2647 degustatum
1531 2608 1626 2639 cruci
1648 2607 1765 2649 affigit,

394 2667 504 2690 nonne
527 2658 662 2698 gravius
683 2663 735 2690 est
751 2659 889 2690 amicum
907 2668 966 2700 pro
981 2659 1046 2690 levi
1068 2668 1179 2690 errore
1194 2658 1304 2690 odisse
1327 2662 1364 2689 et
1378 2658 1494 2698 fugere
1510 2660 1523 2690 ?
1566 2660 1661 2692 Istud
1677 2660 1764 2691 enim

393 2709 591 2750 Stoicorum,
612 2711 722 2742 omnia
744 2717 886 2752 peccata
905 2719 978 2741 esse
1001 2710 1104 2750 paria,
1125 2710 1324 2741 convellitur
1344 2720 1364 2741 a
1385 2714 1507 2742 natura
1527 2721 1649 2750 rerum,
1667 2721 1766 2743 sensu

394 2760 567 2803 cujusque,
581 2763 652 2803 ipsa
668 2763 813 2795 utilitate
835 2763 1001 2796 communi
1021 2766 1055 2794 et
1071 2762 1310 2795 consuetudine
1333 2763 1540 2803 populorum.
1584 2763 1638 2796 Ad
1653 2769 1764 2794 extre-
