1930 3242
1588 273 1674 315 883

1619 379 1677 419 40

671 282 953 314 sannionum
993 283 1086 314 mn.
1122 284 1150 314 ι.
1181 272 1223 314 8.

211 376 394 430 Singula
416 376 521 431 quid
543 377 809 418 memorem?
840 390 929 431 quo
951 381 1085 431 pacto
1106 377 1272 418 alterna
1293 377 1526 430 loquentes

215 442 395 485 Umbrae
418 457 519 485 cum
541 443 719 496 Sagana
735 445 984 486 resonarint
1004 444 1128 486 triste
1147 449 1192 486 et
1211 449 1386 486 acutum
1403 458 1414 496 ;

214 509 364 563 thue
382 510 475 563 lupi
497 510 677 550 barbam
698 511 835 552 variae
855 525 954 552 cum
975 511 1104 553 dente
1122 511 1316 554 colubrae

212 576 478 618 Abdiderint
498 576 646 617 furtim
667 578 795 618 terris
812 591 823 630 ;
856 583 903 620 et
922 579 1114 632 imagine
1133 592 1262 620 cerea

213 643 398 696 Largior
416 644 577 685 arserit
598 644 739 697 ignis;
772 650 814 686 et
835 650 882 687 ut
898 659 989 694 non
1010 648 1142 688 testis
1163 647 1331 688 inultus

215 710 475 751 Horruerim
497 723 637 751 voces
659 711 890 754 Furiarum
912 717 956 754 et
975 713 1094 755 facta
1116 713 1318 755 duarum.
1618 717 1676 756 45

213 777 348 828 Nam,
369 777 568 831 displosa
587 783 719 820 sonat
741 783 954 833 quantum
978 780 1145 830 vesica,
1168 780 1327 834 pepedi

212 843 398 886 Diffissa
417 848 516 886 nate
537 844 677 888 ficus:
709 851 758 888 at
775 847 867 888 illae
883 860 1056 888 currere
1078 847 1123 888 in
1144 849 1294 889 urbem
1313 862 1323 890 ε

211 979 336 1020 singula
346 984 360 1012 P
405 982 670 1018 Quemadmodum
685 983 868 1015 alternatim
882 985 1128 1024 colloquerentur
1140 985 1253 1016 animae
1268 995 1336 1016 cum
1349 985 1490 1024 Sagana,
1505 995 1577 1017 voce
1591 985 1678 1016 tenui

211 1026 241 1053 et
255 1023 405 1056 stridula.
451 1024 610 1060 Quomodo
627 1027 706 1057 clam
728 1027 820 1058 humo
839 1027 1011 1065 insederint
1028 1027 1153 1059 barbam
1169 1028 1247 1068 lupi,
1261 1033 1291 1059 et
1306 1029 1414 1059 dentes
1428 1028 1560 1059 colubra
1573 1038 1676 1059 macu-

212 1065 303 1098 losae:
325 1069 420 1106 utque
437 1067 523 1106 ignis
544 1068 655 1107 ingens
681 1068 869 1108 corripuerit
882 1070 1015 1111 effigiem
1029 1080 1168 1101 ceream.-
1190 1071 1319 1110 deniqae
1333 1081 1391 1110 quo
1413 1075 1504 1111 pacto
1518 1074 1680 1102 aversatus

211 1108 272 1138 sim
295 1117 444 1148 presens,
469 1114 564 1150 atque
589 1110 812 1142 vindicaverim
836 1114 929 1142 verba
950 1116 982 1143 et
1004 1113 1142 1144 actiones
1161 1113 1320 1144 ambarum
1339 1113 1510 1144 Furiarum
1531 1113 1675 1144 istarum.

213 1149 342 1180 Etenim
361 1155 474 1191 quanto
488 1153 593 1183 sonitu
607 1157 715 1192 crepat
729 1154 831 1184 vesica
846 1154 1002 1195 disrupta,
1026 1159 1113 1186 tanto
1137 1165 1194 1194 ego
1207 1156 1348 1196 ficulnus
1363 1156 1436 1186 olim
1453 1160 1581 1187 truncus
1595 1154 1676 1186 divi-

211 1191 257 1222 sis
270 1192 397 1224 natibus
410 1194 526 1234 crepui.
566 1195 718 1227 Prvtinus
730 1199 834 1228 autem
846 1197 911 1228 iuae
925 1197 1069 1239 venefica
1083 1197 1200 1238 sugere
1215 1198 1249 1229 in
1263 1198 1368 1229 urbem
1381 1202 1547 1239 coeperunt.
1582 1199 1676 1229 Tum—

823 1299 1063 1312 ”eeaeeaeeaeoee

211 1364 277 1393 dcc.
295 1373 400 1405 nsque
423 1363 466 1394 ad
491 1365 697 1396 Remu—39
720 1366 857 1398 Pedatia
883 1366 1009 1397 Venet.
1038 1369 1133 1398 1559.
1157 1371 1193 1398 et
1222 1367 1466 1399 marcam—4!
1493 1367 1607 1399 Bentl.
1632 1376 1676 1398 ex

210 1405 301 1445 conj.
317 1406 505 1444 resonarint,
516 1411 551 1438 et
569 1407 618 1438 sic
634 1407 774 1439 Harl.7.
797 1417 945 1448 eumque
957 1409 1065 1439 secuti
1079 1415 1224 1440 recentt.
1246 1414 1430 1441 resonarent
1442 1411 1538 1442 Harl.
1552 1412 1583 1440 2.
1598 1413 1628 1440 3.
1641 1412 1675 1440 4.

210 1449 243 1476 6.
267 1447 324 1477 alii
341 1456 456 1478 omnes
479 1453 516 1479 et
541 1448 620 1479 edd.
636 1449 830 1490 πύῳ-43
854 1449 1026 1490 Adiperint
1043 1450 1170 1482 venet.
1186 1453 1280 1483 1477.
1297 1454 1394 1483 1478.
1415 1454 1510 1483 1479.
1534 1457 1571 1483 et
1596 1453 1674 1482 Flo-

211 1493 297 1520 rent.
313 1491 409 1521 1482.
432 1493 467 1521 ut
482 1490 622 1530 imag-ine
633 1492 724 1532 conj.
741 1491 971 1530 Cuning.—4⁵
997 1492 1144 1533 Cuning.
1158 1494 1282 1526 Sanad.
1300 1500 1335 1525 et
1354 1495 1516 1526 Francis:
1538 1494 1676 1532 acsacta

207 1531 350 1563 duarum.
396 1532 493 1563 Harl.
507 1536 539 1565 4.
563 1534 689 1565 Vener.
703 1537 800 1566 1479.
822 1535 901 1566 Vet.
919 1535 1039 1566 Comb.
1055 1541 1090 1566 et
1107 1537 1257 1568 Florent.
1278 1540 1371 1568 1482.
1389 1541 1419 1568 et
1432 1537 1508 1575 sata
1529 1538 1675 1568 daturum.

208 1575 292 1604 -4‘1
310 1574 428 1606 Divisa
441 1576 531 1617 conj.
549 1578 664 1608 nescio
680 1578 767 1618 quis.
811 1577 893 1609 Vid.
908 1577 1038 1618 Syllog.
1055 1579 1166 1619 Epist.
1181 1584 1263 1611 tom.
1282 1589 1319 1611 v.
1337 1589 1369 1620 p.
1383 1582 1546 1611 375.-48
1562 1580 1571 1596 ‘
1586 1579 1675 1609 Vide

872 1677 902 1708 N
909 1677 1014 1709 0¹1·AE

209 1749 434 1791 Deprehenso
452 1759 532 1782 vero
547 1750 590 1782 ad
607 1751 741 1783 calceos
757 1752 912 1784 alludens

210 1800 378 1842 quispiam
395 1800 644 1842 subridensque
661 1802 730 1833 ait:
754 1802 867 1843 Belle,
884 1803 914 1834 si

209 1854 246 1881 te
262 1859 327 1881 non
349 1849 546 1890 ἐκχαλκεύει,
570 1851 605 1882 id
628 1857 695 1892 est,
719 1852 915 1884 verberibus

211 1906 371 1943 tanquam
388 1911 435 1933 aes
451 1901 573 1933 tundat
588 1911 628 1933 ac
647 1901 801 1934 recudat.

253 1953 293 1982 41
318 1951 424 1983 Triste
451 1954 484 1983 et
507 1952 648 1993 acutum]
693 1952 748 1984 Sic
781 1952 913 1985 AEneid.

214 2008 266 2031 vr.
288 2002 364 2031 491.
388 2001 516 2032 umbrae
543 2011 603 2032 seu
624 2002 746 2033 animae
771 2002 913 2035 Graeco-

213 2059 286 2080 rum
313 2049 404 2090 apud
430 2049 554 2081 inferos
587 2052 729 2083 AEneam
760 2052 914 2084 videntes

212 2099 474 2139 obstupescunt,
490 2100 500 2117 ‘
517 2109 596 2140 pars
611 2106 746 2131 vertere
765 2106 862 2141 terga
877 2125 885 2133 .
903 2124 912 2133 .

214 2158 294 2189 para
314 2149 438 2180 tollere
454 2158 571 2180 vocem
589 2149 780 2190 Exiguam,'
800 2150 834 2181 id
848 2157 913 2191 est,

213 2198 349 2237 exilem,
370 2197 562 2239 lugubrem,
586 2197 790 2230 deductam:
822 2200 911 2232 nude

212 2251 248 2279 et
261 2248 270 2264 ‘
285 2248 445 2289 inceptus
469 2249 596 2280 clamor
619 2247 802 2280 frustratur
818 2249 912 2281 hian-

214 2298 291 2331 tes.'
314 2298 403 2332 Ibid.

253 2351 297 2382 42
318 2349 401 2391 Lupi
425 2349 566 2391 barbam]
604 2350 752 2391 Egregie
786 2350 912 2382 Marci-

211 2399 290 2442 lius,
300 2400 310 2416 ‘
322 2399 436 2442 vide:
450 2400 577 2442 inquit,
589 2401 600 2418 ⁴
615 2399 758 2432 offucias
771 2401 911 2440 magicae

213 2449 297 2481 artis
309 2452 336 2481 :'
373 2450 479 2482 barba
512 2451 582 2491 lupi
617 2451 838 2482 veneficium:
876 2456 912 2483 at

213 2502 361 2530 rostrum
383 2500 455 2540 lupi
479 2499 651 2531 veneficiis
666 2500 809 2532 resistit.
849 2499 912 2531 At-

213 2548 270 2588 qui
283 2548 388 2580 barba
397 2549 467 2590 lupi
479 2549 512 2580 in
522 2554 643 2582 rostro.
667 2551 756 2581 Plin.
771 2559 912 2582 xxvm.

217 2599 270 2630 10.
306 2597 517 2630 ‘Veneficiis
543 2605 691 2632 rostrum
718 2601 789 2641 lupi
814 2601 913 2631 resis-

217 2651 292 2678 tere
307 2645 534 2680 inveteratum
547 2651 660 2682 aiunt:
679 2651 721 2683 ob
735 2651 838 2693 idque
850 2651 910 2682 vil-

216 2698 325 2728 larum
342 2698 449 2737 portis
464 2699 671 2741 praefigunt!

258 2747 300 2776 48
325 2746 470 2785 Imagine
479 2758 565 2779 cerea
579 2749 716 2789 Largior
733 2751 847 2782 arserit
860 2751 910 2790 ig-

215 2795 281 2837 nis]
298 2795 418 2837 Virgil.
430 2795 547 2838 Eclog.
560 2806 640 2829 vin.
661 2800 672 2816 ‘
685 2799 825 2841 Aspice,
838 2810 910 2832 cor-

968 1752 1074 1793 ripuit
1087 1754 1241 1785 tremulis
1254 1754 1375 1786 altaria
1387 1753 1530 1785 flammis
1543 1754 1673 1794 Sponte

967 1812 1042 1842 sua,
1057 1802 1136 1834 dum
1154 1803 1245 1835 ferre
1258 1814 1382 1843 moror,
1395 1804 1479 1835 cinis
1496 1805 1590 1844 ipse:
1615 1804 1673 1835 bo—

968 1861 1048 1884 nnm
1064 1853 1130 1883 sit-⁹
1175 1854 1266 1894 Ergo
1291 1854 1347 1885 hic
1369 1854 1545 1885 indicatur
1562 1854 1674 1893 perni-

967 1901 1037 1932 cies
1062 1902 1150 1942 ejns,
1168 1902 1201 1933 in
1219 1913 1319 1943 quem
1341 1902 1506 1935 veneficia
1529 1902 1672 1943 fiebant,

967 1951 1095 1993 quique
1132 1952 1279 1992 imagine
1317 1961 1419 1984 cerea
1450 1952 1672 1984 adumbratus

966 2005 1052 2032 erat.
1097 2000 1255 2033 Absurde
1272 2002 1408 2043 quidam
1426 2007 1549 2043 putant
1562 2003 1671 2042 ignem

966 2049 1117 2090 affuisse,
1148 2056 1184 2083 et
1218 2052 1432 2093 liquescente
1463 2062 1544 2083 cera
1574 2062 1672 2083 exar-

967 2099 1064 2132 sisse.
1088 2101 1198 2132 Immo
1212 2101 1272 2133 cit.
1283 2102 1416 2143 Virgilii
1429 2102 1523 2133 locus
1533 2107 1671 2134 contra-

968 2148 1053 2180 rium
1078 2150 1201 2182 docet:
1227 2151 1399 2192 verbaque
1425 2152 1492 2183 ista
1508 2152 1601 2183 clare
1618 2161 1670 2182 os-

969 2198 1124 2235 tendunt,
1141 2201 1151 2217 ‘
1163 2205 1287 2240 sponte
1305 2200 1390 2232 sua.'

1008 2250 1050 2280 45
1074 2250 1246 2281 Furiarum
1272 2251 1420 2292 duarum]
1455 2251 1607 2283 Canidiae
1635 2256 1671 2282 et

964 2297 1109 2339 Saganae
1126 2300 1235 2330 Furiis
1250 2300 1422 2332 similium.

1007 2352 1050 2381 47
1073 2351 1203 2393 Diffi-ssa
1221 2351 1310 2391 nate]
1335 2351 1390 2383 Ita
1409 2353 1535 2392 lignum
1551 2360 1670 2382 recens

966 2404 1002 2430 et
1017 2399 1127 2432 adhuc
1143 2400 1267 2440 viride,
1291 2402 1319 2432 si
1348 2401 1381 2432 in
1405 2411 1489 2441 opus
1509 2400 1669 2440 fingatur,

964 2448 1106 2482 finditur
1122 2456 1159 2482 et
1174 2456 1306 2491 crepat.

1007 2500 1120 2540 Ficus]
1154 2501 1229 2540 Ego
1244 2500 1393 2540 Priapus
1409 2508 1452 2530 ex
1466 2499 1587 2530 arbore
1601 2498 1669 2531 ficu

966 2549 1065 2580 Dens
1085 2549 1214 2580 factus.

1009 2598 1056 2629 At
1078 2598 1141 2629 ille
1165 2607 1289 2630 currere
1314 2599 1347 2629 in
1369 2598 1488 2639 urbem]
1511 2598 1668 2632 Ridicula

962 2647 1086 2678 omnia.
1132 2647 1288 2687 lusignes
1317 2647 1491 2685 veneficae,
1511 2649 1666 2680 omnibus

963 2697 1145 2736 terribiles,
1175 2698 1241 2729 levi
1273 2698 1394 2738 peditu
1419 2702 1603 2736 terrentur,
1627 2710 1666 2731 ac

964 2747 1138 2790 fugantur.
