1930 3242
311 255 394 297 900

314 358 510 400 Miscuit.
568 359 603 408 ἹῙ
626 360 664 400 O
685 360 768 401 seri
790 359 1025 399 studiorum
1046 358 1055 398 l
1086 358 1212 410 quine
1234 358 1398 412 putetis

311 424 498 466 Difficile
517 430 558 467 et
577 427 746 473 mirum,
769 423 942 464 Rhodio
962 423 1081 477 quod
1101 423 1366 466 Pitholeonti

311 489 538 543 Contigit?
596 490 630 538 ἹῙ
653 490 712 530 At
731 501 870 528 sermo
889 489 1038 541 lingua
1057 491 1292 532 concinnus
1311 496 1495 545 utraque

310 555 508 606 Suavior,
530 561 580 596 ut
599 555 708 594 Chio
729 558 834 594 nota
849 555 888 594 si
907 556 1135 596 commista
1153 554 1326 597 Falerni
1345 560 1424 598 est.

308 621 345 669 ῚῘ
367 621 475 662 Cum
500 632 646 661 versus
665 619 804 659 facias
821 632 832 670 ;
861 620 1050 672 teipsum
1070 625 1310 674 percontor,
1330 635 1384 663 an
1402 626 1443 663 et
1462 635 1558 663 cum

309 687 429 728 Dura
447 687 525 726 tibi
545 684 790 737 peragenda
809 686 869 725 rei
889 686 946 726 sit
966 697 1102 726 causa
1122 686 1282 736 Petilli,

307 752 486 793 Scilicet
504 751 663 791 oblitus
682 749 925 804 patriaeque
946 752 1170 805 patrisque
1191 753 1351 802 Latini,

307 817 416 858 Cum
438 815 601 857 Pedius
621 829 779 858 causas
798 817 981 858 exsudet
999 817 1241 868 Publicola,
1261 822 1392 872 atque

777 269 819 306 Q.
851 267 1055 298 noRA'ru
1091 266 1258 297 FnAcm

1670 622 1728 663 25

303 935 426 966 literis!
470 936 595 974 Ergone
619 937 806 968 existimatis
825 937 954 968 arduum
968 940 998 968 et
1011 937 1191 969 admirabile
1205 938 1372 978 quodfecit
1389 938 1550 969 Pitholeon
1569 937 1706 969 Rhodius
1716 942 1729 968 P

304 977 377 1016 Sed,
391 978 521 1016 inquies,
537 978 655 1008 dulcior
669 982 714 1009 est
728 979 826 1009 oratio
841 982 967 1018 utroque
980 988 1115 1010 sermone
1129 984 1268 1010 constans
1278 991 1288 1010 .-
1305 981 1387 1010 velut
1400 981 1430 1010 si
1443 981 1550 1010 vinum
1564 980 1729 1010 Falernum

303 1019 468 1049 misceatur
485 1019 573 1049 Chio.
623 1019 816 1050 Verumem'm
836 1020 1078 1060 quandoquidem
1097 1021 1200 1051 condic
1216 1024 1250 1051 tu
1264 1021 1413 1058 carmina,
1428 1027 1530 1060 quaero
1541 1031 1560 1051 u
1577 1024 1619 1060 te,
1631 1021 1658 1052 si
1670 1021 1716 1051 tib

303 1061 492 1097 defendenda
506 1064 584 1091 esset
597 1060 731 1102 difficilis
740 1071 831 1092 cama
847 1062 972 1092 Petillii
985 1062 1133 1100 accusati,
1156 1065 1259 1092 utrum
1278 1063 1391 1102 patrioe
1411 1062 1552 1093 videlicet
1576 1066 1608 1092 et
1621 1062 1733 1093 Latini

301 1102 441 1141 parentis
462 1102 631 1143 immemor,
652 1107 811 1143 satageres
832 1103 961 1143 quaesita
979 1103 1065 1141 foris
1078 1103 1220 1134 vocabula
1233 1103 1347 1143 patriis
1369 1102 1546 1139 admiscere,
1570 1105 1610 1135 ad
1631 1103 1734 1147 ἱππίῳ

901 1184 1137 1198 oooooooooooo

303 1239 382 1268 -21
401 1237 628 1278 Manuscripti
646 1238 779 1278 quidam
795 1243 863 1269 tam
880 1238 1019 1270 aliorum
1033 1247 1130 1280 quam
1145 1239 1306 1277 Bentleii,
1322 1243 1356 1269 et
1373 1238 1450 1269 edd.
1465 1238 1631 1269 nonnullae
1648 1243 1732 1270 velt.

303 1284 379 1319 post
400 1279 536 1318 Aldum,
559 1280 650 1319 quine
670 1281 810 1319 putatist
833 1280 891 1311 sed
910 1282 1022 1320 plures
1046 1286 1081 1311 et
1105 1281 1259 1311 meliores
1274 1281 1434 1319 Bentleii,
1450 1289 1564 1311 omnes
1580 1280 1731 1320 Cruquii,

303 1331 363 1351 sex
375 1321 559 1357 Tor-rentii,
575 1321 726 1352 Lambini
741 1327 809 1353 tres
823 1322 920 1353 Van.
931 1323 1091 1354 Jannoct.
1108 1322 1227 1354 Faern.
1242 1323 1342 1353 'ron-n.
1359 1327 1395 1354 et
1411 1322 1539 1362 aliquot
1553 1321 1621 1359 alii,
1634 1321 1730 1352 Harl.

302 1365 333 1393 2.
350 1365 380 1392 3.
394 1366 425 1394 4.
441 1365 472 1393 6.
488 1365 519 1393 7.
541 1372 654 1393 omnes
671 1363 827 1401 Gesneri,
851 1364 965 1394 Zarot.
982 1364 1123 1394 Mediol.
1142 1367 1235 1395 1477.
1258 1365 1398 1395 Venett.
1417 1366 1619 1394 1477.’1478.
1637 1365 1730 1395 1479.

302 1406 396 1434 1490.
411 1406 504 1434 1492.
519 1406 612 1435 1486.
635 1405 788 1436 Florent.
802 1407 895 1435 1482.
921 1405 1061 1435 Locber.
1079 1405 1192 1436 Lamb.
1206 1406 1307 1444 Cruq.
1322 1406 1474 1436 Torrent.
1488 1404 1596 1435 Bond.
1611 1404 1730 1435 Schre-

301 1446 366 1476 vel.
388 1446 547 1484 Dunster,
570 1446 671 1476 Baxt.
697 1446 838 1486 Cuning.
863 1446 976 1478 Bentl.
996 1445 1117 1476 Sanad.
1133 1447 1238 1477 Gesn.
1253 1446 1358 1477 Zeun.
1375 1445 1527 1482 Francis,
1541 1445 1678 1484 Bipont.
1693 1450 1729 1476 et

302 1491 445 1517 recentt.
466 1487 556 1526 quine
574 1487 700 1526 putetis.
743 1487 903 1518 Glarean.
925 1488 1035 1527 quidne
1055 1487 1184 1527 putatis.
1236 1488 1359 1527 Delpb.
1383 1487 1471 1527 quive
1491 1487 1616 1526 putetis,
1640 1487 1727 1518 unde

301 1528 425 1558 nescio.
469 1528 554 1559 Post
569 1528 657 1559 hunc
675 1537 806 1559 versum
823 1529 855 1558 in
874 1528 962 1559 Hau.
981 1532 1009 1560 1.
1031 1529 1179 1559 insertus
1194 1533 1247 1560 est
1263 1539 1309 1560 vs.
1325 1531 1376 1560 71.
1399 1529 1487 1569 Soepe
1501 1531 1588 1568 caput
1611 1528 1729 1559 calmet

299 1569 385 1599 vivos
399 1572 429 1599 et
444 1570 565 1599 roderet
579 1579 707 1609 ungues,
729 1570 784 1609 qui
800 1568 888 1600 infra
903 1579 963 1600 suo
984 1572 1058 1601 loco
1074 1570 1238 1609 repetitur
1253 1570 1325 1601 sine
1342 1570 1628 1601 animadversione
1645 1570 1729 1600 ami-

300 1612 461 1649 mam—23
485 1610 568 1640 Cod.
585 1610 701 1641 Graev.
726 1614 896 1648 contentus,
918 1610 976 1641 sed
992 1621 1010 1641 a
1026 1620 1068 1641 m.
1086 1621 1154 1642 sec.
1168 1611 1424 1642 concinnus.—24
1447 1611 1568 1642 Venet.
1583 1613 1678 1641 1559.
1693 1615 1730 1641 et

300 1652 416 1681 Bentl.
431 1652 691 1682 cummium—2⁷
715 1652 843 1682 Scilicet
866 1653 973 1682 oblitos
993 1653 1160 1692 patr-imque
1185 1653 1343 1692 patrisque
1366 1653 1475 1684 Latini
1500 1652 1586 1692 conj.
1611 1652 1728 1684 Bentl.

301 1693 409 1723 edidit
433 1698 543 1724 tamen
567 1702 641 1724 cum
667 1694 814 1734 Cruquio
837 1698 872 1724 et
891 1694 1078 1730 'ron-renuo,
1101 1694 1222 1724 Scilicet
1249 1695 1359 1725 oblitus
1379 1705 1411 1734 p.
1429 1703 1461 1733 p.
1477 1693 1606 1730 Latini;
1628 1697 1663 1724 et
1677 1693 1726 1724 sic

301 1743 414 1765 omnes
432 1735 596 1774 Lambini,
620 1740 745 1775 praeter
765 1735 844 1773 duo,
869 1745 984 1766 omnes
1007 1736 1166 1774 Bentleii,
1181 1736 1328 1776 Cruqnfi,
1342 1741 1377 1766 et
1391 1735 1571 1772 Torrentii,
1588 1735 1683 1766 Harl.
1697 1737 1730 1765 2.

301 1778 331 1807 3.
347 1779 378 1806 4.
393 1779 424 1806 6.
449 1779 480 1806 7.
515 1776 612 1807 Οοη.
643 1777 758 1807 Zarot.
785 1777 929 1808 Mediol.
966 1779 1057 1809 1477.
1096 1778 1231 1808 Venett.
1260 1780 1354 1808 14⁷⁷.
1384 1779 1478 1808 1478.
1510 1779 1602 1808 1479.
1633 1778 1725 1807 1486.

301 1819 394 1848 1490.
413 1820 504 1848 1492.
528 1818 668 1848 Mediol.
683 1821 777 1849 1485.
794 1821 888 1850 1486.
921 1819 1063 1849 Locher.
1081 1819 1229 1849 Florent.
1247 1821 1339 1849 1482.
1361 1819 1404 1849 al.
1421 1823 1499 1849 ante
1515 1817 1630 1848 Lamb.
1646 1817 1726 1847 item
1774 1827 1780 1831 ·

301 1865 379 1898 post
404 1859 516 1889 Bentl.
543 1862 775 1890 recentt.—28
798 1860 947 1890 Bentleii
972 1860 1090 1899 Regin.
1118 1865 1152 1890 et
1174 1860 1332 1890 Petrens.
1355 1869 1429 1890 cum
1453 1859 1565 1890 Zarot.
1591 1863 1626 1890 et
1647 1858 1726 1889 Vet.

946 1954 973 1984 N
980 1953 1082 1984 OTAE

299 2015 554 2053 καλλιπλόκαμον
587 2015 796 2056 καλλίσφυρον
830 2016 918 2047 illam
932 2038 940 2047 .
954 2038 962 2046 .
977 2038 984 2046 .

299 2067 519 2106 Compernem
536 2069 593 2096 aut
611 2074 719 2096 varam
735 2064 838 2095 fuisse
850 2064 987 2104 Amphi-

300 2115 427 2155 tryonis
443 2113 558 2144 ἄκοιτιν
570 2113 763 2144 Alcmenam
777 2135 785 2144 .
799 2135 807 2144 .
821 2135 829 2144 .
841 2114 924 2154 Τυρῷ
938 2114 985 2145 εὐ-

299 2162 481 2204 πατέρειαν,’
495 2165 557 2194 &c.

341 2215 381 2243 21
408 2214 436 2243 0
451 2213 514 2244 seri
527 2211 712 2251 studiorum]
732 2213 917 2252 Ὀψιμαθεῒς,
929 2213 985 2253 qui

299 2271 372 2293 sero
395 2263 538 2293 animum
563 2262 604 2292 ad
634 2263 744 2293 studia
774 2262 989 2302 appulerunt,

300 2311 505 2352 proindeque
519 2312 624 2342 minus
636 2311 774 2342 eruditi:
792 2316 910 2341 contra
920 2322 990 2341 παι-

299 2362 447 2400 δομαθεῖς,
471 2360 527 2401 qui
553 2361 593 2392 ab
619 2360 690 2401 ipsa
708 2360 855 2400 pueritia
881 2359 986 2390 literis

300 2411 534 2442 incubuerunt.

336 2460 437 2495 Quine
446 2458 566 2500 [quive]
574 2457 705 2498 putetis]
717 2458 771 2489 Al.
785 2458 901 2494 Quine:
912 2467 986 2499 quae

298 2510 466 2549 particula
480 2509 662 2548 respondet
677 2507 791 2539 Graec.
808 2505 857 2546 γὲ,
870 2507 984 2547 ulique,

299 2561 397 2587 certe.-
422 2567 483 2588 nec
509 2556 697 2588 redundare
720 2562 772 2587 est
794 2556 985 2587 existiman-

299 2606 353 2636 da.
386 2606 549 2637 Priscian.
566 2615 640 2637 xvi.
658 2608 685 2636 1.
719 2605 786 2637 Alii
799 2606 985 2646 interroga-

298 2655 365 2686 tive
382 2655 561 2695 accipiunt.

341 2705 381 2734 22
399 2703 602 2744 Pitholeonti]
617 2704 810 2744 Pitholeon,
822 2713 863 2735 ex
879 2704 985 2734 insula

301 2752 430 2792 Rhodo,
440 2753 691 2794 Epigrammata
701 2754 852 2794 quaedam
863 2752 985 2783 insulsa

1038 2017 1238 2056 composuit,
1253 2021 1289 2047 et
1311 2015 1443 2047 Graecis
1468 2015 1603 2047 vocibus
1625 2015 1728 2048 infer-

1037 2065 1107 2095 cire
1123 2065 1260 2096 amavit.

1079 2116 1120 2144 24
1145 2114 1187 2144 Ut
1211 2114 1289 2144 Chio
1309 2116 1381 2144 nota
1400 2113 1441 2153 si,
1456 2113 1525 2153 afa]
1548 2114 1726 2146 Falernum

1038 2162 1147 2192 vinum
1172 2162 1272 2201 paulo
1287 2161 1452 2193 austerius
1471 2162 1726 2201 temperabatur

1040 2211 1179 2242 lenitate
1197 2210 1282 2241 Chii.
1314 2210 1402 2242 Quid
1421 2211 1464 2241 sit
1478 2214 1550 2241 nota
1563 2211 1633 2248 illa,
1649 2210 1724 2240 vide

1039 2268 1080 2291 11.
1097 2258 1165 2291 Od.
1181 2261 1211 2289 3.
1226 2261 1258 2290 8.
1279 2258 1336 2289 ubi
1352 2264 1387 2289 et
1403 2258 1444 2290 de
1463 2260 1472 2277 ‘
1490 2258 1652 2294 Falerno:
1666 2267 1723 2298 pa-

1040 2309 1122 2339 riter
1149 2312 1183 2338 et
1209 2317 1234 2338 1.
1256 2307 1324 2339 Od.
1349 2310 1401 2338 2ο.
1434 2308 1484 2339 De
1511 2309 1520 2325 ‘
1539 2307 1642 2338 Chio’
1666 2315 1724 2338 111.

1040 2358 1106 2388 Od.
1125 2359 1175 2388 19.
1191 2361 1222 2388 5.

1081 2409 1122 2438 26
1139 2405 1263 2447 Petilli]
1286 2406 1341 2438 De
1357 2404 1507 2443 Petillio,
1523 2403 1596 2436 fure
1611 2414 1723 2436 aureae

1037 2456 1133 2488 Jovis
1149 2455 1371 2495 coronae,jam
1383 2454 1509 2485 mentio
1523 2452 1588 2484 fuit
1601 2454 1634 2485 in
1650 2455 1722 2486 sat.

1038 2515 1088 2537 lv.
1106 2505 1280 2546 superiori.

1079 2558 1120 2587 27
1142 2553 1264 2593 Latini]
1291 2551 1435 2585 Quidam
1458 2552 1574 2592 legunt
1597 2552 1724 2594 Latine,

1038 2608 1073 2635 et
1095 2604 1242 2644 jungunt
1270 2611 1344 2632 cum
1373 2600 1600 2642 sequentibus.
1653 2601 1722 2632 Sed

1037 2662 1103 2684 non
1121 2653 1231 2692 placet
1247 2653 1312 2682 ista
1331 2650 1483 2689 mutatio,
1500 2658 1687 2691 quanquam
1703 2660 1723 2682 a

1037 2701 1116 2734 viris
1130 2710 1210 2732 sane
1227 2700 1382 2740 gravibus
1395 2700 1537 2731 invecta.

1077 2753 1119 2781 28
1143 2750 1257 2782 Pedius
1276 2748 1450 2789 Publicola]
1474 2749 1541 2781 Hic
1556 2748 1642 2780 filius
1657 2747 1721 2780 fuit
