1904 3256
538 290 588 320 m
624 290 832 321 HonA'rn
866 291 1093 323 SA'rinAs.
1162 304 1165 306 —
1492 286 1576 328 759

172 381 268 420 Post
291 381 458 419 Ennium
477 388 585 420 ortus
606 382 815 429 Pacuvius,
833 383 979 422 Satiras
1001 385 1082 435 ipse
1099 397 1269 436 quoque,
1291 386 1371 424 sive
1392 387 1575 427 Avuncu-
1620 412 1630 422 .

118 445 213 492 lum,
234 445 317 484 sive
338 446 467 483 Avum
487 458 534 483 ex
551 453 674 484 matre
695 447 883 494 imitatus,
910 447 1079 498 scripsit.

172 508 301 547 Natus
318 514 379 547 est
397 508 566 546 Lucilius
596 522 643 547 eo
675 517 862 561 tempore,
893 524 971 562 quo
991 512 1157 550 maxime
1175 511 1340 551 florebat
1359 512 1573 553 Pacuvius.

117 572 349 623 Composuit
365 577 405 610 et
422 571 487 609 ille
509 572 672 620 satiras,
702 574 772 612 sed
806 575 947 626 quibus
967 588 1110 614 novam
1128 582 1272 614 novata
1290 577 1484 615 scribendi
1505 591 1568 616 ra-

116 634 223 673 tione
242 635 407 687 gratiam
433 635 669 683 conciliavit,
699 645 745 675 ut
775 639 843 689 qui
863 639 1050 689 Antiquae
1071 639 1286 678 Comoediae
1307 639 1459 678 Graecae
1479 640 1574 679 cha-

115 705 303 737 racterem
321 698 481 750 propius
502 699 716 750 exprimere
736 701 926 740 voluerit:
957 702 1070 752 cujus
1103 701 1314 740 admodum
1343 702 1574 752 imperfecta

115 774 164 799 ex
184 761 314 813 prisca
330 761 466 800 Latina
486 763 615 801 Satira
632 764 765 803 haberi
785 771 939 816 poterat
957 765 1108 811 notitia,
1126 766 1242 816 quale
1262 754 1411 804 scilicet
1424 765 1572 805 faceret

116 823 298 871 Carmen,
331 824 436 875 quod
466 825 551 863 sola
580 826 732 865 Natura
762 827 1022 874 dictitaverat,
1054 836 1263 879 antequam
1295 828 1439 880 injecta
1466 838 1573 868 esset

115 887 304 926 Romanis
333 887 495 926 Graecos
524 889 716 937 imitandi,
749 903 961 941 eorumque
983 890 1115 942 spoliis
1137 904 1179 929 se
1199 891 1480 942 locupletandi,
1503 905 1572 930 co-

113 950 264 1002 gitatio.
321 952 379 989 Ex
408 952 549 1003 quibus
583 953 698 992 facile
726 953 892 1005 intelligi
921 959 1054 1005 potest
1086 954 1184 992 illud
1216 954 1382 1000 Horatii,
1417 967 1468 992 11.
1490 955 1573 1001 Sat,

121 1015 155 1054 1.
181 1015 250 1053 62.

590 1090 713 1138 Quid,
730 1103 820 1129 cum
840 1097 901 1128 est
920 1090 1092 1129 Lucilius
1113 1104 1233 1137 ausus

273 1151 427 1191 Primus
447 1154 486 1191 in
504 1153 610 1191 hunc
629 1153 758 1204 operis
777 1165 1012 1204 componere
1032 1153 1205 1192 carmina
1224 1153 1398 1192 morem?

115 1223 207 1262 Noli
226 1232 362 1276 putare
382 1227 589 1266 Horatium
608 1227 780 1266 voluisse
796 1227 940 1274 dicere,
955 1229 1082 1266 nullas
1099 1235 1190 1267 ante
1210 1227 1400 1266 Lucilium
1422 1227 1571 1267 Satiras

114 1289 263 1330 factas:
293 1305 380 1330 curn
414 1292 603 1331 Lucilium
634 1292 908 1343 praecesserint
934 1293 1082 1331 Ennius
1109 1300 1148 1330 et
1175 1292 1388 1339 Pacuvius,
1407 1304 1571 1344 quorum

112 1352 178 1391 ille
197 1355 417 1407 exemplum
437 1363 596 1394 secutus
617 1363 692 1393 est.
746 1355 793 1393 Id
826 1355 952 1393 solum
971 1356 1110 1401 voluit,
1143 1355 1330 1394 Lucilium
1352 1368 1492 1394 novam
1514 1358 1573 1396 fa-

111 1417 210 1454 ciem
229 1417 320 1455 huic
341 1418 511 1455 Carmini
529 1417 718 1463 induisse,
750 1417 856 1467 quod
890 1418 1153 1467 perpoliverst,
1184 1425 1224 1456 et
1257 1425 1462 1468 propterea
1494 1433 1567 1469 pro

109 1479 232 1530 primo
250 1480 363 1531 quasi
382 1487 540 1519 auctore
559 1479 799 1518 habendum.
855 1480 901 1517 In
920 1479 1059 1517 eadem
1084 1480 1151 1517 fuit
1186 1480 1381 1518 sententia
1411 1481 1571 1524 Quinti-

107 1541 237 1580 lianus
267 1555 312 1582 x.
335 1544 371 1581 1.
401 1548 410 1565 ‘
429 1543 558 1582 Satira
585 1542 744 1595 quidem
763 1549 848 1580 tota
867 1549 1002 1581 nostra
1021 1549 1094 1590 est,
1123 1543 1161 1580 in
1183 1557 1262 1594 qua
1280 1542 1427 1594 primus
1448 1544 1568 1596 insig-

108 1617 198 1644 nem
230 1605 387 1645 laudem
419 1606 585 1658 adeptus
617 1613 679 1645 est
707 1606 908 1645 Lucilius!
963 1606 1070 1646 Cave
1088 1607 1152 1645 hic
1172 1606 1339 1658 pedibus
1357 1607 1394 1644 in
1418 1608 1569 1646 Casan-

107 1667 200 1706 boni
220 1670 452 1709 sententiam
480 1683 562 1717 eas,
581 1670 648 1722 qui
669 1670 873 1709 Diomedis
894 1669 971 1708 fide
990 1670 1125 1715 fretus,
1145 1670 1260 1707 Ennii
1280 1677 1320 1707 et
1339 1669 1474 1707 Lucilii
1495 1671 1567 1708 Sa-

107 1729 201 1770 tiras
221 1738 304 1770 toto
324 1746 465 1784 genere
480 1733 688 1771 dissentire
707 1732 885 1772 credidit.
943 1732 1042 1771 Vide
1063 1733 1150 1783 ipsa
1163 1732 1414 1770 Grammatici
1435 1733 1566 1781 verba,

107 1807 197 1846 quoe
217 1796 369 1834 subacti
390 1796 530 1847 judicii
549 1796 736 1834 Criticum
757 1796 796 1833 in
830 1808 998 1834 errorem
1024 1795 1274 1839 induxerunt,
1329 1800 1339 1816 ‘
1359 1795 1487 1833 Satira
1507 1803 1568 1834 est

107 1859 275 1898 Carmen
308 1860 415 1911 apud
448 1859 663 1906 Romanos,
692 1872 769 1897 non
799 1858 956 1910 quidem
985 1858 1090 1909 apud
1114 1858 1291 1905 Graecos,
1320 1858 1565 1906 maledicum,

106 1928 148 1961 et
165 1922 215 1961 ad
233 1922 437 1975 carpenda
450 1922 651 1962 hominum
663 1923 770 1969 vitia,
781 1922 958 1960 Archaeae
971 1922 1187 1960 Comoediae
1208 1921 1432 1960 charactere
1453 1935 1562 1960 com-

104 1985 290 2035 positum,
309 1987 424 2038 quale
445 1986 683 2037 scripserunt
702 1984 886 2031 Lucilius,
907 1993 947 2023 et
965 1985 1168 2032 Horatius,
1187 1993 1228 2024 et
1246 1986 1422 2024 Persius.
1483 1986 1562 2024 Sed

109 2046 199 2085 olim
219 2048 400 2097 Carmen,
419 2050 526 2101 quod
545 2063 592 2089 ex
610 2049 727 2087 variis
747 2049 992 2101 poematibus
1013 2051 1235 2094 constabat,
1257 2049 1383 2088 Satira
1405 2049 1563 2088 diceba-

108 2116 184 2156 tur,
212 2111 327 2162 quale
357 2113 596 2163 scripserunt
623 2112 818 2150 Pacuvius
838 2119 877 2150 et
895 2113 1077 2152 Ennius.’
1131 2114 1306 2165 Apparet
1331 2113 1561 2151 Diomedem

109 2172 349 2226 distinguere
375 2176 540 2214 Satiram
566 2176 703 2214 Lucilii
732 2177 781 2214 ab
813 2189 860 2214 ea
879 2189 996 2227 quam
1022 2177 1177 2228 scripsit
1206 2177 1356 2214 Ennius
1375 2183 1415 2214 et
1434 2176 1562 2214 Pacu-

107 2236 206 2275 vius.
263 2237 445 2277 Ridicula
478 2245 606 2277 autem
639 2247 679 2277 et
707 2239 866 2278 omnino
885 2239 986 2278 salsa
1004 2247 1065 2278 est
1082 2240 1197 2291 hujus
1219 2240 1480 2278 distinctionis
1500 2253 1562 2286 ea,

107 2312 224 2350 quam
242 2301 382 2348 reddit,
402 2302 513 2341 ratio.
569 2302 658 2341 Non
680 2303 774 2340 satis
798 2303 1101 2354 investigaverat
1126 2304 1244 2342 homo
1265 2303 1429 2354 simplex
1449 2310 1562 2341 natu-

106 2376 188 2402 ram
206 2370 247 2403 et
264 2365 451 2416 originem
471 2366 669 2418 utriusque
690 2367 842 2414 Satirae,
873 2380 962 2417 quae
994 2367 1152 2405 omnino
1176 2367 1462 2406 conveniebant
1481 2374 1559 2403 tarn

106 2427 266 2466 materia
284 2441 402 2479 quam
420 2429 559 2469 forma.
615 2430 717 2469 Nam
733 2430 827 2468 nihil
847 2443 894 2468 eo
908 2431 1093 2469 attulerat
1108 2430 1278 2470 Lucilius
1299 2435 1440 2480 praeter
1458 2429 1559 2466 nito-

106 2489 158 2527 ris
178 2497 216 2529 et
234 2491 326 2529 salis
353 2492 589 2543 plusculum,
616 2494 655 2531 in
676 2506 828 2532 summa
846 2493 899 2532 rei
917 2493 1027 2531 nulla
1045 2494 1190 2544 insigni
1208 2492 1422 2530 variatione
1440 2490 1560 2529 facta.

108 2550 161 2589 Et
175 2565 397 2605 quanquam
427 2569 506 2595 non
538 2557 794 2609 conjunxerat
820 2557 932 2608 plura
963 2569 1144 2594 versuum
1176 2566 1320 2603 genera
1347 2553 1385 2590 in
1418 2552 1557 2591 eodem

111 2612 306 2662 Carmine,
339 2618 440 2657 sicut
466 2620 634 2667 Ennius,
662 2620 806 2657 fecerat
838 2624 968 2655 tamen
988 2617 1143 2654 diversa
1164 2615 1361 2662 Carmina,
1393 2627 1557 2665 quorum

111 2672 188 2712 alia
203 2675 355 2728 integra
370 2681 557 2721 Versibus
587 2682 852 2726 Hexametris,
883 2680 962 2718 alia
994 2678 1190 2724 Iambicis,
1225 2677 1303 2715 alia
1335 2677 1558 2717 Trochaicis

110 2737 357 2785 constabant,
383 2749 428 2780 ut
454 2744 576 2795 liquet
606 2759 654 2784 ex
684 2746 807 2797 ipsius
836 2743 1095 2794 Fragmentis.
1153 2741 1207 2778 Ut
1224 2742 1342 2779 verbo
1363 2740 1504 2788 dicam,
1526 2742 1560 2779 si

111 2799 322 2839 Lucilianae
342 2802 476 2843 Satirae
496 2807 636 2847 diversi
656 2809 809 2861 generis
829 2809 878 2847 ab
901 2806 1090 2847 Ennianis
1110 2804 1199 2844 ideo
1226 2803 1438 2844 censendae
1465 2805 1557 2850 sint,
