1930 3242
381 299 464 340 956

846 313 887 347 Q.
920 309 1122 338 HonA'rn
1158 308 1326 338 FLAcct

381 401 583 442 Stultitiae
602 401 779 440 nihilum
799 399 1025 440 metuenda
1045 401 1262 451 timentis;
1292 404 1337 441 ut
1355 401 1490 453 ignes,

383 466 447 507 Ut
466 479 596 519 rupes
616 466 862 516 fluviosque
882 464 925 504 in
945 476 1100 517 campo
1119 465 1295 506 obstare
1315 471 1542 518 queratur:

383 531 578 572 Alterum
598 534 640 570 et
659 530 758 569 huic
776 541 924 569 varum
945 533 987 570 et
1005 530 1136 569 nihilo
1156 531 1407 582 sapientius,
1427 531 1546 582 ignes

385 599 469 638 Per
489 596 656 636 medios
676 594 919 647 fluviosque
942 596 1124 636 ruentis:
1156 597 1311 636 clamet
1329 597 1471 636 amica

386 662 545 708 Mater,
563 659 746 700 honesta
765 671 903 708 soror,
923 673 1022 700 cum
1042 662 1251 712 cognatis,
1273 665 1411 713 pater,
1431 673 1565 711 uxor3

387 727 477 767 Hic
496 725 615 765 fossa
634 730 699 764 est
718 725 887 777 ingens!
917 726 987 766 hic
1010 739 1136 778 rupes
1157 726 1367 767 maxima!
1397 728 1546 768 serva!

386 793 490 833 Non
508 791 645 843 magis
662 790 844 831 audierit
863 805 995 844 quam
1017 791 1167 832 Fufius
1188 793 1333 832 ebrius
1355 792 1473 841 olim,

386 857 498 898 Cum
519 856 704 897 Ilionam
724 857 932 908 edormit3
964 857 1159 898 Catienis
1180 858 1294 898 mille
1314 857 1526 907 ducentis,

384 990 465 1022 enti-5
478 1001 514 1022 ea
526 1001 593 1030 quoe
596 992 766 1029 formidari
780 1002 838 1023 non
852 994 959 1024 debent
967 1004 979 1029 ,·
1001 995 1081 1024 velut
1095 994 1199 1033 siquis
1211 997 1409 1034 conqueratur
1415 995 1573 1035 flammas,
1583 994 1728 1033 scopulos,
1735 992 1802 1033 flu-

386 1033 481 1070 mina,
504 1033 565 1063 sibi
585 1034 704 1064 obstare
725 1034 758 1065 in
777 1044 898 1073 campo:
920 1036 1018 1066 allero
1038 1036 1134 1075 priori
1148 1036 1320 1074 dissimilis,
1331 1036 1452 1066 minime
1475 1045 1544 1065 vero
1561 1035 1676 1074 sanior,
1692 1038 1803 1065 temere

382 1074 517 1114 petentis
531 1075 644 1104 medios
657 1075 744 1112 ignes
758 1086 792 1106 ac
805 1076 932 1115 flur-ios.
978 1077 1126 1111 Quamvis
1139 1080 1241 1107 autem
1253 1077 1354 1107 sedula
1366 1086 1485 1115 parens,
1500 1077 1576 1106 bona
1589 1085 1687 1114 soror,
1701 1077 1803 1114 pater,

385 1116 509 1153 conjux,
530 1115 694 1155 propinqui
718 1127 818 1147 omnes
841 1119 1015 1157 increpent:
1039 1118 1110 1148 Illic
1130 1121 1177 1148 est
1197 1117 1374 1148 barathrum
1395 1118 1535 1155 immane,
1555 1117 1618 1147 iuic
1639 1116 1806 1147 horrendus

386 1158 546 1196 scopulum
561 1166 632 1188 cave
647 1157 724 1188 tibi.-
738 1158 819 1189 haud
835 1159 933 1197 magis
945 1159 1128 1189 auscultabit
1143 1169 1233 1198 quam
1246 1159 1359 1189 Fusius
1371 1160 1520 1198 quondam
1533 1160 1725 1195 temulentus,
1735 1157 1807 1187 dum

385 1199 516 1238 sopitam
531 1198 662 1230 Ilionam
676 1203 793 1240 ageret,
809 1202 926 1239 quando
940 1201 1023 1231 mille
1036 1201 1158 1231 ducenti
1172 1201 1295 1231 Catieni
1309 1200 1530 1231 inclamabant:
1549 1200 1578 1230 0
1591 1208 1701 1239 parens
1715 1202 1745 1230 te
1759 1198 1806 1229 in-

983 1302 1211 1314 eeeeeeeeeeee

389 1377 430 1405 53
454 1375 546 1405 Unus
570 1375 676 1406 codex
701 1376 909 1415 Bersmanni‚
935 1377 1031 1408 trahit
1050 1377 1103 1407 hoc
1122 1379 1315 1415 genna—56
1337 1377 1435 1408 Gott.
1462 1375 1558 1406 Harl.
1582 1379 1613 1406 2.
1637 1377 1669 1406 6.
1692 1374 1807 1404 Zarot.

390 1415 530 1446 Mediol.
546 1418 637 1446 1477.
654 1417 800 1447 Florent.
818 1420 911 1447 1482.
935 1423 970 1448 et
985 1419 1063 1448 Vet.
1080 1419 1197 1448 Comb.
1214 1419 1315 1458 Cruq.
1333 1418 1448 1448 Lamb.
1463 1418 1620 1448 Torrent.
1639 1417 1675 1446 R.
1688 1415 1809 1453 Steph-

387 1457 559 1487 Scin-evei.
577 1457 700 1496 Delph.
717 1457 835 1487 Sanad.
861 1459 975 1489 Bentl.
1001 1460 1160 1490 Dunster.
1185 1459 1325 1489 Wetzel.
1347 1461 1409 1488 διε.
1431 1459 1500 1489 huic
1514 1458 1642 1488 tarium.
1667 1456 1762 1487 Harl.
1779 1458 1811 1486 3.

389 1501 420 1529 4.
437 1497 562 1535 Acron,
578 1498 702 1538 Porph.
716 1499 816 1530 Baxt.
833 1499 936 1530 Gesn.
953 1500 1208 1540 Zeun.'Bipont.
1227 1499 1405 1539 Heindorf,
1419 1505 1454 1530 et
1477 1500 1594 1530 Comb.
1610 1498 1680 1529 huic
1693 1507 1810 1528 varum.

387 1541 396 1556 ‘
415 1539 563 1569 Pessime
581 1540 782 1570 recentiores
799 1550 981 1580 reposuere
995 1551 1115 1578 vorum,
1127 1541 1215 1581 quod
1241 1542 1347 1571 minus
1362 1541 1518 1571 convenit
1533 1541 1677 1571 Satirico
1697 1536 1810 1578 stylo-⁸

389 1580 576 1611 fluxa—69
600 1580 693 1610 Unus
717 1581 825 1611 codex
851 1582 1061 1619 Bersmanni,
1093 1583 1164 1612 hinc
1187 1591 1279 1621 rupes
1303 1583 1533 1613 mimirum—60
1557 1581 1669 1612 Fusius
1693 1579 1810 1610 Lamb-

389 1621 543 1651 Torrent.
566 1621 706 1659 Cuning.
732 1622 770 1651 R.
792 1622 909 1661 Steph.
931 1622 1040 1653 Bond.
1066 1623 1234 1653 Schrevel.
1260 1623 1382 1662 Delph.
1409 1624 1570 1659 Dunster,
1592 1623 1692 1652 Baxt.
1707 1621 1813 1651 Gesn.

391 1662 496 1692 Zeun.
511 1666 547 1692 et
565 1661 682 1692 Comb.
707 1662 814 1702 Fufius
828 1663 972 1703 quinque
989 1664 1087 1694 codd.
1100 1664 1276 1701 Torrentfi,
1293 1674 1376 1694 unus
1391 1663 1582 1698 Pulmanni,
1596 1663 1715 1702 Regin.
1732 1671 1752 1691 a
1768 1670 1812 1690 ur.

391 1713 443 1743 pr.
458 1703 569 1734 Bentl.
583 1703 684 1744 Cruq.
699 1703 819 1734 Sanad.
837 1705 987 1740 Francis,
1004 1705 1183 1741 Heindorf,
1200 1705 1339 1736 Wetzel.
1355 1703 1487 1736 Wakef.
1502 1709 1537 1735 et
1562 1704 1666 1734 Kidd.
1708 1701 1814 1742 Sqfius

393 1745 424 1774 in
441 1744 640 1784 quibusdam
667 1749 751 1775 vett.
774 1746 948 1776 ‘Bentleio
974 1747 1082 1787 Fufius
1104 1756 1146 1777 ex
1171 1747 1368 1786 quibusdam
1394 1746 1504 1777 Libris
1527 1755 1625 1776 inunu
1651 1743 1812 1775 exaratis.

392 1786 593 1826 Disquirant
607 1795 745 1827 quorum
763 1787 924 1818 interest:
949 1788 1044 1818 nobis
1062 1788 1266 1827 probabilior
1282 1787 1414 1818 videtur
1429 1788 1554 1822 Funus,
1571 1791 1652 1826 puto
1667 1784 1755 1824 qnod
1770 1784 1814 1814 sit

391 1827 526 1858 auribus
541 1826 764 1859 familiarius!
787 1829 887 1859 Baxt.
932 1830 941 1846 ‘
954 1829 1066 1860 Etiam
1083 1830 1171 1869 apud
1197 1830 1394 1861 Ciceronem
1415 1829 1583 1859 ‘Fufium’
1604 1827 1731 1858 malunt
1751 1825 1814 1855 viri

1033 1933 1171 1964 NOTAE

394 2009 501 2035 turam
517 2008 551 2034 et
566 2004 713 2044 speciem
729 2004 980 2044 degenerarint.
1012 2006 1078 2037 Ab·

394 2052 484 2083 surdi
501 2057 577 2083 sunt
594 2052 650 2093 qui
675 2054 684 2069 ‘
697 2053 837 2084 caudam
854 2053 1008 2084 trahere’
1030 2054 1078 2084 in-

393 2105 642 2141 terpretantur,
670 2102 814 2142 superbe
844 2102 1014 2139 incedere,
1045 2107 1080 2134 et

395 2155 518 2181 terram
535 2155 683 2190 syrmate
699 2160 843 2182 verrere.

436 2202 478 2231 60
496 2199 600 2240 Fufius
614 2199 731 2239 ebrius]
766 2199 874 2231 Actor
896 2200 952 2231 ille
976 2199 1080 2240 tragi-

396 2257 468 2283 cus.
493 2257 566 2278 cum
594 2247 790 2279 dormientis
829 2248 980 2280 Hecubae
1010 2248 1080 2279 sive

395 2299 514 2330 Ilionae
537 2308 687 2330 somnum
701 2300 856 2331 simulare
871 2299 1024 2339 deberet,
1038 2309 1080 2331 ex

396 2348 475 2378 vino
489 2352 524 2378 et
540 2354 623 2388 potu
641 2357 717 2379 vere
741 2348 882 2388 sopitus,
898 2347 1024 2379 frustra
1039 2348 1081 2380 ab

398 2396 655 2428 inclamantibus
692 2401 830 2427 vocatus
873 2406 1082 2438 nequaquam

398 2446 582 2485 evigilavit.

440 2499 479 2526 61
496 2494 642 2534 Ilionam]
666 2495 718 2526 Ex
732 2495 903 2535 Tragedia
918 2495 1015 2532 Attii,
1030 2495 1085 2526 vel

399 2543 553 2583 Pacuvii,
577 2544 610 2574 in
633 2553 698 2584 qua
723 2543 884 2585 Polydori
908 2554 928 2574 a
950 2545 1084 2584 Polym·

400 2599 537 2626 nestore
550 2593 700 2624 Thraciae
717 2603 796 2634 rege
812 2595 897 2625 clam
915 2593 1087 2625 interfecti

401 2643 519 2674 umbra
535 2652 681 2675 sororem
695 2652 786 2674 suam
800 2643 940 2674 Ilionam
950 2643 1086 2683 Polym-

402 2693 546 2723 nestoris
571 2701 710 2723 uxorem
745 2695 847 2723 noctu
883 2695 982 2723 vocat
1011 2690 1086 2721 dor-

402 2741 575 2778 mientem,
591 2745 628 2771 nt
646 2741 713 2770 suis
728 2739 882 2771 manibus
895 2740 990 2780 justa
1011 2747 1086 2778 per-

404 2790 524 2831 solvat,
538 2790 808 2830 inhumatumque
823 2789 974 2830 sepeliat.
1005 2788 1087 2821 Qui-

1131 2006 1207 2037 dam
1233 2006 1348 2036 volunt
1375 2005 1429 2035 hic
1458 2003 1602 2042 intelligi
1627 2001 1816 2040 Hecubam,

1132 2059 1202 2086 tum
1216 2054 1304 2095 quod
1321 2058 1411 2084 esset
1427 2061 1505 2083 vere
1520 2050 1681 2092 Polydori
1695 2055 1816 2087 mater,

1132 2110 1202 2134 tum
1229 2113 1271 2133 ex
1293 2101 1510 2143 sequentibus
1535 2100 1658 2135 verbis,
1679 2103 1748 2130 turn
1774 2107 1816 2127 ex

1132 2151 1295 2190 Euripide
1309 2154 1344 2181 et
1358 2150 1523 2182 Cicerone
1536 2159 1545 2180 ι
1568 2147 1816 2189 conjiciuntque

1134 2201 1310 2232 Hecubam
1336 2200 1400 2230 alio
1422 2199 1553 2230 nomine
1574 2197 1714 2228 Ilionam
1729 2196 1817 2227 forte

1132 2249 1269 2280 dictam.
1314 2248 1380 2278 Sed
1397 2248 1475 2288 quid
1493 2257 1576 2287 opus
1599 2245 1694 2277 istis?
1738 2244 1817 2275 nio-

1134 2308 1208 2330 nam
1223 2302 1363 2328 matrem
1378 2296 1527 2336 appellat
1542 2294 1744 2334 Polydorus,
1764 2293 1817 2324 vel

1135 2346 1243 2378 aetatis
1256 2347 1500 2385 provectae,aut
1512 2341 1750 2380 venerationis,
1759 2346 1818 2372 aut

1135 2396 1236 2426 etiarn
1253 2391 1474 2424 miserationis
1496 2390 1685 2422 excitandae
1703 2399 1816 2422 causa.

1136 2444 1235 2476 Adde
1249 2442 1337 2485 quod
1353 2450 1436 2482 puer
1457 2441 1514 2472 ille
1537 2440 1625 2471 domi
1649 2439 1758 2471 fuerat
1774 2439 1818 2470 ab

1136 2493 1243 2524 Iliona
1258 2491 1349 2522 velut
1362 2500 1381 2521 a
1396 2495 1538 2530 parente
1554 2489 1727 2521 educatus.
1761 2489 1820 2520 Vi-

1137 2542 1180 2573 de
1203 2539 1356 2580 Euripid.
1386 2539 1517 2570 Hecnb.
1543 2538 1664 2578 virgil.
1687 2537 1819 2570 AEneid.

1138 2600 1191 2623 nx.
1209 2589 1278 2621 Cic.
1294 2587 1454 2619 Academ.
1471 2588 1598 2620 Quaest.
1616 2595 1656 2618 ιι.
1673 2587 1736 2629 &e-

1182 2638 1321 2670 Catienis
1341 2637 1424 2668 mille
1437 2636 1586 2675 ducentis,
1602 2635 1817 2676 clamantibus]

1140 2688 1240 2719 Certe
1255 2686 1373 2717 histrio
1388 2686 1545 2717 Catienus
1570 2683 1732 2725 Polydori
1751 2684 1819 2715 cla-

1138 2736 1258 2768 mantis
1287 2739 1399 2775 partes
1426 2733 1561 2774 agebat.
1603 2733 1716 2766 Quare
1740 2741 1820 2763 vero

1140 2785 1297 2817 dicuutur
1327 2784 1486 2815 clamasse
1518 2783 1631 2824 plures
1667 2780 1819 2814 Catieni?
