1904 3256
663 311 852 344 Beonan
887 311 1051 343 LIBER.

1494 305 1579 346 721

238 405 292 447 In
311 417 429 447 mare
448 416 527 447 seu
542 404 692 447 celsus
712 405 976 459 procurrerit
994 403 1271 459 Apenninus,

297 471 519 526 Novaque
540 475 739 514 monstra
751 472 953 528 junxerit
970 472 1154 515 libidine

1523 474 1579 515 30

238 538 382 581 Mirus
401 551 550 581 amor:
573 539 703 594 juvet
721 546 769 583 ut
788 540 926 595 tigres
944 539 1172 582 subsidere
1193 541 1351 593 cervis,

289 604 572 648 Adulteratur
591 611 638 648 et
656 607 866 649 columba
884 607 1021 649 miluo
1037 620 1051 659 3

240 671 435 716 Credula
451 686 533 716 nec
550 686 684 716 ravos
702 675 892 717 timeant
912 677 1113 717 armenta
1131 674 1286 716 leones
1303 687 1316 726 ;

292 739 511 795 Ametque
532 742 656 784 salsa
675 743 786 785 levis
805 743 955 785 hircus
977 755 1174 796 aequora.

122 873 192 902 net
203 881 216 908 ;
235 875 327 912 atque
340 881 428 903 mor·
440 872 640 913 prodigiosus
654 873 781 905 insolita
795 873 927 905 libidine
940 873 1094 914 copulabit
1108 873 1212 915 seras,
1235 875 1312 906 adeo
1327 877 1363 906 ut
1379 873 1514 913 tigrides
1527 882 1579 903 cu-

118 912 209 952 piant
222 913 320 953 jungi
331 914 443 951 cervis,
457 917 490 945 et
503 915 642 946 columba
656 915 781 953 milvio,·
797 919 890 956 atque
901 925 1017 955 greges
1027 915 1140 956 absque
1155 920 1238 948 metu
1250 917 1380 948 credaut
1393 925 1426 947 ae
1439 915 1577 947 leonibus

115 953 238 993 fidoi„
256 956 427 997 glaberque
438 956 506 999 fiat
526 967 632 998 caper,
645 961 674 989 et
695 959 833 997 gaudeat
849 958 929 989 mari
943 959 1038 990 salso.
1083 959 1290 999 Posteaquam
1305 959 1368 991 ista
1384 961 1413 990 et
1428 967 1580 999 quaecum-

735 1051 856 1064 OM&

858 1050 977 1064 aaaaa

124 1115 167 1146 32
190 1114 320 1148 Omnes
340 1115 441 1148 codd.
453 1116 642 1156 'ron-eutii,
658 1122 803 1158 quatuor
819 1117 942 1150 Bland.
961 1117 1095 1150 Buslid,
1113 1122 1148 1149 et
1165 1117 1304 1148 Divaeus
1321 1115 1463 1158 Crnqnii
1482 1114 1582 1146 Harl.

126 1158 157 1188 1.
173 1159 206 1188 2.
221 1159 255 1188 3.
270 1160 304 1189 4.
324 1161 356 1190 6.
388 1159 487 1191 Gott.
516 1163 553 1191 et
583 1160 736 1192 Florent.
767 1163 864 1192 1482.
901 1161 1017 1198 miluo,·
1044 1160 1124 1191 edd.
1155 1160 1273 1191 multae
1303 1163 1390 1190 vett.
1420 1158 1585 1189 milvio.—

126 1200 168 1230 88
192 1199 300 1230 Codd.
323 1201 525 1232 Bersmanni
552 1205 589 1233 et
615 1202 670 1232 ed.
699 1202 816 1234 Lamb.
842 1202 961 1241 fulvos.

1006 1203 1105 1234 Harl.
1125 1206 1154 1234 l.
1172 1205 1203 1233 2.
1218 1205 1250 1232 3.
1265 1204 1299 1233 4.
1315 1204 1347 1232 6.
1370 1201 1481 1241 major
1506 1209 1584 1240 pars

126 1239 229 1272 codd.
245 1251 300 1281 ap.
314 1242 430 1276 Bentl.
445 1249 480 1275 et
499 1243 577 1274 edd.
595 1248 679 1275 vett.
693 1244 811 1285 flavos.
847 1244 944 1276 Leid.
961 1248 997 1275 et
1012 1245 1165 1285 Magdal.
1183 1244 1333 1275 Bentleii
1350 1252 1426 1274 cnm
1444 1243 1586 1284 quibus-

126 1282 202 1313 dam
219 1283 374 1315 Lambini
387 1294 497 1317 noevoe.

540 1286 550 1303 ‘
568 1286 678 1318 Recte
703 1287 880 1318 Bentleius
904 1297 995 1318 ravos
1016 1292 1096 1327 post
1109 1286 1280 1319 ,Iacobum
1298 1285 1486 1327 Cruquium
1502 1293 1587 1325 qua-

127 1327 207 1356 tuor
229 1330 384 1358 veterum
408 1327 721 1368 Manuscriptorum
745 1329 828 1360 fide.
873 1329 978 1361 Certe
1000 1339 1090 1360 ravos
1111 1328 1261 1370 ignotius
1284 1332 1361 1360 crat
1383 1327 1587 1358 vocabulum

125 1375 226 1406 quarn
238 1367 354 1408 flavae.
398 1369 439 1400 In
455 1370 565 1400 minus
581 1371 670 1400 notis
686 1371 863 1401 vocabulis
887 1372 1090 1412 plerumque
1113 1371 1274 1402 coecutire
1297 1371 1409 1400 solent
1429 1369 1585 1400 librarii.²

127 1407 228 1440 Bm.

274 1409 331 1440 Ita
345 1419 478 1450 qnoque
494 1411 573 1442 Nic.
587 1411 750 1442 Heinsius
766 1421 809 1442 ex
825 1411 925 1443 codd.
941 1413 1050 1452 antiq.
1067 1412 1154 1450 legit
1171 1411 1214 1442 ad
1231 1411 1336 1443 Ovid.
1357 1411 1472 1442 Amor.
1488 1420 1513 1442 r.
1530 1414 1584 1442 12.

126 1451 179 1482 19.
202 1450 283 1482 item
306 1451 408 1482 Raxt.
423 1451 529 1483 Gesn.
554 1453 663 1484 zeun.
690 1453 831 1492 Bipont.
856 1453 981 1485 Sanad.
995 1454 1143 1488 Towers.
1161 1453 1316 1491 Francis,
1331 1452 1473 1484 Mitsch.
1492 1452 1585 1483 Wet-

124 1492 189 1524 zel.
204 1492 322 1524 Comb.
337 1498 374 1525 ct
389 1493 584 1526 mam—34
605 1494 737 1526 Ametve
759 1494 844 1526 salsa
859 1495 1006 1536 Cuning.
1028 1495 1156 1527 Sanad.
1174 1499 1211 1526 et
1231 1495 1463 1527 Turrem—35
1489 1494 1584 1535 Hoec,

787 1579 929 1612 No'rAE

166 1643 209 1673 28
233 1640 357 1682 Padm]
389 1641 458 1674 Qui
475 1646 511 1673 et
529 1641 699 1674 Eridanus
714 1642 829 1674 Italioe

124 1692 291 1724 maximus
306 1690 431 1724 fluvius
452 1703 495 1724 ex
521 1693 668 1734 Alpibus
685 1694 830 1726 scaturit

124 1742 160 1774 in
173 1741 283 1774 limite
299 1742 436 1781 Galliae,
452 1743 542 1783 rigat
555 1743 832 1784 Pedemontium,

125 1790 430 1831 Mediolanensem,
454 1792 706 1833 placentinam,
732 1793 831 1823 Man-

125 1845 276 1878 tiniam,
292 1842 559 1882 Ferrariensem,
573 1843 724 1884 aliasque
742 1842 830 1882 regi-

123 1899 230 1931 ones;
254 1890 402 1932 denique
432 1890 466 1922 in
492 1901 586 1923 mare
611 1892 829 1923 Adriaticum

123 1940 288 1974 illabitur.
333 1940 480 1973 Galliam
493 1941 702 1982 Cisalpinam
712 1941 830 1973 divisit

127 1989 208 2022 olim
234 1990 271 2022 in
301 1989 529 2031 Cispadanam
552 1995 589 2022 et
616 1991 830 2032 Transpada-

128 2048 218 2072 nam.

171 2089 316 2130 Matina]
347 2091 470 2122 Saltus
498 2096 534 2123 et
561 2100 654 2122 mons
675 2090 831 2122 Matinus

129 2143 206 2170 crat
219 2139 255 2170 in
270 2139 407 2181 Apulia
430 2140 656 2182 Lucaniaeque
672 2139 830 2173 confinio.

131 2189 189 2220 De
201 2188 327 2229 eojm
342 2198 368 2227 r.
384 2188 454 2222 ou.
472 2192 527 2221 28.
542 2193 575 2222 3.

170 2241 216 2270 29
237 2239 279 2270 In
307 2249 394 2271 mare
421 2249 475 2271 reu
507 2241 605 2271 celan
636 2241 833 2281 procurrerit

127 2288 327 2330 Apenninus]
340 2290 421 2322 Sive
435 2299 512 2322 curn
527 2290 612 2322 mari
626 2299 833 2332 summerge·

128 2341 185 2371 ωι-
209 2339 412 2381 Apenninus
428 2349 524 2372 mons
540 2341 734 2380 altissimus,
760 2342 832 2374 Ita-

127 2387 210 2421 lim
225 2398 347 2421 secans
370 2390 473 2430 longo
488 2393 524 2422 et
538 2390 702 2422 continuo
717 2394 833 2422 tractu

127 2442 166 2471 ot
173 2438 258 2481 jugo
274 2439 318 2471 ab
332 2439 479 2480 Alpibus
495 2439 674 2471 maritimis
690 2440 732 2472 ad
746 2441 834 2472 Bru-

130 2488 196 2520 tioa
209 2495 246 2520 et
258 2488 467 2522 Salentinos.

927 1646 969 1675 33
995 1644 1132 1675 Credula
1143 1654 1199 1676 nec
1213 1654 1317 1682 ravos,
1328 1643 1399 1683 &sc-J
1415 1643 1500 1675 Cum
1513 1652 1590 1683 gre-

885 1702 946 1733 ges
974 1697 1011 1724 et
1037 1698 1193 1724 armenta
1222 1697 1346 1734 sponte
1378 1701 1415 1723 se
1444 1691 1590 1723 offerent

885 1742 1040 1774 leonibus
1065 1742 1275 1782 devoranda,
1302 1741 1427 1772 amissa
1443 1742 1591 1772 naturali

887 1791 929 1822 ab
946 1791 996 1822 his
1010 1790 1091 1832 fuga
1107 1796 1144 1823 et
1158 1795 1266 1822 metu.

929 1843 971 1872 34
994 1841 1149 1882 Ametque
1171 1843 1254 1872 salsa
1277 1840 1354 1872 levia
1366 1840 1472 1871 hircus
1486 1850 1589 1881 oequo-

882 1892 937 1932 ru]
963 1892 1110 1924 Quando
1126 1891 1240 1922 hircus
1255 1890 1395 1922 habebit
1410 1890 1477 1922 duo
1493 1894 1591 1922 natu-

885 1950 932 1973 rae
950 1945 987 1973 ct
1002 1941 1107 1973 indoli
1128 1951 1198 1972 suae
1222 1940 1404 1975 contraria,
1432 1940 1593 1981 primum,

884 1995 924 2022 ut
953 1992 1037 2023 setis
1065 2001 1107 2023 ac
1133 1992 1211 2032 pilis
1238 1999 1357 2022 carens
1383 1989 1444 2022 fiat
1474 1990 1592 2030 laevis;

884 2042 1040 2082 alterum,
1057 2046 1095 2073 ut
1110 2051 1215 2083 aquas
1227 2040 1428 2082 frequentet
1443 2044 1480 2071 et
1495 2040 1591 2071 inna-

885 2096 961 2124 tare
977 2097 1091 2124 amet:
1117 2090 1391 2133 quandoquidem
1410 2094 1504 2121 amat
1530 2100 1590 2131 po-

884 2141 952 2173 tius
979 2147 1112 2174 montes
1136 2146 1173 2173 et
1187 2141 1314 2174 arduos
1331 2141 1452 2182 saltus,
1467 2144 1588 2181 estque

884 2190 1034 2223 hirs-tus
1065 2191 1166 2223 valde
1202 2201 1243 2223 ac
1272 2191 1415 2232 pilosus.
1461 2190 1590 2222 Audite

886 2249 966 2271 vero
979 2241 1194 2282 Scaligerum
1207 2251 1218 2270 :
1241 2241 1252 2258 ‘
1266 2239 1360 2280 Ubi‚'
1376 2240 1497 2282 inquit,
1513 2241 1523 2257 ‘
1539 2249 1590 2270 re-

886 2291 978 2332 perit
1005 2291 1150 2331 hircum,
1171 2301 1270 2333 quern
1294 2292 1349 2324 liic
1371 2297 1517 2333 poneret
1533 2292 1591 2323 ab-

886 2341 1080 2372 horrentem
1101 2350 1121 2372 a
1150 2340 1256 2372 mari?
1281 2350 1359 2373 nam
1385 2341 1512 2372 nullum
1540 2345 1592 2372 est

885 2390 1092 2430 animalium,
1128 2390 1220 2434 quod
1258 2391 1364 2432 magis
1401 2395 1494 2422 amet
1530 2391 1591 2421 sal.

886 2442 1004 2474 Quare
1033 2450 1101 2472 non
1140 2446 1199 2472 aut
1226 2441 1356 2472 simiam
1390 2444 1451 2471 aut
1487 2438 1588 2471 felem

883 2490 973 2522 dixit
999 2490 1126 2531 potins,
1141 2490 1264 2531 quibus
1281 2489 1400 2520 bestiis
1419 2488 1512 2519 nulla
1533 2498 1591 2529 pe·

172 2539 216 2570 Μ
245 2538 398 2581 Notaque
433 2543 584 2582 mamm,
615 2540 686 2582 ξω]
731 2540 831 2572 Mon-
876 2541 934 2582 jus
955 2541 1031 2572 odit
1053 2539 1194 2581 aquas?
1238 2538 1360 2570 Mirari
1386 2542 1482 2569 certe
1505 2538 1590 2569 libet

131 2589 239 2619 suum
253 2597 336 2621 nne
360 2588 451 2622 foret
472 2591 499 2621 si
521 2591 615 2623 cervi
632 2601 693 2623 sua
708 2595 832 2622 natura

133 2635 242 2668 1511Ηί
247 2637 435 2680 §ungantur
446 2640 591 2682 tigribus
604 2640 743 2673 feritate
755 2641 832 2671 bor-

133 2683 305 2719 ribilibnn:
331 2689 422 2720 Plin-
434 2690 495 2723 lib.
515 2700 598 2723 vm.
619 2691 648 2722 si
671 2689 829 2722 columba

132 2735 215 2766 item
230 2742 402 2769 mansueta
418 2741 595 2780 copuletur
611 2741 723 2772 milvio
738 2742 830 2771 inter

133 2785 314 2826 accipitres
340 2789 526 2827 rapacitate
545 2795 581 2824 et
596 2787 827 2834 magnitudine

135 2835 323 2876 precipuo·
365 2835 453 2868 Plin.
468 2846 504 2870 x.
520 2842 573 2871 1⁰.

219 2887 337 2928 Delpli.
350 2891 379 2919 et
398 2888 473 2920 Var.
485 2889 568 2922 Clas.

807 2893 923 2924 Horat.

884 2590 997 2630 gravis
1013 2590 1140 2630 alioqui
1158 2588 1220 2620 viri
1237 2593 1368 2619 tantam
1391 2588 1446 2619 bic
1467 2588 1590 2620 levita-

884 2645 967 2671 tem.
1013 2639 1141 2669 Verum
1158 2643 1195 2669 et
1209 2647 1289 2669 mox
1311 2636 1447 2678 profert
1461 2638 1588 2679 aliquid

883 2689 989 2720 multo
1004 2688 1111 2728 magis
1135 2687 1318 2718 absurdum
1342 2696 1470 2729 suoque
1493 2697 1589 2729 pror-

883 2748 938 2770 sus
968 2738 1106 2779 ingenio
1136 2737 1324 2778 indignum.
1372 2737 1472 2778 Legit
1498 2738 1588 2769 enim

883 2788 986 2831 paulo
1017 2793 1114 2829 post:
1140 2789 1206 2819 Aut
1229 2798 1305 2828 pars
1329 2787 1456 2819 indocili
1479 2789 1588 2820 melior

880 2850 980 2880 grege
1002 2839 1114 2872 mellis.
1160 2840 1206 2871 Et
1221 2839 1335 2871 nescio
1351 2839 1431 2882 quid
1451 2839 1495 2870 de
1517 2840 1588 2881 api-

1430 2895 1450 2923 2
1475 2893 1502 2923 Ζ
