1904 3256
723 310 725 315 ,
779 279 820 316 Q.
852 280 1057 310 HoRA'rn
1093 283 1267 312 FLAccx

540 365 640 415 Quo
659 367 768 420 fugit
787 370 972 412 Venus?
1002 374 1109 414 heu!
1141 388 1285 427 quove
1303 377 1448 418 color?
1479 379 1636 422 decens

540 430 641 480 Quo
663 436 836 474 motus?
867 437 970 487 quid
993 437 1128 479 habes
1150 440 1281 490 illiuS‚
1302 432 1434 491 illius,

596 496 710 546 Quae
732 499 930 550 spirabat
950 514 1135 553 amores,

653 563 768 613 Quae
788 577 857 605 me
879 573 1103 620 surpuerat
1121 571 1257 612 mihi?

541 627 669 668 Felix
691 633 793 682 post
812 630 1029 683 Cinaram,
1051 639 1236 689 notaque
1256 640 1297 678 et
1316 638 1470 678 artium

1682 577 1738 618 ΞΟ

318 757 413 798 nitor,
428 769 483 799 quo
496 761 623 798 agilitas
637 760 733 792 abiit?
779 761 896 801 Ecquid
910 761 968 792 tibi
982 764 1077 792 restat
1093 761 1168 800 ejus,
1191 762 1255 801 ejus
1274 763 1410 804 inquam,
1425 774 1492 804 quoe
1507 773 1623 795 amores
1644 763 1737 794 exha-

316 799 412 840 labat,
427 811 493 840 quoe
508 802 584 832 mihi
602 812 649 834 me
662 803 842 842 abstulerat,
865 805 934 842 post
957 802 1102 834 Cinaram
1117 804 1212 844 felix,
1237 808 1268 836 et
1280 805 1404 843 famosa
1425 807 1511 837 vultu
1532 805 1696 846 artificiose
1708 808 1739 835 et

911 903 929 914 ο
931 903 1145 916 Μὀθοφοοθ

318 986 449 1008 comma
463 983 591 1016 ponunt
605 980 703 1012 Baxt.
719 981 825 1012 Gesn.
839 985 872 1010 et
887 979 1103 1012 Wakef.—17
1127 981 1208 1012 Var.
1224 980 1303 1012 lect.
1320 989 1374 1020 ap.
1387 980 1500 1012 Jones.
1514 989 1620 1020 quone.
1658 979 1739 1010 Pul-

319 1020 431 1050 manni
445 1021 576 1052 Diesth.
592 1023 685 1052 calor.
705 1022 715 1039 ‘
733 1022 840 1061 Vulgo
855 1022 941 1053 male
964 1022 1123 1053 inciditur
1138 1028 1213 1061 post
1233 1023 1349 1052 decens.
1392 1022 1549 1052 Postulat
1574 1021 1740 1052 sententia

318 1061 509 1100 interpuugi
538 1067 612 1102 post
636 1064 738 1099 color,·
763 1068 801 1094 ut
828 1067 922 1093 recte
949 1063 1091 1094 Chabot.
1114 1064 1228 1094 Bentl.
1252 1062 1368 1094 Gesn!
1387 1063 1476 1094 «Ian-l.
1520 1063 1575 1094 Ita
1601 1062 1738 1102 Bipont.

318 1102 458 1134 Mitsch.
474 1104 613 1135 Wetzel.
629 1103 760 1135 Wakef.
780 1109 816 1134 et
842 1104 947 1135 Kidd.
969 1115 1026 1144 qao
1040 1105 1139 1135 color?
1161 1105 1230 1142 heu,
1249 1105 1356 1135 decena
1378 1105 1445 1139 Quo
1466 1107 1586 1134 motus?
1606 1103 1738 1134 emend.

317 1143 460 1182 Cuning.
473 1154 616 1184 eumque
630 1146 737 1176 secuti
748 1145 871 1176 Sanad.
888 1145 973 1175 Sivr.
986 1146 1136 1183 'rowem
1147 1151 1182 1175 et
1196 1146 1343 1176 Francis.
1378 1146 1387 1161 ‘
1401 1145 1484 1176 Cum
1500 1154 1564 1176 non
1577 1154 1661 1185 opus
1676 1145 1738 1175 hnc

317 1185 566 1224 emendatione,
581 1189 650 1216 tum
666 1195 727 1225 per
742 1195 814 1216 eam
829 1186 926 1216 nimis
941 1185 1116 1216 affectatus
1131 1195 1171 1216 ac
1186 1186 1442 1216 declamatorius
1458 1187 1548 1216 locus
1562 1185 1638 1216 est?
1649 1186 1738 1216 dani.

315 1227 400 1255 —19
421 1225 549 1256 Amores
563 1225 673 1256 edidit
685 1227 776 1266 Jani,
789 1226 972 1267 majusculo
986 1226 1031 1265 A,
1048 1232 1179 1257 amorem
1193 1225 1262 1257 Alt.
1277 1229 1395 1256 2.-20
1419 1226 1580 1257 Nonnulli
1596 1225 1692 1258 codd.
1705 1233 1740 1257 et

316 1266 394 1298 edd.
417 1271 503 1298 vett.
518 1267 718 1306 surripuerat.
775 1267 853 1299 Vid.
868 1268 950 1298 Var.
970 1267 1080 1298 Lectt.
1097 1267 1138 1297 ad
1156 1275 1180 1297 1.
1193 1267 1260 1298 Od.
1275 1269 1327 1298 36.
1342 1269 1455 1298 8.-21
1478 1267 1487 1284 ‘
1501 1267 1653 1307 Cynarem
1669 1267 1740 1299 ΑΗ.

315 1310 346 1338 2.
392 1308 548 1348 Cynaram
563 1309 670 1348 vulgo,
685 1308 743 1340 sed
760 1318 790 1340 v.
813 1318 886 1349 sup.
901 1309 941 1339 ad
958 1318 982 1339 1.
997 1311 1028 1340 4.
1076 1306 1251 1350 Cynaram?
1272 1312 1344 1339 nota
1361 1317 1419 1348 quo
1433 1311 1463 1339 et
1478 1309 1592 1339 artium
1607 1308 1739 1340 emend.

316 1348 360 1379 G.
377 1349 470 1380 Best.
486 1351 566 1380 Rat.
590 1350 730 1381 Emend.
746 1351 851 1389 Legg.
867 1358 898 1380 c.
914 1352 967 1380 23.
990 1359 1022 1389 p.
1037 1352 1109 1380 257.
1154 1349 1230 1380 Hoc
1256 1350 1309 1380 vel
1331 1349 1407 1380 ideo
1433 1350 1550 1380 durum
1577 1353 1611 1380 et
1633 1350 1741 1380 minus

317 1389 505 1429 probabile,
520 1391 598 1430 quia
613 1396 689 1430 post
703 1400 760 1430 quo
770 1391 876 1429 fugit.
896 1390 938 1420 ad
955 1390 1043 1430 quod
1061 1389 1178 1421 referri
1195 1390 1308 1427 debet,
1329 1391 1399 1429 jam
1415 1390 1646 1430 interpositum
1665 1390 1741 1428 fuit,

313 1432 387 1470 quid
399 1431 499 1462 habes.
543 1432 688 1462 Omnino
705 1433 794 1462 varie
809 1433 842 1461 in
858 1432 981 1462 liisvss.
1000 1432 1258 1471 interpungitur.
1301 1432 1386 1462 Post
1399 1441 1528 1470 amores,
1546 1441 1593 1462 vs.
1609 1434 1660 1462 19.
1684 1433 1738 1462 alii

316 1481 459 1509 comma,
473 1473 530 1503 alii
553 1473 665 1511 colon,
691 1473 747 1503 alii
768 1473 996 1512 interrogandi
1013 1473 1153 1512 signnm,
1168 1474 1247 1503 item
1265 1477 1341 1512 post
1361 1473 1448 1510 mihi,
1472 1483 1520 1504 vs.
1536 1475 1589 1503 20.
1611 1482 1739 1503 comma

315 1514 385 1552 alii,
399 1514 455 1544 alii
470 1515 600 1554 signum
616 1513 887 1553 interrogationis
903 1520 1042 1554 ponunt.
1086 1514 1127 1544 In
1140 1524 1188 1544 vs.
1202 1517 1254 1544 21.
1279 1515 1376 1554 vulgo
1392 1514 1457 1545 duo
1472 1518 1635 1545 commata.
1649 1521 1738 1554 sunt,

317 1564 417 1585 unum
443 1561 519 1595 post
545 1556 704 1593 Cinaram,
720 1557 861 1586 alterum
885 1560 962 1594 post
985 1559 1127 1595 notaque.
1173 1555 1247 1586 Hoc
1265 1555 1430 1595 posterius
1453 1556 1565 1586 Bentl.
1592 1557 1740 1593 sustulit,

317 1605 502 1636 quanquam
519 1606 583 1627 non
602 1598 740 1636 primus,
754 1597 924 1636 ntjactat,
939 1596 997 1627 sed
1017 1597 1088 1636 jam
1115 1602 1194 1627 ante
1214 1606 1288 1626 eum
1305 1595 1383 1627 And.
1400 1596 1477 1627 Asc.
1497 1597 1584 1626 Mur.
1598 1597 1739 1628 Vaseos.

314 1642 352 1668 et
374 1638 531 1677 Rutgers.
575 1638 737 1677 Equidem
753 1647 882 1668 comma
904 1642 979 1677 post
996 1638 1143 1669 Cinaram
1160 1637 1342 1668 tollendum
1358 1646 1490 1675 censeo,
1513 1642 1589 1677 post
1613 1642 1740 1678 uotaque

315 1677 398 1709 ferri
413 1687 525 1718 posse,
547 1688 610 1709 nec
626 1683 737 1709 tamen
752 1680 974 1710 necessarium
990 1688 1065 1710 esse
1081 1683 1173 1719 puto.
1217 1679 1371 1718 Jungunt
1397 1678 1508 1710 Bentl.
1532 1679 1609 1709 San.
1633 1679 1739 1710 Gesn-

315 1723 443 1759 notaque
457 1723 500 1757 et,
521 1721 552 1751 li.
567 1730 598 1751 e.
616 1721 730 1758 etiam,
752 1724 915 1759 gratarum
929 1720 1065 1757 ar!ium;
1091 1724 1128 1751 ut
1143 1729 1183 1751 ιι.
1198 1720 1266 1750 Od.
1281 1723 1310 1751 2.
1325 1723 1356 1751 6.
1378 1724 1387 1737 ‘
1401 1725 1498 1750 notus
1512 1720 1610 1751 animi
1628 1725 1737 1759 pater-

315 1760 374 1791 ni.'
410 1761 476 1792 Sed
491 1762 555 1793 hoc
570 1762 668 1792 modo
679 1762 757 1802 quid
774 1762 908 1792 tandem
925 1771 996 1792 esse
1013 1765 1126 1801 posset
1141 1762 1289 1792 miserius
1304 1767 1339 1792 et
1356 1762 1542 1801 languidius
1558 1763 1614 1792 illo
1629 1762 1741 1792 etiam?

316 1802 438 1832 Potius
449 1803 569 1842 junge,
583 1803 685 1839 facies
701 1802 786 1840 felix
797 1806 925 1843 notaque
938 1806 1006 1842 post
1024 1804 1182 1841 Cinaram,
1205 1802 1237 1833 h.
1254 1813 1284 1833 e.
1305 1813 1378 1843 quae
1401 1803 1462 1834 soli
1487 1803 1614 1834 Cinarae
1639 1802 1738 1833 faciei

316 1843 567 1883 pulchritudine
583 1848 618 1875 et
632 1843 720 1874 famu
736 1843 897 1875 cederet:
919 1844 1007 1874 Jani.
1041 1845 1110 1882 jam
1125 1849 1253 1883 notaque
1276 1845 1390 1875 artium
1415 1845 1505 1885 Lips.
1526 1847 1557 1876 4.
1580 1845 1674 1875 nest.
1689 1844 1737 1874 in·

958 1946 1099 1978 NOTAE

316 2031 380 2052 mae
417 2020 566 2052 victoriae
603 2021 794 2051 memoriam
828 2019 1001 2051 volebam!

316 2070 443 2101 Sensus
453 2069 585 2100 Horatii
596 2074 646 2100 est
659 2081 666 2100 :
678 2070 773 2100 Sicut
784 2078 848 2100 non
859 2069 1002 2100 redeunt

1055 2020 1134 2058 vidi,
1156 2025 1194 2052 ut
1218 2021 1316 2060 perii,
1337 2026 1373 2052 ut
1396 2030 1448 2052 me
1471 2021 1575 2053 malus
1598 2021 1738 2053 abstulit

1054 2071 1177 2101 errorl’

308 2118 396 2149 anni
413 2119 590 2149 Consulum
605 2119 785 2149 aliorumve
805 2119 838 2148 in
854 2118 950 2149 fastis
966 2123 1003 2149 et

317 2166 493 2197 annalibus
509 2167 648 2207 scripti;
671 2168 719 2198 sic
733 2168 823 2207 prior
838 2171 920 2198 aetas
937 2168 1000 2207 Ly-

316 2226 373 2248 ces
411 2215 534 2247 famose
567 2221 740 2248 transacta
767 2226 832 2248 non
869 2217 1000 2249 redibit.

304 2265 496 2304 Juvenum,
520 2265 637 2304 forma,
658 2267 762 2307 gratia
776 2266 899 2297 dudum
914 2266 1001 2297 abie-

319 2319 584 2356 runt,nunquam
598 2316 842 2356 reparabuntur
856 2320 913 2346 aut
928 2315 1002 2347 red-

319 2363 426 2395 ibunt.

363 2415 404 2444 18
428 2413 497 2448 Quo
509 2412 623 2453 motus]
637 2412 705 2444 Ubi
717 2412 856 2443 decorus
867 2413 923 2444 ille
936 2413 1001 2453 pri-

320 2462 396 2493 dem
412 2461 569 2501 incessus,
589 2465 713 2501 gestus,
734 2466 770 2492 et
792 2462 825 2492 in
847 2461 1000 2492 saltando

319 2511 464 2550 agilitas,
488 2519 563 2551 quae
590 2514 624 2541 te
651 2510 869 2551 spectabilem
897 2509 1000 2542 facie-

318 2558 400 2589 bant
412 2559 424 2588 ?

365 2607 449 2642 Quid
462 2607 552 2639 habes
566 2607 662 2648 illius,
673 2606 742 2648 δρα]
766 2607 855 2640 Quid
862 2608 933 2648 jam
945 2608 1000 2639 ha-

319 2655 378 2686 bes
403 2657 568 2688 residuum
585 2667 604 2689 e
621 2658 760 2698 pristina
779 2662 837 2688 tua
859 2657 1002 2698 pulchri-

309 2703 447 2744 -tudine,
469 2714 536 2745 qua
556 2704 685 2737 fueram
708 2710 826 2746 captus
849 2710 884 2736 et
910 2705 1002 2736 mibi—

308 2757 389 2786 met
402 2754 562 2794 ereptus?
614 2754 908 2795 Virgil.Ecl.v111,
934 2754 1003 2785 ‘Ut

1098 2121 1137 2149 19
1153 2119 1297 2158 Spirabat
1305 2119 1436 2159 amores]
1452 2117 1625 2149 Anacreon
1633 2117 1739 2157 scrip-

1054 2172 1143 2199 serat
1164 2169 1264 2198 παῖδα
1290 2166 1405 2207 Κύπριν
1424 2166 1586 2204 πνέουσαν,
1609 2166 1738 2206 puellam

1054 2227 1120 2256 quoe
1141 2217 1284 2247 Venerem
1292 2218 1404 2256 spirat.
1438 2215 1512 2246 Act.
1528 2215 1647 2254 Apost.
1662 2224 1737 2254 cap.

1054 2275 1105 2296 lx.
1131 2265 1167 2295 ‘0
1189 2263 1221 2294 δὲ
1246 2265 1365 2296 Σαῦλος
1389 2263 1522 2303 ἐμπνέων
1541 2263 1667 2298 ἀπειλῆς
1686 2262 1738 2294 καὶ

1054 2314 1157 2354 φόνου.
1175 2314 1286 2344 Saulus
1299 2314 1420 2352 spirans
1434 2313 1584 2344 minarum
1593 2314 1623 2342 et
1635 2312 1737 2342 coedis.

1096 2367 1135 2395 21
1163 2363 1252 2395 Felix
1263 2366 1332 2402 post
1349 2360 1508 2400 Cinaram]
1532 2360 1596 2392 Uni
1612 2360 1735 2391 cedens

1054 2412 1197 2450 Cinara‘,
1220 2411 1387 2450 elegantia
1411 2409 1550 2451 scilicet‘
1560 2412 1596 2440 et
1615 2418 1734 2440 venus-

1053 2464 1145 2491 tate:
1178 2465 1253 2500 post
1283 2460 1435 2491 Cinaram
1459 2457 1615 2488 secunda.
1660 2458 1735 2495 Vol,

1054 2513 1130 2550 post
1145 2515 1308 2540 mortuam
1323 2508 1477 2539 Cinaram
1495 2507 1575 2538 mibi
1592 2512 1661 2538 tum
1677 2507 1736 2539 de-

1054 2567 1141 2589 mum
1152 2558 1317 2589 adamata.
1361 2556 1447 2587 Vide
1458 2565 1559 2597 supra
1567 2557 1664 2597 hujus
1675 2556 1733 2588 lib.

1056 2606 1122 2638 Od.
1138 2616 1162 2639 1.
1178 2609 1208 2638 4.

1098 2655 1239 2695 Notaque
1252 2658 1283 2686 et
1304 2655 1418 2685 artium
1434 2654 1604 2684 Gratarum
1616 2652 1733 2696 facies]

1056 2703 1245 2735 Artificiosa
1270 2704 1464 2743 composita,
1485 2702 1570 2733 fucis
1591 2711 1734 2734 exorna-

1055 2758 1088 2785 ta
1103 2765 1110 2783 ι
1135 2754 1187 2785 vel
1198 2753 1236 2785 iis
1250 2764 1269 2784 a
1280 2758 1397 2784 natura
1412 2752 1544 2784 dotibus
1557 2753 1732 2792 instructa,
