1930 3242
691 326 969 357 SERMoNUM
1007 326 1105 356 mu.
1139 325 1170 356 ι.
1203 315 1272 355 10.

1623 314 1707 355 901

252 423 487 474 Corvinus,
507 422 663 477 patriis
684 421 984 465 intermiscere
1004 422 1144 476 petita

251 489 405 532 Verba
423 490 529 531 foris
549 489 698 539 malis,
722 489 938 531 Canusini
958 501 1080 531 more
1100 486 1310 540 bilinguis
1323 487 1346 527 *t

1652 486 1709 527 30

251 556 401 611 Atque
420 570 502 610 ego
522 570 622 598 cum
645 556 835 599 Graecos
853 557 1059 607 facerem,
1076 559 1207 598 natus
1222 567 1343 596 mare
1364 555 1489 605 citra,

251 624 540 675 Versiculos3
571 625 712 666 vetuit
731 637 799 666 me
816 625 897 668 tali
918 637 1029 667 voce
1051 623 1282 676 Quirinus,

252 692 365 733 Post
384 692 574 733 mediam
594 697 771 733 noctem
794 692 936 743 visus,
959 704 1058 733 cum
1081 690 1252 732 somnia
1267 701 1397 731 vera:

253 821 404 853 Canusini
417 821 536 862 duplici
551 821 663 861 lingua
676 821 795 852 utentis
804 831 816 858 ,-
838 824 946 852 contra
960 829 1052 860 quum
1067 820 1187 851 Pedius
1201 819 1364 860 Poplicola
1384 821 1415 850 et
1437 818 1592 850 Corvinus
1613 817 1711 848 orati·

250 872 323 894 ones
333 873 429 904 puras
443 864 620 896 elaborant?

663 865 709 895 At
723 874 791 895 cum
807 873 913 896 versus
930 863 1061 894 Grcecos
1075 864 1256 902 meditarer,
1269 865 1363 893 natus
1376 871 1433 901 ego
1448 860 1493 892 cis
1506 870 1604 900 mare,
1632 860 1712 896 Qui·

250 906 340 938 rium
352 907 501 948 apparuit
515 908 553 939 de
565 907 667 939 media
677 910 778 948 nocte,
792 909 867 938 tunc
881 906 1003 947 quando
1017 915 1091 937 vera
1105 909 1178 937 sunt
1193 905 1362 945 insomnia,
1386 914 1422 935 ac
1437 914 1484 936 me
1492 903 1650 945 prohibuit
1666 902 1715 933 hes

861 999 981 1012 ‘m‘O

983 998 1102 1012 eeeee

251 1066 372 1098 Comb.
393 1076 502 1098 causas
518 1069 662 1099 exsudat.
708 1067 836 1099 Venet.
854 1069 949 1098 1559.
974 1066 1090 1098 Lamb.
1115 1065 1232 1096 Bentl.
1260 1065 1304 1096 al.
1330 1063 1588 1104 Poplicola.—3l
1613 1061 1714 1101 Atqui

251 1119 309 1148 ego
332 1109 447 1141 Bentl-
469 1119 512 1141 ex
537 1110 637 1141 codd.
663 1109 759 1141 Leid.
782 1114 819 1140 et
842 1109 964 1141 Trinit.
986 1119 1062 1140 cum
1080 1107 1235 1150 Cruquio
1251 1113 1287 1139 et
1306 1106 1488 1145 Lambin03
1513 1105 1562 1136 ita
1578 1113 1714 1145 quoque

251 1151 352 1182 Harl.
369 1154 402 1183 4.
418 1154 450 1183 6.
485 1154 590 1192 Atque
604 1162 661 1192 ego
677 1153 710 1183 in
729 1151 958 1184 ceteris.-32
973 1151 1152 1182 Bentleius
1181 1160 1223 1182 ex
1251 1149 1328 1181 cod.
1346 1149 1471 1183 Trinit.
1493 1148 1551 1180 tali
1567 1157 1614 1178 me
1628 1155 1712 1185 voce,

252 1202 397 1234 eumque
412 1195 523 1226 secuti
538 1195 667 1226 Sanad.
686 1195 839 1235 Francis,
857 1193 1038 1234 Heindorf,
1050 1194 1194 1225 Wetzel.
1207 1191 1345 1224 Wakef.
1361 1196 1397 1224 et
1410 1191 1516 1223 Kidd.
1539 1190 1598 1222 tali
1613 1189 1715 1221 vetuit

910 1291 940 1323 N
948 1290 1052 1323 OTAE

254 1365 297 1398 Q.
315 1364 427 1404 Pedii,
441 1365 498 1407 qui
515 1375 535 1397 a
548 1366 621 1399 Jul.
643 1366 780 1398 Caesare
804 1367 955 1407 scriptus

253 1414 377 1454 haeres,
400 1419 436 1445 et
461 1415 684 1446 Consulatum
707 1415 825 1446 Romae
849 1415 956 1456 gessit

252 1473 328 1495 cum
347 1463 516 1504 Augusto,
540 1469 619 1504 post
643 1464 794 1496 Hirtium
812 1470 847 1496 et
866 1465 955 1496 Pan-

252 1522 336 1545 snm.

295 1563 456 1605 Exsudee]
484 1564 622 1606 Magnis
638 1563 820 1596 sudoribus
837 1563 953 1596 elabo-

250 1614 362 1653 ret‚ad
373 1614 556 1655 puritatem
567 1615 732 1647 sermonis
747 1615 848 1656 patrii
863 1624 953 1646 asse·

250 1663 402 1695 rendam.

291 1717 336 1745 29
353 1714 523 1754 Corvinus]
547 1715 695 1746 Messala
712 1714 879 1746 Corvinus
895 1714 954 1746 do-

250 1763 296 1795 mi
327 1764 428 1796 vaide
453 1765 590 1805 nobilis,
612 1774 652 1796 ac
683 1765 815 1806 pariter
844 1765 955 1795 clarus

248 1819 378 1855 orator,
394 1819 499 1857 atque
517 1815 651 1847 Graecis
668 1815 807 1846 vocibus
825 1814 956 1846 Latinae

249 1866 395 1897 orationi
418 1866 580 1898 admixtis
603 1864 771 1904 infensus,
787 1862 957 1904 σχοινοβά·

249 1927 308 1954 την
322 1916 442 1948 Latine
447 1916 666 1956 funambulum
682 1915 872 1947 reddidisse
889 1913 957 1945 fer-

251 1971 318 1998 tur.
354 1967 501 2001 Quintil.
518 1976 554 1999 x.
570 1969 602 1998 1.
618 1967 628 1984 ‘
642 1965 816 2005 Messala,’
835 1964 955 2007 inquit,

250 2018 260 2034 ‘
276 2016 405 2048 nitidus
417 2024 451 2050 et
463 2017 644 2057 candidus,
658 2022 694 2048 et
705 2015 955 2058 quodammodo

253 2075 324 2106 prae
341 2076 378 2098 se
395 2066 508 2099 ferens
524 2068 557 2098 in
574 2067 722 2099 dicendo
738 2067 955 2098 nobilitatem

254 2116 371 2148 susm!
414 2117 566 2148 Crinitus
590 2117 633 2148 de
654 2116 745 2147 Hon.
764 2115 912 2155 Discipl.
929 2124 956 2146 ι.

255 2167 307 2197 12.
326 2166 416 2197 inter
439 2166 506 2197 alia
528 2165 572 2197 de
596 2165 654 2196 illo
682 2174 749 2195 non
773 2174 893 2204 [manica.
909 2164 957 2195 sic

252 2216 380 2248 babet:
406 2216 461 2247 De
490 2215 565 2256 ejus
587 2214 749 2256 singulari
775 2214 959 2255 prudentia

252 2272 289 2298 et
314 2266 484 2308 gravitate
514 2264 743 2296 testimouium»
769 2269 866 2295 extat
889 2274 958 2295 am-

252 2315 440 2356 plissimum
456 2316 505 2346 Μ.
517 2315 556 2348 Τ.
574 2314 759 2348 Ciceronis.
791 2314 849 2346 Sic
865 2315 957 2346 euim

253 2366 296 2398 ad
313 2367 458 2398 Brutum
474 2376 483 2397 2
509 2365 682 2401 Messalae,
705 2364 828 2405 inquit,
844 2365 956 2396 excel-

252 2417 391 2449 lentiam
408 2425 474 2448 non
495 2425 630 2457 possum
656 2415 793 2446 silentio
812 2420 955 2455 praeter-

253 2467 316 2500 ire.
351 2468 445 2500 Cave
468 2473 570 2509 putes
586 2475 779 2508 quenquam
807 2475 881 2497 esse
905 2465 955 2498 illi

255 2518 395 2550 similem
407 2517 695 2557 constantia‚cura
706 2521 740 2548 et
752 2517 866 2547 studio
878 2516 955 2547 Rei-

256 2567 418 2607 publicae,
434 2573 536 2609 atque
549 2568 761 2609 eloquentia,
776 2576 843 2608 qua
854 2567 954 2598 mira-

257 2616 688 2650 biliterexcellit.Tametsi
698 2618 845 2650 Messala
854 2617 957 2658 idem,

257 2675 333 2698 cum
350 2668 543 2707 provectior
563 2667 666 2706 foret,
688 2668 858 2700 memoriae
882 2677 956 2699 sen-

259 2726 332 2748 sum
355 2717 404 2748 sic
427 2717 550 2753 amisit,
565 2723 603 2750 ut
625 2719 677 2750 sui
694 2729 828 2760 quoque
849 2718 956 2749 nomi-

259 2765 311 2796 nis
327 2765 452 2797 oblitus
468 2767 634 2800 tradatur.
678 2768 789 2811 quue
813 2768 844 2800 ei
863 2769 957 2799 bien-

260 2815 318 2846 nio
338 2820 419 2848 ante
442 2816 571 2848 obitum
593 2818 760 2859 contigit:
786 2819 876 2861 quod
894 2819 960 2851 Or·

258 2864 339 2899 bilio
369 2865 490 2898 itidem
517 2866 761 2900 Beneventano
789 2869 958 2902 accidisse

1010 1371 1158 1398 constat.
1195 1365 1284 1397 Vide
1314 1369 1349 1396 et
1378 1364 1464 1395 Coel.
1493 1362 1641 1403 Rhodig.
1662 1371 1715 1395 xl.

1011 1419 1062 1447 13.
1079 1415 1180 1447 Alex.
1197 1414 1239 1446 ab
1254 1414 1355 1445 Alex.
1370 1422 1421 1444 vr.
1434 1415 1489 1444 20.
1504 1414 1568 1443 &c-

1051 1467 1093 1496 30
1119 1464 1274 1496 Canusini
1290 1473 1373 1494 more
1389 1461 1556 1501 bilinguis]
1580 1462 1632 1492 De
1649 1461 1714 1493 Ca-

1008 1515 1109 1546 nusio
1124 1514 1251 1556 oppido
1270 1513 1419 1555 Apulia’,
1433 1513 1506 1554 jam
1523 1512 1594 1543 dixi
1611 1522 1715 1552 supra

1009 1565 1052 1596 ad
1080 1565 1155 1596 Sat.
1173 1574 1208 1596 v.
1241 1564 1304 1595 sub
1330 1562 1445 1595 finem.
1489 1562 1570 1594 Hoc
1594 1572 1614 1593 a
1630 1562 1714 1593 Dio-

1008 1614 1107 1646 mede
1132 1614 1328 1645 conditum:
1352 1613 1500 1654 hincque
1524 1614 1619 1644 cives
1637 1622 1715 1653 par-

1009 1664 1072 1695 tim
1092 1664 1216 1696 Graece
1240 1663 1363 1704 partim
1388 1662 1511 1693 Latine
1531 1662 1717 1703 loqueban-

1010 1719 1078 1746 tur.
1100 1713 1207 1744 Totus
1221 1713 1323 1744 etiam
1336 1712 1393 1743 ille
1406 1717 1570 1743 terrarum
1585 1717 1715 1743 tractus

1010 1773 1134 1805 magna
1149 1763 1286 1794 Graeeia
1301 1767 1355 1794 est
1370 1762 1575 1803 appellatus.

1053 1817 1094 1846 31
1121 1814 1230 1845 Natus
1255 1823 1340 1845 mare
1368 1813 1464 1854 citra]
1502 1812 1605 1853 Apud
1631 1812 1716 1843 fines

1010 1864 1147 1905 Apuliae
1173 1864 1206 1895 in
1224 1863 1347 1902 ltalia3
1372 1872 1438 1894 non
1456 1863 1546 1894 ultra
1560 1872 1667 1902 mare,
1683 1863 1716 1893 in

1011 1914 1161 1946 Graecia.

1053 1967 1096 1996 32
1135 1964 1243 1996 Vetuit
1274 1972 1322 1994 me
1352 1962 1411 1994 tali
1441 1972 1512 1994 voce
1544 1963 1715 2004 Quirinus]

1010 2014 1143 2057 Lepida
1168 2014 1276 2046 fictio.
1321 2013 1488 2047 Quirinus
1517 2014 1630 2045 Latini
1657 2024 1716 2054 po-

1010 2066 1081 2108 puli
1098 2066 1332 2107 sermonisque
1351 2069 1473 2096 auctor
1498 2069 1534 2096 et
1559 2064 1718 2096 conditor

1010 2117 1182 2148 deterruit
1204 2126 1225 2148 a
1247 2115 1440 2148 scribendis
1463 2115 1588 2146 Graece
1612 2114 1720 2146 versi-

1011 2166 1108 2198 culis.

1055 2219 1096 2248 33
1122 2217 1201 2248 Cum
1229 2216 1349 2247 somnia
1370 2216 1459 2258 vera]
1481 2215 1626 2250 Quando
1647 2215 1717 2256 jam

1013 2267 1119 2299 coctis
1137 2267 1309 2298 alimentis
1334 2267 1553 2308 purgatiores
1569 2276 1643 2297 esse
1660 2266 1718 2296 de—

1014 2316 1098 2349 bent
1111 2327 1240 2349 sensus.
1272 2317 1389 2359 Atque
1406 2318 1455 2349 ita
1470 2317 1644 2349 statuebat
1663 2325 1719 2346 ve-

1011 2371 1122 2399 terum
1140 2368 1351 2409 superstitio.
1373 2369 1521 2400 Tertull.
1535 2367 1578 2398 de
1592 2367 1717 2406 anima,

1011 2427 1087 2459 cap.
1102 2420 1156 2450 22.
1180 2419 1190 2436 ‘
1208 2418 1366 2451 Certiora
1382 2423 1417 2449 et
1434 2417 1615 2449 collatiora
1630 2425 1718 2447 som-

1010 2468 1096 2500 niari
1113 2467 1285 2501 affirmant
1300 2468 1362 2500 sub
1375 2466 1537 2499 extremis
1549 2464 1718 2504 noctibus,

1009 2519 1107 2560 quasi
1130 2519 1206 2559 jam
1232 2523 1432 2558 emergente
1461 2516 1646 2546 animarum
1668 2515 1717 2546 vi-

1011 2578 1109 2608 gore,
1131 2568 1302 2608 producto
1330 2564 1476 2606 sopore,'
1491 2567 1556 2596 ὅτε.
1602 2565 1718 2596 Philo-

1011 2622 1110 2648 strat.
1124 2617 1182 2647 lib.
1196 2625 1237 2647 ιι.
1254 2616 1264 2633 ‘
1277 2615 1314 2647 Si
1328 2620 1464 2655 tempus
1476 2615 1718 2646 antelucanum

1010 2667 1055 2698 sit
1067 2672 1103 2697 et
1117 2665 1224 2696 somni
1237 2665 1410 2704 matutini,
1420 2665 1620 2706 conjectant
1631 2674 1718 2696 som·

1011 2717 1104 2749 nium
1127 2715 1224 2756 illud,
1239 2715 1334 2758 quasi
1361 2720 1442 2747 tunc
1464 2716 1576 2746 anima
1599 2724 1717 2747 verum

1013 2766 1177 2799 vidente!
1213 2766 1388 2798 Tlieocrit.
1403 2765 1506 2807 Idyll.
1519 2773 1598 2797 xlx.
1617 2766 1718 2797 initio

1012 2818 1148 2858 scribit,
1164 2828 1185 2850 a
1199 2818 1336 2849 Venere
1359 2816 1545 2848 immissum
1568 2816 1717 2856 Europae

1011 2868 1193 2905 somnium,
1209 2876 1286 2900 cum
1303 2866 1409 2900 tertia
1423 2875 1505 2909 pars
1523 2865 1633 2899 noctis
1648 2871 1718 2897 sta-
