1930 3242
383 251 467 293 928

854 266 898 303 Q.
928 263 1132 294 HORATn
1165 261 1336 292 FLAcm
1388 295 1399 302 .

385 353 577 394 Molliter
596 357 810 394 austerum
831 352 978 392 studio
998 351 1170 392 fallente
1191 353 1393 402 laborem,

383 419 470 460 Seu
488 422 530 459 te
550 419 695 459 discus
718 418 805 468 agit
831 415 951 468 (pete
970 417 1192 457 cedentem
1213 417 1313 458 aera
1333 416 1478 467 disco)

383 483 495 524 Cum
514 485 636 524 labor
655 481 870 522 extuderit
889 481 1083 530 fastidia,
1104 483 1266 532 siccus,
1285 483 1424 523 inanis

383 548 545 601 Sperne
567 548 712 587 cibum
730 546 882 597 vilem3
911 546 997 587 nisi
1016 547 1245 600 Hymettia
1264 548 1393 589 mella
1414 548 1600 590 Falerno

1743 551 1798 591 15

382 613 454 654 Ne
473 612 631 653 biberis
652 611 815 652 diluta:
844 612 951 653 foris
969 617 1035 653 est
1053 626 1244 666 promus,
1265 618 1307 655 et
1326 617 1462 655 atrum

381 677 629 720 Defendens
649 677 791 729 pisces
810 677 986 731 hyemat
1001 691 1142 730 mare3
1169 692 1265 720 cum
1283 679 1373 720 sale
1394 679 1518 732 panis

379 804 522 842 delectat,
534 803 748 834 oblectamento
761 804 890 835 leniente
905 812 1026 843 operam
1039 804 1231 836 mediocriter
1242 814 1382 845 gravem,
1395 804 1477 835 disco
1496 805 1621 836 verbera
1634 805 1736 836 aerem
1749 813 1796 835 ce-

379 845 516 875 dentem:
538 845 668 884 quando,
680 845 814 884 inquam,
827 845 909 875 labor
923 846 1076 885 expulerit
1091 855 1246 883 nauseam,
1260 846 1371 877 sitiens
1383 849 1413 876 et
1428 845 1592 882 famelicus
1604 855 1711 886 respue
1722 845 1798 876 viles

378 893 482 915 escas:
503 894 599 924 neque
620 885 702 916 bibas
722 886 886 917 Falernum
903 885 1007 916 vinum
1027 887 1089 917 πεζοὶ
1108 887 1194 918 melle
1215 887 1378 927 Hymettia
1402 887 1591 926 mitigatum.

1647 887 1799 918 cellarius

378 926 489 957 exierit
498 926 608 964 [οι-οε,-
629 930 660 958 et
673 936 756 958 mare
775 927 969 967 procellosum
982 927 1119 959 inhibeat
1136 928 1257 968 pisces,-
1278 929 1367 968 panis
1380 938 1448 959 cum
1463 929 1526 959 sale
1547 928 1661 968 optime
1678 927 1797 959 sedabit

973 1015 1087 1030 ooooo

1089 1017 1204 1030 oooooo

379 1081 590 1112 Bersmanni.
633 1079 715 1111 Mox
739 1081 771 1111 in
797 1080 915 1112 eodem
939 1080 1077 1112 codice:
1103 1083 1167 1112 Cur
1186 1091 1246 1112 non
1256 1084 1351 1112 .⁹--13
1375 1082 1452 1112 Duo
1467 1080 1566 1112 codd.
1580 1081 1796 1112 Bersmanni:

378 1123 442 1153 Seu
457 1126 487 1153 te
499 1123 599 1153 discus
612 1124 781 1161 aget-14
803 1122 908 1152 Paene
923 1131 1038 1152 omnes
1054 1122 1152 1154 codd.
1166 1123 1348 1161 Torrentii,
1361 1122 1508 1153 Bentieii
1526 1122 1643 1160 Regin.
1656 1121 1798 1152 Galean.

378 1163 537 1195 Petrens.
555 1168 591 1194 et
617 1173 636 1193 a
658 1172 700 1194 m.
725 1172 777 1202 pr.
798 1163 947 1202 Magdai.
971 1163 1056 1194 Exc.
1084 1164 1166 1194 Sax.
1188 1168 1223 1194 et
1246 1164 1342 1194 Harl.
1357 1166 1388 1194 2.
1403 1166 1435 1194 6.
1456 1162 1611 1194 extulerit.
1652 1162 1798 1192 Bentleii

377 1204 476 1237 Bodl.
491 1204 643 1245 expulerit
653 1214 666 1241 ‚·
688 1209 725 1236 et
739 1204 788 1236 sic
803 1204 880 1235 edd.
895 1204 1008 1236 Bentl.
1025 1209 1061 1235 et
1077 1204 1180 1235 Kidd.
1202 1205 1357 1236 extuderit
1374 1203 1470 1236 Harl·
1484 1206 1515 1235 3.
1528 1206 1560 1236 4.
1573 1207 1610 1235 et
1624 1202 1702 1234 edd.
1716 1207 1799 1234 vett.

1014 1298 1152 1330 NOTAE

421 1370 461 1398 12
485 1368 596 1398 Studio
623 1368 755 1405 fallente
790 1368 935 1407 laborem]
971 1368 1062 1401 Gau.

378 1417 602 1457 L’apptication
623 1420 652 1447 et
681 1418 709 1447 le
733 1416 975 1447 divertissement
994 1417 1061 1454 suit

377 1465 491 1496 oublier
502 1466 532 1495 le
543 1466 644 1504 peine.

421 1515 460 1543 13
483 1512 616 1552 Discus]
663 1512 796 1543 Nomen
819 1521 839 1543 a
863 1511 948 1551 δίκην,
964 1512 1060 1551 Jacio.

376 1560 488 1591 Moles
513 1565 587 1590 erat
613 1569 725 1596 saxea.
750 1561 916 1600 plumbea,
937 1561 1060 1602 ferrea,

376 1609 493 1649 figurae
503 1609 613 1649 planae
623 1619 661 1641 ac
674 1610 825 1641 rotundoe
837 1621 847 1648 ;
862 1611 955 1651 cujus
963 1612 1061 1651 jactu

376 1657 598 1690 decertabant
632 1658 782 1690 athietae.
825 1659 945 1690 Victor
976 1664 1061 1699 erat,

377 1707 432 1747 qui
450 1710 509 1738 aut
530 1706 640 1743 altius,
663 1711 722 1738 aut
743 1707 886 1747 longius,
907 1712 965 1738 aut
985 1717 1061 1748 pro-

375 1755 469 1794 prius
485 1755 686 1786 destinatam
711 1759 834 1786 metam
850 1756 1059 1796 projecisset.

375 1803 464 1834 Vide
474 1804 546 1842 jam
561 1807 719 1835 annotata
734 1813 760 1835 1.
778 1804 845 1835 Od.
860 1807 893 1835 8.

420 1852 584 1882 cedentem
597 1851 684 1890 a'e'ra]
722 1852 883 1891 Projecto
897 1851 991 1883 disco
1005 1861 1060 1882 ce-

377 1898 427 1930 dit
443 1898 518 1930 εὸτι
542 1903 660 1938 utpote
686 1899 893 1939 gravioribus
912 1899 1060 1939 corpori-

376 1947 438 1978 bus
454 1947 584 1978 leviora
598 1946 733 1978 cedunt.

419 1998 458 2026 14
495 1995 573 2026 Cum
605 1994 690 2025 labor
729 1995 883 2026 extuderit
908 1994 1059 2034 fastidia]

376 2045 560 2085 Postquam
577 2043 670 2074 labor
687 2043 875 2074 satietatem
897 2043 1060 2074 discusse-

376 2094 435 2133 rit,
471 2093 660 2133 famemque
694 2092 862 2123 revocarit
888 2092 1061 2123 excitarit-

376 2152 461 2185 que3
488 2148 558 2173 tum
581 2139 737 2182 profecto
758 2140 939 2181 quemlibet
961 2140 1059 2171 vilem

376 2191 487 2224 cibum
511 2201 549 2222 ac
573 2194 687 2230 potum
711 2200 785 2221 cum
811 2191 982 2230 voluptate
1005 2199 1059 2221 ca-

375 2241 460 2282 pies.
487 2239 707 2279 Hippocratis
719 2244 927 2279 praeceptum
939 2243 1009 2270 est:
1021 2239 1059 2269 Ὁ

377 2289 468 2320 πόνος
481 2288 569 2319 σίτου
584 2286 730 2326 ἡγεέσθω,
743 2287 826 2318 labor
848 2287 913 2318 cibo
932 2290 1057 2327 praeeat.

378 2340 450 2371 Cic.
464 2348 506 2369 ιι,
521 2338 563 2368 de
579 2338 653 2368 Fin.
669 2346 702 2368 n.
717 2339 769 2367 90.
790 2337 800 2354 ‘
813 2336 984 2367 Socratem
1000 2345 1056 2366 au-

377 2390 433 2421 dio
449 2389 630 2424 dicentem,
643 2388 708 2419 cibi
719 2386 968 2419 condimentum
984 2395 1056 2416 esse

375 2438 508 2471 famem,
535 2435 680 2476 potionis
702 2434 814 2466 sitim.’
856 2434 956 2464 Tusc.
973 2443 1007 2464 v.
1023 2443 1054 2464 n.

377 2489 431 2517 97.
465 2486 474 2503 ‘
487 2485 657 2516 Socratem
692 2482 806 2514 ferunt
842 2491 917 2514 cum
953 2491 1055 2522 usque

378 2534 421 2565 ad
446 2542 618 2574 vesperam
647 2531 838 2563 contentius
864 2530 1057 2569 ambularet,

379 2582 623 2622 quaesitumque
645 2585 735 2612 esset
756 2581 798 2611 ab
825 2589 877 2619 eo,
897 2588 999 2620 quare
1023 2578 1057 2610 id

377 2629 519 2668 faceret,
549 2629 770 2670 respondisse,
793 2637 828 2659 se
854 2637 920 2669 quo
940 2627 1055 2659 meiius

379 2682 538 2716 coenaret,
571 2687 736 2719 opsonare
775 2677 974 2709 ambulando
1006 2675 1055 2707 fa-

378 2726 487 2757 mem.’

1157 1371 1195 1399 15
1219 1369 1333 1408 Sperne
1353 1369 1452 1399 cibum
1465 1366 1569 1405 vilem]
1591 1366 1632 1397 Id
1645 1369 1707 1406 est,
1722 1375 1796 1407 pro·

1113 1415 1205 1446 fecto
1219 1425 1285 1447 nou
1298 1424 1438 1455 spernes
1450 1415 1562 1446 cibum
1575 1413 1684 1454 vilem,
1694 1423 1797 1455 qnan—
1823 1412 1826 1414 ’

1114 1465 1156 1495 do
1170 1464 1261 1495 inani
1276 1464 1444 1495 stomacho
1459 1462 1577 1494 fueris.

1146 1513 1222 1544 Nisi
1234 1513 1401 1552 Hymettia
1409 1513 1498 1543 mella
1509 1512 1641 1543 Falerno
1655 1511 1707 1543 Ne
1716 1511 1797 1542 bibe-

1112 1562 1159 1591 ris
1169 1561 1283 1600 diluta]
1306 1561 1507 1600 Hypanage,
1521 1559 1555 1590 id
1569 1563 1634 1596 est,
1646 1568 1689 1590 ne
1703 1558 1798 1590 bibe-

1113 1609 1159 1639 ris
1173 1608 1235 1638 nisi
1251 1607 1412 1648 optimum
1427 1607 1538 1638 vinum
1555 1607 1654 1637 mene
1669 1606 1798 1647 optimo

1113 1655 1253 1687 dilutum
1278 1659 1314 1686 et
1332 1664 1434 1687 suave
1449 1653 1616 1686 effectum.
1659 1654 1715 1686 De
1736 1654 1799 1686 Fa—

1113 1703 1207 1735 lerno
1222 1703 1312 1742 vino,
1326 1712 1351 1735 1.
1373 1702 1442 1734 Od.
1461 1705 1514 1734 20.
1538 1702 1722 1742 Hymettus
1745 1711 1799 1734 re-

1113 1752 1220 1791 gionis
1247 1751 1373 1783 Atticae
1399 1759 1503 1790 mons,
1521 1749 1663 1782 Athenis
1686 1751 1799 1790 proxi-

1112 1809 1199 1839 mus,
1211 1800 1316 1840 thymi
1331 1804 1434 1839 atque
1459 1798 1544 1830 adeo
1564 1798 1671 1830 mellis
1685 1798 1797 1829 excel·

1112 1849 1287 1880 lentissimi
1320 1848 1419 1888 eopia
1444 1847 1642 1879 celebratus.
1686 1847 1797 1879 Porro

1113 1897 1181 1926 vini
1203 1896 1433 1927 austeritatem
1455 1900 1589 1927 veteres
1605 1900 1798 1936 temperare

1113 1944 1266 1975 solebant
1280 1944 1380 1975 melle
1394 1943 1557 1983 admixto,
1569 1945 1623 1974 vel
1640 1945 1704 1975 alio
1720 1944 1796 1975 vino

1113 1993 1256 2023 mitiori:
1284 1996 1322 2023 ut
1337 1995 1401 2024 est.
1415 2000 1441 2023 1.
1458 1992 1527 2023 Sat.
1542 1994 1594 2023 10.
1608 1994 1662 2024 24.
1704 1991 1794 2023 Vide

1115 2046 1150 2073 et
1165 2042 1252 2074 infra
1273 2043 1345 2074 Sat.
1371 2051 1424 2072 ιν.
1441 2043 1492 2072 24.
1536 2041 1656 2082 virgil.
1669 2041 1795 2081 Georg.
1831 2045 1839 2051 ²

1114 2101 1164 2123 1v.
1181 2094 1253 2122 101.
1284 2093 1294 2109 ‘
1309 2091 1430 2122 Dulcia
1451 2090 1552 2122 mella
1571 2099 1715 2131 premes,
1729 2099 1794 2122 nec

1111 2145 1241 2171 tantum
1257 2139 1379 2179 dulcia,
1404 2143 1563 2180 quantum
1585 2141 1630 2171 Et
1645 2139 1794 2180 iiquida;

1110 2194 1145 2220 et
1160 2188 1278 2219 durum
1296 2189 1423 2220 Bacchi
1438 2188 1607 2219 domitura
1620 2186 1794 2228 saporem.'

1153 2240 1193 2268 16
1216 2237 1308 2267 Foris
1331 2240 1377 2267 est
1399 2246 1533 2276 promus,
1554 2235 1622 2276 ξω]
1643 2236 1679 2267 Si
1693 2235 1793 2266 domo

1111 2285 1257 2317 abfuerit
1282 2294 1418 2325 promus
1455 2285 1512 2324 qui
1547 2284 1609 2315 tibi
1636 2283 1791 2315 famelico

1111 2338 1241 2375 promat
1249 2337 1463 2374 apponatque
1477 2332 1616 2372 opsonia
1626 2337 1662 2363 et
1673 2331 1773 2372 dapes
1783 2342 1793 2371 ;

1110 2384 1164 2415 vel
1199 2385 1379 2422 tempestas
1414 2380 1565 2420 hyberna.
1599 2380 1793 2421 impedierit

1111 2430 1249 2472 piscari:
1273 2434 1342 2460 tum
1362 2431 1454 2459 certe
1476 2428 1636 2458 esurienti
1662 2427 1792 2459 satisfa-

1110 2480 1178 2511 ciet
1199 2479 1209 2496 ‘
1221 2487 1294 2510 cnm
1308 2477 1377 2508 sale
1393 2476 1486 2517 panis
1499 2476 1508 2490 ’
1530 2476 1682 2516 simplex.
1719 2477 1791 2509 Cic.

1109 2528 1207 2559 Tusc.
1231 2535 1266 2556 v.
1282 2535 1314 2556 u.
1339 2527 1411 2556 102.
1433 2525 1442 2542 ‘
1454 2523 1583 2564 Aperta
1598 2534 1651 2556 res
1674 2530 1740 2564 est,
1755 2529 1792 2555 et

1110 2575 1254 2618 quotidie
1283 2583 1343 2605 nos
1377 2573 1449 2613 ipsa
1475 2577 1598 2604 natura
1622 2572 1790 2607 admonet,

1108 2633 1204 2666 quam
1242 2623 1368 2663 paucis,
1404 2631 1500 2662 quam
1538 2622 1648 2662 parvis
1692 2621 1789 2653 rebus

1109 2677 1217 2714 egeat,
1234 2681 1330 2712 quam
1347 2671 1490 2702 vilibus!

1150 2724 1188 2752 17
1214 2722 1292 2751 Cum
1311 2722 1373 2752 sale
1395 2720 1500 2760 panis]
1523 2720 1610 2751 Ptin.
1638 2726 1740 2750 xxxi.
1755 2720 1786 2749 ¹7.
