1930 3242
622 310 899 343 SERMONUM
937 310 1028 340 Lm.
1058 310 1090 341 1.
1119 299 1160 341 9.
1531 298 1616 339 891

166 410 302 451 Hunc
321 408 539 450 hominem
559 406 697 448 velles
718 406 756 447 si
777 405 971 458 tradere3
1001 405 1250 459 dispeream
1272 404 1318 444 ni

164 478 446 519 Summosses
466 487 629 516 omnes.
689 473 725 522 51
758 473 861 514 Non
881 473 968 514 isto
987 472 1179 525 vivimus
1198 471 1305 520 illic,

164 543 270 595 Quo
290 547 336 584 tu
357 554 463 591 rere,
483 541 638 582 modo:
670 540 824 582 domus
843 541 927 582 hac
947 553 1028 582 nec
1046 540 1196 594 purior
1215 539 1302 580 ulla
1324 542 1406 589 est,

163 611 263 652 Nec
282 610 423 664 magis
442 609 512 649 his
531 608 678 648 aliena
697 608 851 650 malis:
882 609 946 649 nil
969 608 1031 649 mi
1050 607 1188 649 officit
1203 619 1409 661 unquam,
1559 607 1617 647 50

163 676 313 719 Ditior
329 675 418 726 hic,
437 677 512 716 aut
527 677 595 715 est
616 673 724 727 quia
742 674 914 716 doctior
930 688 942 727 ;
972 679 1042 716 est
1059 674 1187 716 locus
1207 675 1303 715 uni-

162 744 323 798 cuique
343 755 466 784 suus.
526 740 562 790 51
598 741 810 794 Magnum
830 754 1002 792 narraS‚
1035 742 1114 783 vix
1134 741 1359 783 credibile.
1418 739 1454 789 51
1477 739 1617 794 Atqui

160 811 238 852 Sic
259 811 405 852 habet.
464 808 500 858 51
523 809 767 858 Accendis,
789 821 926 862 quare
947 808 1124 862 cupiam
1145 810 1288 862 magis
1309 809 1375 850 illi

161 877 402 918 Proximus
423 888 539 917 esse.
598 874 634 924 51
656 874 787 917 Velis
808 875 1126 926 tantummodo,
1148 887 1248 928 quae
1269 878 1344 916 tua
1364 875 1519 926 virtus,

160 943 477 998 Expugnabis3
507 948 552 984 et
571 948 640 985 est
660 943 738 998 qui
757 943 873 985 vinci
894 943 1072 997 possit3
1105 955 1247 996 eoque
1561 943 1619 984 55

154 1063 303 1104 peritum,
316 1065 347 1096 si
359 1065 453 1096 velles
466 1065 507 1095 ad
524 1065 727 1095 Meet-enatem
739 1064 906 1103 perducere
919 1063 1017 1094 istum
1033 1062 1134 1094 virum
1143 1073 1154 1094 .-
1178 1062 1307 1098 moriar,
1320 1062 1384 1093 nisi
1397 1066 1525 1094 cunctos
1535 1070 1618 1092 amo-

158 1105 213 1136 liri
223 1115 340 1146 possea.
386 1108 455 1146 Ego
469 1116 566 1138 vero.-
591 1106 724 1138 Minime
746 1116 783 1137 ea
803 1106 926 1136 ratione
947 1114 1006 1146 qua
1028 1108 1123 1145 putas
1149 1106 1216 1136 illic
1240 1106 1363 1145 agimus
1377 1117 1387 1136 .-
1406 1107 1491 1137 nulla
1511 1106 1621 1137 domus

158 1147 310 1185 eiusmodi
339 1150 431 1180 malis
458 1153 504 1180 est
528 1150 694 1189 purgatior
717 1151 772 1180 aut
794 1148 944 1179 remotior
958 1156 1050 1188 quam
1075 1148 1150 1179 illa.-
1173 1148 1254 1180 nihil
1275 1158 1410 1188 unquam
1432 1151 1519 1180 nocet
1541 1145 1620 1178 mihi

158 1191 239 1230 quod
257 1191 339 1222 alius
362 1192 536 1231 opulentior
557 1191 687 1232 affuerit
710 1191 760 1221 vel
781 1190 922 1222 doctior.-
943 1199 1034 1221 suum
1055 1191 1182 1231 quisque
1206 1192 1342 1230 gradum
1366 1191 1494 1222 obtinet.
1541 1189 1620 1221 Tum

155 1233 328 1271 garrulus.-
351 1234 433 1265 Rem
447 1243 521 1265 sane
535 1243 680 1273 magnam
693 1233 786 1274 dicis,
798 1236 831 1264 et
845 1243 914 1273 quoe
925 1242 1020 1273 prope
1034 1242 1127 1272 supra
1140 1233 1242 1274 fidem
1256 1234 1312 1265 sit.
1361 1233 1556 1266 Verumenim
1572 1231 1620 1262 ita

159 1278 218 1316 est,
233 1276 370 1316 inquam.
414 1277 496 1307 Mox
511 1277 563 1307 ille
575 1287 586 1307 .·
609 1276 793 1317 Inflammas
806 1278 842 1307 ut
856 1276 1019 1306 ardentius
1034 1276 1125 1307 velim
1140 1276 1180 1306 ad
1196 1286 1264 1307 eum
1279 1277 1433 1308 accedere.
1480 1277 1620 1314 Respon-

157 1318 235 1349 deo:
257 1317 345 1349 Satis
359 1321 408 1350 est
422 1319 552 1359 cupias.-
572 1318 688 1359 vinces,
700 1328 759 1359 pro
777 1318 978 1350 tuauirtute:
1001 1321 1093 1358 atque
1115 1318 1144 1349 is
1166 1322 1214 1349 est
1237 1318 1290 1359 qui
1315 1319 1493 1359 expugnari
1508 1320 1619 1359 queat.-

767 1411 825 1424 ΟΝ
829 1412 1010 1424 ΟΝΟΟΝΟΟ

157 1475 258 1507 codd.
286 1475 418 1508 aniclt.
439 1476 519 1508 Gal.
542 1476 666 1508 Trinit.
691 1477 766 1508 Non
790 1477 852 1508 isto
877 1477 999 1508 vivitur
1023 1477 1100 1515 illic,
1121 1476 1242 1508 eodem
1270 1485 1384 1515 sensu,
1409 1476 1469 1507 sed
1494 1476 1618 1516 ‘panto

157 1517 356 1558 venustius,'
382 1523 422 1550 ut
452 1519 512 1550 ait.
555 1518 756 1551 Bentleium
779 1521 887 1551 secuti
915 1519 1042 1551 Sanad.
1060 1519 1214 1558 Francis,
1231 1517 1415 1558 Heindorf,
1427 1518 1563 1550 Wakef.
1581 1524 1618 1550 et

155 1559 262 1591 Kidd.
307 1561 376 1592 Isto
387 1571 449 1593 non
463 1561 597 1593 vivimus
610 1562 676 1593 iaie
689 1562 922 1604 Cnning.—50
939 1562 1049 1594 Codd.
1067 1567 1136 1594 tres
1151 1562 1300 1593 melioris
1314 1566 1403 1593 notae
1416 1567 1451 1592 et
1465 1562 1521 1592 alii
1537 1571 1618 1592 non·

155 1602 239 1634 nulli
265 1613 322 1645 ap.
349 1604 507 1637 Torrent.
527 1604 626 1636 Harl.
649 1607 682 1636 2.
706 1607 738 1636 3.
761 1608 792 1636 4.
817 1605 967 1636 Bentleii
993 1604 1090 1636 Leid.
1118 1605 1243 1644 Regin.
1269 1610 1306 1635 et
1331 1610 1463 1645 septem
1489 1605 1560 1639 alii,
1581 1609 1617 1634 et

156 1644 264 1676 codex
281 1655 366 1678 unus
384 1656 439 1687 ap.
451 1647 534 1686 Bos,
546 1646 657 1679 Anim.
676 1657 710 1688 p.
727 1650 781 1678 59.
796 1647 877 1679 item
894 1647 973 1679 edd.
990 1648 1106 1679 Bentl.
1119 1647 1243 1678 Sanad.
1259 1647 1413 1686 Francis,
1429 1645 1566 1677 Wakef.
1581 1652 1616 1676 et

155 1686 346 1720 mam-55
361 1689 470 1722 Janus
486 1690 605 1722 Dousa
617 1689 752 1721 emend.
767 1690 852 1721 vinci
864 1691 975 1731 poscit,
987 1689 1125 1721 nemine
1138 1689 1319 1730 probante.
1349 1687 1508 1720 Waddel.
1524 1689 1615 1729 conj.

813 1786 845 1817 N
851 1785 954 1817 OTAE

154 1846 373 1888 scriptorem.
382 1870 406 1880 ..
414 1847 537 1880 deiude
549 1848 655 1880 habet
665 1847 838 1880 Allienum
848 1860 858 1888 ;

154 1898 244 1930 hume
275 1903 389 1930 tamen
415 1908 435 1930 a
455 1899 626 1931 subselliis
637 1922 646 1931 .
658 1923 685 1932 ..
698 1899 751 1932 Ac
767 1910 811 1931 ne
828 1901 856 1931 is

156 1948 294 1990 quidem
311 1953 443 1981 tautum
455 1949 645 1982 contendet
661 1950 694 1981 in
708 1949 855 1982 dicendo

156 2003 318 2039 quantum
331 2005 467 2041 potest:
481 2001 540 2032 sed
552 2001 708 2033 consulet
719 2000 811 2033 laudi
821 2005 856 2033 et

157 2049 404 2081 existimationi
413 2055 481 2082 tuae
494 2060 503 2081 :
520 2055 556 2082 et
569 2061 613 2082 ex
624 2061 666 2083 eo
678 2052 768 2092 quod
783 2053 857 2092 ipse

157 2102 271 2138 potest
286 2098 320 2130 in
342 2098 500 2139 dicendo,
514 2100 724 2141 aliquantum
741 2101 858 2132 remit-

157 2151 222 2188 tet,
238 2152 276 2180 nt
293 2153 330 2180 tu
346 2152 460 2180 tamen
476 2148 601 2190 aliquid
618 2158 691 2180 esse
707 2149 859 2182 videare.

156 2198 204 2230 Ut
227 2197 260 2230 in
287 2198 461 2229 actoribus
491 2199 628 2231 Graecis
648 2198 724 2230 fieri
750 2200 859 2231 cerni-

155 2257 254 2280 mus:
271 2257 365 2289 soepe
376 2248 482 2287 illum,
496 2249 555 2290 qni
567 2254 621 2280 est
633 2249 858 2282 secundarum

157 2302 218 2330 aut
246 2299 426 2329 tertiarum
452 2299 614 2339 partium,
641 2308 718 2330 cum
747 2300 857 2341 possit

155 2347 332 2390 aliquanto
359 2348 485 2380 clarius
512 2349 640 2391 dicere,
660 2358 759 2392 quam
782 2351 856 2392 ipse

155 2397 352 2439 primarum,
378 2399 522 2430 multum
553 2400 782 2439 summittere,
818 2405 857 2432 nt

155 2448 214 2480 ine
228 2449 392 2490 princeps
406 2458 506 2491 quam
522 2449 669 2481 maxime
685 2450 855 2482 excellat:

156 2497 206 2529 sie
221 2496 328 2530 faciet
342 2497 517 2537 Allienns;
540 2498 603 2530 tibi
628 2499 768 2539 serviet,
792 2499 856 2531 tibi

157 2547 427 2587 lenocinabitur;
449 2549 558 2580 minus
583 2550 756 2592 aliquanto
776 2560 855 2582 con-

158 2596 278 2628 tendet
293 2607 394 2637 quam
411 2598 548 2638 potest!

198 2649 242 2678 47
267 2647 361 2678 Hunc
371 2648 538 2689 hominem]
554 2649 711 2691 Seipsum
726 2651 856 2683 indicat

158 2706 198 2728 ac
215 2696 325 2737 digito
341 2702 508 2728 monstrat
531 2702 698 2739 garrulus.
741 2703 856 2734 Plant.

158 2746 322 2778 Baccliid.
345 2750 353 2764 ⁸
364 2747 466 2778 Hunc
478 2747 642 2782 houiinem
658 2751 760 2784 decet
776 2762 855 2784 auro

158 2795 328 2837 expendi!

204 2845 356 2887 Tradere]
379 2846 639 2890 Commendare,
651 2850 856 2885 Maecenatis

914 1849 1098 1881 amicitiam
1114 1849 1306 1880 conciliare.

954 1901 997 1931 48
1023 1899 1096 1930 Non
1117 1899 1179 1930 isto
1200 1899 1348 1938 vivimus,
1363 1897 1433 1939 δῖα]
1458 1897 1616 1938 Respon-

909 1949 969 1980 det
987 1949 1163 1980 Horatius.
1209 1949 1286 1980 Alia
1311 1953 1365 1980 est
1385 1949 1486 1989 longe
1502 1948 1618 1979 condi-

910 1999 959 2031 tio
971 1999 1154 2032 amicorum
1169 1999 1388 2031 Maecenatis.
1405 1999 1462 2030 Ab
1476 1999 1526 2029 his
1538 2008 1617 2039 pro-

911 2051 965 2082 cul
996 2050 1138 2082 exulant
1164 2050 1254 2081 mala
1281 2053 1318 2081 et
1343 2054 1460 2091 pestes
1492 2049 1614 2091 quibus

913 2102 1025 2132 solent
1038 2101 1129 2132 aedes
1140 2105 1336 2142 magnatum
1353 2101 1471 2133 vexari
1489 2106 1525 2132 et
1541 2110 1615 2132 cor-

913 2151 1036 2191 rumpi.
1082 2151 1168 2182 lnde
1185 2161 1269 2182 vero
1283 2151 1406 2182 absunt
1424 2150 1532 2182 omnis
1549 2159 1617 2181 am·

914 2199 1009 2237 bitio,
1033 2201 1176 2240 invidia,
1204 2201 1387 2240 aemnlatio,
1405 2200 1616 2233 criminatio-

913 2259 986 2289 nes,
999 2250 1145 2290 insidiae,
1159 2251 1470 2291 supplantationes.
1490 2251 1616 2292 Supra,

913 2301 986 2332 Sat.
1013 2303 1046 2332 6.
1086 2301 1314 2332 Maecenatem
1340 2301 1428 2333 dixit
1450 2303 1460 2320 ‘
1476 2307 1614 2333 cantum

911 2350 1030 2390 dignos
1059 2359 1243 2390 assumere,
1281 2361 1386 2392 prava
1414 2350 1614 2383 Ambitione

914 2399 1055 2441 procul.¹

953 2453 994 2482 54
1023 2450 1111 2482 Velis
1132 2452 1356 2491 tantummodo,
1374 2452 1444 2492 ᾄσῃ
1469 2451 1547 2481 Non
1571 2450 1614 2480 si·

910 2510 952 2533 ne
968 2501 1054 2533 salsa
1073 2501 1246 2533 derisione
1265 2501 1408 2536 fatuum,
1427 2510 1561 2540 vanum,
1578 2505 1614 2532 et

910 2557 1126 2592 arrogantem
1143 2551 1312 2582 hominem
1337 2551 1454 2590 palpat
1474 2550 1613 2580 Horati-

910 2611 959 2640 us,
971 2601 1013 2632 ab
1029 2601 1087 2632 illo
1103 2600 1362 2640 expugnandam
1380 2599 1483 2630 facile
1498 2600 1612 2633 amiei-

910 2652 990 2683 tiam
1007 2650 1179 2691 spondens
1194 2649 1409 2681 Maecenatis.

952 2705 993 2732 55
1020 2701 1125 2741 quue
1141 2699 1296 2741 Difficiles
1309 2699 1414 2730 aditus
1425 2699 1542 2739 primos
1555 2700 1610 2732 ha-

910 2751 975 2792 bet]
999 2752 1049 2783 Eo
1066 2749 1156 2792 quod
1173 2749 1266 2780 norit
1279 2759 1314 2779 se
1332 2749 1419 2779 vinci
1436 2749 1537 2789 paulo
1560 2749 1612 2782 fa-

909 2803 1079 2835 ciliorem:
1099 2800 1240 2832 ironice.
1275 2798 1342 2830 Alii
1359 2808 1535 2839 perperam
1548 2809 1612 2840 pro

909 2851 1131 2885 antecedenti
1161 2849 1326 2889 dictione,
1355 2848 1464 2890 possit,
1492 2849 1611 2890 legunt
