1890 3256
305 283 417 324 1134
769 295 812 332 Q.
844 277 1048 324 uonmn
1085 293 1252 324 resecr

305 387 390 428 Sed
412 390 642 439 postquam
660 387 797 428 victor
816 386 982 427 violens
1002 385 1203 427 discessit
1221 387 1276 428 ab
1297 386 1435 437 hoste,

306 452 407 493 Non
427 452 613 504 equitem
634 452 778 500 dorso,
797 463 882 491 non
896 450 1074 490 sraenum
1097 451 1266 503 depulit
1285 465 1373 493 ore.

303 518 376 558 Sic
396 518 483 570 qui,
504 519 753 571 pauperiem
774 517 951 565 veritus,
972 517 1142 569 potiore
1159 518 1345 558 metallis

303 583 522 624 Libertate
542 588 671 630 caret,
690 582 908 623 dominum
928 582 1055 624 vehet
1073 584 1308 636 improbus,
1329 588 1459 637 atque
1667 587 1724 628 40

302 649 472 689 Serviet
491 651 709 698 aeternum,
730 648 836 702 quia
853 660 990 701 parvo
1011 648 1176 690 nesciet
1192 649 1266 689 uti.

298 785 351 815 tiit
367 784 404 815 ab
419 785 549 824 homine,
571 796 607 816 αι·
621 785 758 824 fraenum
779 786 913 818 admisit.
958 788 1004 818 At
1024 791 1220 827 posteaquam
1238 787 1270 817 vi
1290 786 1406 818 hostem
1425 785 1618 822 devicturam
1631 787 1720 821 tergo

298 827 430 865 equitem
441 836 495 858 nec
508 836 558 857 ore
570 828 711 864 sraenum
724 829 867 859 excussit.
912 829 965 859 Ita
984 830 1037 868 qui
1060 830 1171 859 timens
1186 829 1318 867 inopiam
1331 828 1445 867 spoliat
1456 837 1488 858 se
1501 827 1643 858 libertate
1656 834 1718 856 m-

296 868 380 898 tallis
398 869 587 908 pretiosiore,
602 869 715 907 infelix
728 870 881 900 dominum
894 869 992 909 seret,
1005 879 1178 910 semperque
1191 879 1295 901 servus
1307 870 1381 909 erit,
1398 869 1470 909 quia
1485 877 1581 910 parvo
1594 869 1719 898 conten·

896 960 1091 972 ““““““
1093 960 1132 971 Ν

294 1027 475 1064 proecedere,
491 1028 526 1054 et
538 1025 803 1063 precellere—37
821 1023 897 1054 vat.
915 1023 1009 1053 Rom.
1021 1026 1052 1053 8.
1064 1022 1208 1053 Chisian.
1220 1026 1251 1052 5.
1266 1021 1421 1052 Vauicel.
1436 1024 1466 1052 1.
1481 1021 1595 1052 violens
1605 1021 1721 1057 vietor,-

297 1067 344 1096 sic
361 1066 413 1095 alii
429 1065 526 1095 codd.
543 1065 632 1104 apud
658 1065 768 1095 Puim.
788 1064 903 1095 Benti.
928 1070 1029 1104 atque
1051 1064 1099 1094 ita
1119 1072 1300 1102 anonymus
1322 1062 1414 1102 Trej.
1436 1062 1478 1092 ad
1502 1061 1611 1092 Rhen.
1628 1064 1720 1092 1⁷18.

296 1108 410 1137 riolens
424 1107 504 1137 victo
521 1106 603 1136 Exc.
616 1106 696 1137 Sax.
709 1106 821 1136 Benti.
837 1115 880 1135 ex
895 1105 1041 1145 ingenio.
1062 1104 1249 1135 victmwicto
1261 1104 1346 1134 Cun-
1357 1104 1434 1135 San.
1446 1103 1591 1135 Mer-viu.
1613 1104 1622 1119 ⁸
1637 1103 1721 1135 Quis

295 1149 464 1186 crederet,
479 1148 670 1178 Bentieium
687 1147 771 1178 adeo
787 1147 819 1177 iu
835 1147 1010 1186 elegantiis
1022 1147 1148 1186 linguae
1166 1145 1293 1176 Latinae
1308 1145 1486 1185 hospitem,
1508 1149 1546 1175 ut
1561 1149 1612 1175 tot
1627 1144 1719 1184 incp-

296 1190 352 1220 tiis
367 1191 453 1220 hunc
469 1189 577 1219 locum
593 1189 790 1226 solicitaret‚
803 1189 903 1219 viceor
917 1189 1030 1219 violem
1044 1188 1182 1219 discessit
1191 1198 1204 1224 ‚·
1228 1196 1293 1227 quo
1309 1187 1389 1217 nihii
1405 1185 1587 1226 excogitari
1609 1191 1722 1225 potest

296 1238 332 1263 et
347 1231 545 1270 elegantius,
557 1235 593 1261 et
608 1229 852 1270 significantius
867 1240 876 1268 ;
899 1235 935 1260 ut
951 1229 1060 1261 Poe'tu
1075 1229 1216 1270 primum
1234 1228 1311 1269 equi
1327 1229 1488 1268 impetum
1504 1227 1723 1268 exprimeret,

296 1273 492 1308 exunautis.
507 1278 543 1304 et
558 1282 593 1303 se
609 1281 628 1303 e
643 1272 827 1303 certamine
843 1272 975 1312 raptim,
992 1281 1031 1302 ac
1046 1271 1204 1309 violenter,
1219 1275 1256 1301 ut
1271 1269 1412 1310 exponit
1429 1267 1555 1308 Acron,
1577 1269 1722 1308 eripien-

295 1315 360 1345 tis?
404 1314 492 1347 Quid
507 1324 591 1354 opus
606 1318 679 1345 erat
694 1314 786 1352 victo,
802 1323 877 1345 cum
897 1313 969 1354 jam
986 1313 1129 1344 dixisset
1143 1311 1264 1343 victor!
1287 1312 1367 1342 Feu.
1413 1311 1497 1343 Exc.
1517 1310 1596 1341 Sex.
1619 1311 1719 1341 etiam

293 1357 386 1388 victo.
409 1357 419 1373 ‘
431 1356 605 1387 Bentleius
618 1355 749 1396 videns,
764 1365 828 1386 non
845 1360 1000 1387 constare
1022 1355 1108 1386 hanc
1124 1354 1273 1394 ineptam
1295 1352 1485 1390 lectionem,
1500 1351 1592 1383 varie
1607 1355 1721 1383 tentat

294 1398 326 1429 h.
344 1399 365 1429 Ι.
387 1402 488 1438 atque
510 1397 598 1437 conj.
621 1397 685 1428 Sed
705 1407 738 1437 p.
755 1397 869 1428 violens
883 1397 974 1435 victo,
987 1398 1040 1437 ⁸50.
1061 1396 1126 1434 vei,
1149 1395 1186 1427 S.
1199 1405 1231 1435 ρ.
1249 1395 1364 1426 domito
1379 1394 1490 1432 victor,
1504 1395 1556 1432 ἆγε.
1581 1393 1633 1424 vei
1659 1402 1720 1432 pro

293 1441 408 1470 violens
423 1440 559 1478 corrigit
573 1440 716 1478 sonipes‚·
738 1448 803 1469 non
819 1439 906 1469 male
922 1438 1069 1479 quidem,
1093 1437 1151 1468 sed
1168 1442 1293 1475 tamen,
1310 1441 1347 1466 ut
1367 1434 1489 1474 fatear,
1503 1435 1600 1466 nimis
1620 1435 1720 1474 louge

294 1491 312 1511 a
330 1481 483 1520 vestigiis
509 1480 686 1520 scripturae
712 1481 856 1519 vulgatae
883 1480 930 1510 ita
952 1479 1077 1518 recedi,
1099 1484 1202 1519 atque
1218 1477 1402 1508 desiderari
1426 1485 1565 1508 acumen
1591 1475 1720 1507 Poetae.

294 1523 421 1561 Quare,
438 1531 511 1552 curn
532 1523 566 1552 in
589 1521 686 1552 codd.
700 1522 790 1551 nulia
811 1521 925 1551 auxilii
940 1530 1017 1560 spes
1039 1521 1199 1560 supersit,
1218 1519 1250 1550 in
1267 1520 1330 1550 hec
1342 1517 1511 1548 saiebroso
1526 1517 1600 1548 ioco
1615 1517 1721 1547 hario-

294 1564 354 1594 lari
371 1563 530 1601 conabor,
553 1568 766 1603 mentemque
787 1562 904 1593 Poetae
921 1562 1117 1602 conjectura
1132 1560 1273 1601 assequi.
1317 1559 1470 1599 Legerim
1486 1559 1588 1600 igitur
1599 1558 1718 1599 libens,

293 1606 355 1635 Sed
377 1614 408 1644 p.
423 1605 558 1635 vitulam
580 1604 671 1642 victo,
695 1605 747 1643 asc.
769 1605 915 1640 vitulans,
938 1603 959 1634 i.
975 1613 1005 1634 e.
1030 1603 1150 1633 laetitia
1175 1601 1332 1642 gestiens,
1348 1601 1505 1632 exultans
1526 1601 1570 1631 ob
1589 1600 1718 1630 hostem

293 1646 476 1677 devictum.
519 1648 528 1664 ‘
541 1646 688 1677 Vitulari
703 1644 711 1658 '
735 1645 875 1685 probum
891 1645 1042 1675 verbum.
1087 1643 1175 1675 Vide
1190 1644 1289 1674 Varr.
1306 1646 1342 1673 et
1361 1643 1448 1673 Non.
1466 1642 1498 1672 in
1514 1641 1548 1672 h.
1564 1651 1595 1672 v.
1607 1641 1720 1672 Plaut-

294 1689 326 1717 in
342 1688 436 1718 Pers.
452 1697 492 1718 n.
509 1690 538 1718 3.
553 1690 583 1719 2.
597 1692 632 1718 et
645 1687 728 1718 Hor.
743 1695 783 1717 11.
800 1686 867 1717 Od.
882 1690 911 1717 5.
930 1686 972 1718 83
993 1686 1088 1716 Jecer
1101 1686 1140 1716 ad
1155 1685 1273 1716 Lucan.
1290 1693 1314 1715 1-
1329 1685 1470 1715 81.—38
1491 1682 1717 1714 Schoenbom.

292 1732 324 1760 2.
340 1729 537 1766 necsrenum.
561 1728 739 1760 Barberin.
755 1731 787 1759 2.
802 1728 892 1767 pellit
904 1728 942 1759 ab
956 1729 1106 1759 ore—39
1121 1727 1274 1757 Vanicel.
1291 1729 1320 1756 l.
1337 1725 1554 1756 metam—40
1570 1723 1718 1755 chisian.

292 1773 325 1801 6.
347 1771 503 1802 Valiicei.
519 1773 549 1802 l.
565 1776 601 1802 et
616 1770 740 1810 Porph.
753 1770 786 1800 in
803 1770 855 1800 ed.
882 1770 983 1800 Basii.
997 1770 1090 1800 1580.
1113 1768 1196 1799 vehit
1213 1766 1388 1798 Bentleins
1405 1766 1578 1806 adoptavit
1593 1774 1637 1796 ox
1651 1765 1720 1795 suis

291 1812 374 1843 Mss.
391 1817 426 1843 et
441 1813 520 1853 quia
534 1813 590 1853 qui
604 1815 701 1850 caret,
715 1811 820 1842 vehit:
842 1811 923 1842 alias
944 1810 1120 1842 dicendum
1144 1814 1216 1840 erat
1238 1808 1446 1855 carehim-ita
1467 1817 1526 1837 sex
1551 1806 1717 1837 editiones

290 1853 578 1933 witgils-2¹23.
589 1852 1035 1933 edissffiffiiittsziissm
1044 1850 1160 1930 {75:³35
1170 1850 1342 1922 ..ἶῗὼῗὲῗ
1345 1846 1716 1928 23ss3·...i'g¹¹.¹1¹‚21.{⁸¹'3¹3}i:

291 1943 317 1965 1.
337 1935 441 1973 Epist.
456 1938 506 1965 16.
520 1935 587 1965 663
611 1936 768 1965 Fam—41
793 1934 915 1964 Ser-ciet
929 1937 1042 1963 atem>
1055 1932 1205 1962 nonnulii
1228 1929 1326 1960 codd.
1345 1938 1400 1968 ap.
1422 1929 1535 1959 Feam.
1557 1929 1611 1967 qui
1622 1938 1719 1968 parvo

291 1975 520 2006 Schoenborn.
535 1978 566 2006 3.
594 1976 636 2005 ai.
661 1973 760 2005 codd.
785 1983 839 2012 ap.
868 1974 980 2010 Feam,
1005 1978 1040 2003 et
1063 1973 1140 2003 edd.
1167 1972 1294 2012 primae.
1319 1972 1391 2010 quia
1409 1979 1504 2008 parvo
1527 1969 1716 2000 octodecim

291 2017 390 2048 codd.
414 2017 502 2055 Fen»,
516 2016 571 2047 alii
587 2025 642 2055 ap.
658 2015 775 2046 Lamb.
796 2019 832 2045 et
851 2014 1008 2045 Torreat.
1034 2023 1149 2044 omnes
1173 2011 1325 2052 eruqnii,
1349 2011 1442 2042 Harl.
1457 2013 1487 2042 l.
1503 2013 1534 2041 2.
1549 2013 1578 2041 8.
1592 2013 1625 2042 4.
1637 2013 1669 2042 6.
1683 2013 1716 2042 ⁷.

290 2058 339 2089 its
355 2063 507 2089 notatum
523 2067 565 2088 ex
580 2057 656 2087 cod.
680 2057 712 2086 in
733 2066 793 2087 ora
818 2055 873 2086 ed.
899 2054 976 2086 Ald.
991 2057 1083 2086 1509.
1104 2055 1137 2085 in
1162 2053 1323 2084 Bibiioth.
1339 2052 1515 2083 Barberiu.
1531 2051 1609 2082 edd.
1625 2052 1718 2092 Lips.

292 2102 387 2131 1499.
421 2099 496 2131 Ald.
522 2102 615 2129 1501.
644 2097 732 2128 Dion
756 2097 798 2127 ab
818 2097 940 2128 Harsio
966 2095 1074 2136 Lugd.
1101 2097 1195 2126 1538.
1225 2095 1354 2125 Muret.
1377 2094 1422 2125 D.
1440 2093 1560 2124 Helos.
1584 2093 1713 2134 Delph.

292 2140 586 2172 Bond.Schrcvel.
601 2139 737 2177 Taibot,
762 2138 877 2169 Bentl.
904 2138 999 2175 Fine,
1022 2137 1114 2175 Traj.
1142 2137 1183 2168 ad
1210 2136 1316 2167 Rhen.
1341 2137 1434 2166 1713.
1458 2135 1559 2166 Baxt.
1574 2134 1714 2173 Cuning.

290 2182 413 2213 Sauad.
435 2182 586 2219 Francis,
604 2180 754 2220 Sandby,
772 2178 900 2210 Wakef.
916 2179 1060 2210 Wetzel.
1075 2179 1178 2210 Gesn.
1195 2178 1301 2209 Zeun.
1322 2177 1460 2216 Bipont.
1475 2175 1580 2207 Kidd.
1596 2175 1715 2208 Comi».

291 2223 373 2262 Fen,
398 2223 520 2261 Bothe,
545 2222 665 2260 Jaeck,
687 2227 722 2252 et
741 2222 898 2261 Doering.
921 2223 1035 2252 nesciat
1061 2220 1177 2251 Lamb.
1202 2228 1245 2250 ex
1267 2218 1365 2250 codd.
1388 2218 1436 2248 ita
1457 2218 1512 2248 alii
1536 2217 1636 2248 codd.
1659 2227 1715 2258 sp.

291 2265 406 2304 Feam,
432 2269 467 2296 et
495 2264 644 2305 piurimae
670 2262 746 2294 edd.
767 2263 879 2294 nesciet
906 2270 985 2293 vero
1011 2262 1170 2292 exhibent
1194 2260 1293 2291 Vatt.
1309 2262 1341 2290 3.
1356 2263 1386 2290 9.
1402 2261 1453 2289 14.
1467 2262 1520 2290 1⁵.
1534 2262 1586 2290 18.
1618 2259 1713 2290 Vatt.

292 2307 389 2338 Rom.
403 2309 433 2338 2.
449 2309 478 2337 3.
494 2310 526 2337 5.
541 2308 573 2336 6.
607 2305 688 2336 Vat.
704 2304 814 2335 Palat.
827 2307 857 2335 4.
889 2304 1034 2335 Chisian.
1050 2306 1079 2335 l.
1094 2306 1126 2334 5.
1141 2305 1174 2333 6.
1206 2300 1358 2341 Angeiic.
1375 2302 1405 2330 1.
1422 2303 1454 2331 2.
1489 2299 1669 2332 Barberin.
1682 2302 1714 2333 1.

291 2348 444 2379 Valiicel.
467 2350 498 2378 3.
532 2347 631 2378 Harl.
648 2349 677 2377 l.
693 2348 724 2376 2.
740 2349 772 2377 3.
786 2348 817 2376 4.
833 2348 864 2376 6.
879 2348 910 2376 7.
933 2346 989 2376 aiii
1004 2344 1102 2376 codd.
1126 2354 1181 2384 ap.
1205 2343 1314 2374 Pulm.
1330 2341 1478 2371 nonnulii
1494 2341 1712 2380 superscripti
1774 2355 1778 2358 -

292 2399 344 2429 ap.
358 2390 472 2427 Feam,
484 2398 558 2420 cum
574 2388 651 2419 edd.
662 2388 802 2419 Venett.
819 2389 911 2418 1481.
922 2389 1015 2417 1486.
1039 2386 1192 2417 Britanu.
1207 2387 1297 2415 1520.
1320 2382 1462 2413 Chabot.
1475 2382 1575 2412 Baxt.
1589 2382 1712 2421 Delph.

291 2431 399 2462 Bond.
427 2431 599 2463 Scin-evei.
625 2430 739 2460 Bentl.
766 2428 889 2460 Sanad.
917 2428 1066 2467 Francis,
1096 2428 1260 2463 Dunster‚
1283 2423 1416 2460 Tenba,
1441 2423 1539 2461 Pine,
1565 2423 1711 2455 Wetsei.

291 2471 426 2504 Wakef.
443 2472 546 2504 Kidd.
574 2472 676 2504 Gesn.
700 2470 809 2502 Zeun.
833 2470 968 2510 Bipont.
995 2470 1112 2501 Comb.
1138 2469 1218 2508 Fen,
1233 2466 1353 2504 Bothe,
1370 2464 1493 2502 Jaeek,
1508 2469 1542 2495 et
1558 2465 1713 2504 Doeriug.

287 2525 382 2555 parvo
399 2516 478 2555 quod
498 2514 612 2546 nesciet
627 2513 677 2544 uti
701 2513 846 2553 Cuning.
866 2512 976 2543 nesciit
990 2512 1023 2542 in
1047 2511 1258 2553 quibusdam,
1270 2506 1359 2548 quod
1376 2507 1481 2547 magis
1497 2507 1610 2547 piacet
1625 2506 1710 2538 Ges-

930 2605 1072 2638 NOTAE

330 2682 372 2710 4⁰
395 2678 562 2709 Dominum
595 2676 683 2708 vehet
710 2673 876 2716 improbus,
908 2674 976 2715 qm]
1027 2681 1166 2704 excussa
1198 2669 1400 2710 mancipium
1435 2666 1475 2700 fit
1511 2666 1712 2709 cupiditatis.

290 2729 385 2760 Sicut
400 2727 508 2758 victor
530 2726 623 2757 cervi
638 2734 744 2766 equus
758 2725 793 2755 in
808 2723 973 2754 servitute
1026 2727 1062 2754 et
1077 2720 1227 2763 pecuniae
1243 2719 1304 2751 sihi
1320 2717 1529 2750 dominantis.

289 2778 431 2811 hominis
452 2777 583 2815 mansit,
596 2777 643 2807 sic
657 2769 755 2807 homo
772 2777 971 2815 paupertate
