1890 3256
1544 293 1654 334 1151

1599 397 1655 437 10

615 301 968 333 EmsronAnuM
993 302 1094 332 ua.
1127 302 1157 332 ι.
1189 291 1258 334 14.

209 394 331 436 Rure
352 408 433 448 ego
453 395 689 445 viventem,
709 398 757 436 tu
777 395 891 437 dicis
907 396 951 437 in
972 397 1080 437 urbe
1099 396 1274 437 beatum
1291 409 1302 437 ε

209 461 294 503 Cui
316 452 464 515 piacet
483 463 675 512 alterius,
693 475 777 504 sua
796 463 996 503 nimirum
1014 466 1083 504 est
1102 462 1207 503 odio
1227 475 1337 503 sors.

207 527 378 569 Stultus
399 534 582 582 uterque
603 529 746 571 locum
769 529 1033 570 immeritum
1052 534 1262 570 causatur
1278 529 1425 582 inique
1442 542 1453 580 ;

207 593 262 635 In
283 595 412 649 culpa
431 599 500 636 est
520 596 705 646 animus,
727 596 804 650 qui
825 609 874 637 se
892 608 982 637 non
1000 596 1154 650 effugit
1174 609 1382 650 unquam.

204 658 276 702 Tu
297 662 582 704 mediastinus
603 663 739 704 tacita
759 676 888 717 prece
910 677 1010 704 rura
1030 664 1212 717 petebas
1229 677 1240 715 ;

204 727 340 770 Nunc
361 730 515 770 urbem
534 735 580 771 et
594 729 728 770 ludos
745 734 789 771 et
809 730 966 771 balnea
986 730 1162 772 villicus
1182 735 1329 784 optas.

204 793 282 836 Me
300 799 501 837 constare
521 796 626 838 mihi
647 797 754 846 scis,
774 800 820 838 et
834 796 1056 838 discedere
1079 798 1261 847 tristem,

204 860 586 917 Quandocumque
607 863 782 904 trahunt
799 863 944 904 invisa
963 864 1140 916 negotia
1161 864 1368 906 Romam.

203 926 306 969 Non
327 928 482 970 eadem
502 929 737 981 miramur3
766 942 819 971 eo
846 929 1126 971 disconvenit
1144 931 1255 972 inter

202 994 367 1049 Meque
387 999 431 1037 et
450 999 516 1037 te:
546 1009 663 1046 nam,
685 1010 786 1050 quae
807 996 980 1039 deserta
1000 1001 1043 1039 et
1062 997 1286 1051 inhospita
1305 1000 1458 1051 tesqua

1598 729 1653 769 15

197 1125 275 1166 gula
287 1125 422 1167 spatiari
443 1125 655 1167 impedientia.
705 1128 772 1167 Ego
778 1127 907 1165 felicem
921 1129 1039 1168 appello
1053 1129 1214 1167 degentem
1239 1127 1307 1158 ruri
1320 1137 1333 1163 ,·
1356 1130 1389 1157 tu
1411 1131 1519 1158 contro
1531 1126 1564 1157 in
1578 1127 1651 1159 urbe

199 1171 447 1200 enumerantem.
491 1169 620 1201 Scilicet
644 1169 698 1210 qui
720 1170 854 1201 alienam
875 1170 1080 1202 conditionem
1103 1170 1201 1210 cupit,
1227 1169 1385 1210 propriam
1409 1169 1486 1200 odit.
1531 1169 1651 1201 Fatuus

198 1213 327 1251 uterq-ce
342 1210 476 1252 improbe
490 1212 677 1243 criminatur
690 1213 790 1243 locum
803 1212 975 1244 innoxium.
1020 1212 1120 1244 Immo
1133 1213 1321 1243 accusandus
1333 1215 1380 1243 est
1393 1212 1527 1252 unimus,
1541 1213 1595 1252 qui
1617 1222 1650 1244 se

197 1261 354 1294 mquam
368 1253 497 1286 deserit.
543 1255 591 1286 Tu
604 1255 666 1286 vile
680 1254 866 1295 mancipium
879 1254 1006 1286 secretis
1018 1255 1100 1286 votis
1118 1264 1173 1286 rus
1193 1253 1378 1294 exoptabas.-
1394 1253 1462 1291 jam
1483 1263 1556 1285 vero
1579 1264 1650 1294 pro—

197 1295 430 1327 cmnsviilum
444 1297 565 1337 expetis
577 1297 750 1336 civitatem,
764 1300 795 1329 et
809 1299 994 1338 spectacula,
1009 1301 1041 1329 et
1055 1298 1174 1329 balnea.
1207 1297 1263 1327 Me
1273 1299 1465 1327 constantem
1478 1305 1543 1327 esse
1555 1297 1650 1332 nosti,

197 1346 235 1368 nc
246 1341 388 1370 moestum
402 1339 500 1376 abire,
510 1340 628 1380 quoties
640 1341 769 1371 molesta
783 1339 910 1380 negotia
927 1340 1056 1371 Romam
1064 1343 1222 1371 revocant.
1268 1339 1365 1370 Haud
1380 1339 1488 1369 iisdem
1500 1338 1588 1369 rebus
1596 1339 1650 1369 de·

197 1380 347 1413 kctamur
356 1392 368 1413 .-
388 1381 461 1413 lu'nc
475 1391 532 1423 ego
547 1385 639 1423 tuque
653 1383 862 1415 dissentimus.
909 1382 1037 1413 Etenim
1050 1392 1118 1423 quae
1133 1384 1266 1423 deserta,
1278 1390 1397 1423 aspera,
1415 1385 1446 1413 et
1460 1379 1648 1413 inhabitabi—

803 1486 1044 1501 ”OOOOOM

197 1561 390 1598 Puimanni.
406 1561 533 1603 aliique
549 1562 716 1600 Lambini.
731 1567 779 1595 est
791 1565 864 1595 odio
889 1574 959 1601 res,-
981 1563 1030 1595 ita
1050 1566 1204 1594 notatum
1224 1571 1268 1593 ex
1284 1562 1359 1593 cod.
1375 1561 1407 1592 in
1425 1571 1485 1593 ora
1500 1562 1555 1594 ed.
1570 1561 1650 1595 Ald-

197 1606 293 1637 1519.
315 1603 347 1634 in
365 1604 529 1636 Bibliotu.
545 1604 789 1646 Angeiic.—l5
813 1607 895 1639 Vat.
907 1610 938 1639 9.
955 1610 990 1638 et
1006 1605 1160 1637 Vallicel.
1178 1607 1208 1636 1.
1236 1605 1327 1636 Nunc
1341 1604 1446 1635 urbem
1461 1605 1561 1644 ludos,
1574 1605 1647 1636 sine

196 1649 327 1678 eae.—16
342 1647 399 1677 Me
407 1646 484 1678 mihi
496 1650 637 1678 constare
646 1648 709 1679 scis
720 1648 865 1688 Cuning.
877 1659 919 1680 ex
932 1658 1013 1680 aure
1025 1650 1180 1679 sum—17
1200 1647 1240 1682 Q.
1252 1650 1275 1678 t.
1288 1656 1404 1678 vesunu
1415 1647 1539 1686 negotiu
1551 1652 1648 1678 nota-

195 1692 267 1720 tum
279 1697 323 1719 ex
336 1688 414 1720 cod.
430 1689 465 1720 iu
480 1699 540 1721 ora
555 1690 609 1720 ed·
632 1689 711 1722 Ald.
730 1693 827 1722 1519.
838 1692 871 1722 in
885 1691 1048 1723 Biblioth.
1065 1690 1309 1730 Angelic.—19
1324 1690 1451 1729 Meque,
1463 1693 1494 1721 et
1504 1692 1555 1726 te;
1576 1699 1648 1721 num

195 1730 320 1770 quiAt.
337 1731 419 1762 Vnt.
431 1731 530 1763 Rom.
539 1734 572 1763 9.
584 1733 593 1750 ‘
605 1732 762 1773 inhospita
773 1736 881 1774 tesqua
890 1738 1027 1765 servant
1038 1732 1138 1765 codd.
1151 1741 1286 1763 omnes:
1303 1731 1363 1762 sed
1373 1735 1455 1763 tesca
1466 1731 1647 1770 legendum

196 1781 284 1808 esee.
307 1773 402 1814 quasi
425 1777 530 1806 tusca
547 1774 654 1815 dicas,
672 1785 692 1807 a
708 1776 851 1816 tuendo,
873 1781 909 1808 et
928 1777 1036 1807 Varro
1053 1785 1116 1807 uos
1133 1775 1261 1813 docuit,
1275 1778 1312 1805 et
1329 1774 1483 1814 sequitur
1498 1774 1622 1805 Festus
1638 1786 1648 1813 ;

195 1813 351 1846 Isidorus
363 1825 444 1847 vero
455 1819 559 1848 tercua
573 1817 692 1849 scribit
706 1828 715 1848 ε
732 1822 828 1850 vetus
846 1819 994 1850 Lexicon
1007 1822 1126 1859 tesqua,
1135 1818 1452 1858 interpretaturque
1466 1814 1644 1856 κατάκρημ·

193 1860 243 1886 roa·
263 1856 315 1887 καὶ
334 1855 442 1897 ῥάχεις
456 1857 508 1890 καὶ
523 1857 628 1899 ἔρημοι
641 1859 743 1891 τόποι.
788 1862 874 1893 Sunt
903 1862 960 1902 qui
988 1861 1152 1893 Sabinum
1180 1869 1254 1890 esse
1280 1859 1484 1890 vocabulum
1513 1863 1647 1899 putent.

196 1897 352 1936 Augures
376 1909 457 1931 vero
478 1903 597 1933 eadem
622 1902 727 1934 ferme
746 1907 851 1944 tesqua
871 1913 946 1944 quae
963 1908 999 1935 et
1016 1904 1128 1943 templa
1144 1902 1326 1940 vocabant,
1342 1902 1416 1932 loca
1431 1902 1571 1940 augurio
1588 1901 1646 1931 de-

194 1938 858 2016 }zissstxffissszssffixsniieazi„2⁶22
874 1945 1015 2018 meum
1032 1943 1648 2016 ³³¹v¹⁸zz¹ssz⁰nffit¹¹¹sszxz3⁰25:2:21

196 2023 358 2055 Festum!
382 2023 526 2055 Torrent-
571 2023 581 2040 ‘
597 2024 752 2066 Tesqua;
775 1997 917 2066 Linges:
933 1996 1138 2059 §agffigraffl
1166 2027 1242 2057 loca
1272 2007 1423 2056 diflicilia
1449 1995 1505 2056 etp
1516 1995 1648 2065 repieta

851 2108 992 2142 NOTAE

195 2191 235 2216 ne
248 2182 380 2223 spatier
391 2181 575 2223 tantillum,
587 2181 803 2224 animumque
817 2182 893 2214 refi—
948 2182 1100 2223 quumvis
1128 2182 1204 2213 loca
1233 2185 1353 2213 mutet.
1398 2181 1485 2214 Vide
1512 2191 1552 2214 n.
1576 2182 1645 2215 Od.

194 2234 280 2264 cinni
297 2232 416 2264 urbani
432 2233 596 2264 tumultus
613 2237 808 2273 pertaesum.
949 2235 1001 2264 16.
1016 2235 1070 2264 20.

240 2282 403 2323 Claustra]
427 2282 582 2323 Metaph.
607 2290 627 2313 a
651 2282 755 2321 circo,
778 2282 811 2312 in
827 2291 893 2324 quo

194 2333 298 2364 certis
311 2332 468 2363 claustris
482 2331 720 2363 detinebantur
735 2331 893 2373 equi‚do·

191 2392 259 2414 nec
272 2382 393 2414 liceret
407 2382 502 2423 signo
518 2381 601 2414 dato
614 2386 804 2424 apertoque
823 2387 894 2415 sta·

193 2431 251 2463 dio
265 2431 462 2465 decurrere.

238 2484 278 2512 12
300 2480 415 2512 lacum
441 2481 630 2514 immeritum
655 2485 803 2513 causatur
828 2482 890 2514 ini-

192 2530 266 2572 que]
292 2530 367 2561 Nec
382 2531 473 2561 enim
489 2531 583 2562 locus
599 2531 700 2562 animi
720 2536 774 2563 est
790 2541 890 2564 causa

192 2579 359 2621 inquieti:
383 2579 444 2610 sed
459 2579 533 2620 ipse
555 2582 684 2612 animus
702 2590 820 2622 parum
836 2592 889 2614 sa—

194 2641 256 2663 nus
267 2631 355 2663 hami
370 2631 514 2672 quiescit
526 2632 581 2665 ubi
599 2633 742 2665 maxime
754 2634 889 2676 quietus

193 2690 268 2713 esse
284 2681 440 2713 deberet.

236 2733 275 2762 18
311 2731 375 2767 Qui
402 2741 435 2763 se
462 2741 523 2764 non
548 2732 678 2774 effugit]
724 2733 886 2776 Adeoque

191 2789 304 2811 secum
332 2778 446 2812 defert
468 2790 601 2821 semper
629 2781 781 2815 fomitem
809 2793 886 2824 per·

191 2829 431 2869 turbationum,
456 2840 666 2875 quocumque
692 2834 828 2875 migret,
850 2838 886 2865 et

991 2285 1031 2314 14
1056 2282 1282 2323 Mediastinus]
1316 2282 1440 2314 Servus
1467 2283 1502 2314 in
1532 2283 1644 2314 medio

947 2337 1042 2364 stans
1057 2333 1100 2364 ad
1116 2332 1286 2364 valissima
1300 2341 1445 2373 quaeque
1458 2333 1647 2363 ministeria

949 2388 1100 2424 paratu&
1144 2383 1244 2417 Quod
1266 2393 1343 2415 mox
1357 2382 1486 2414 dicitnr
1500 2383 1510 2399 ‘
1521 2387 1643 2423 optare

947 2433 1093 2472 bulnea‚’
1117 2433 1211 2465 favet
1227 2434 1266 2464 iis
1280 2433 1338 2474 qui
1363 2433 1373 2450 ⁸
1386 2433 1623 2463 mediastinum
1634 2433 1642 2445 '

946 2483 1114 2524 appellari
1129 2483 1260 2523 volunt,
1283 2481 1372 2523 quod
1390 2481 1507 2512 mediis
1523 2481 1555 2511 in
1573 2480 1642 2512 bai-

943 2533 1028 2572 neis,
1042 2542 1103 2563 sen
1123 2533 1157 2563 in
1171 2532 1285 2563 medio
1309 2531 1492 2563 lavantium
1515 2534 1583 2562 stet
1598 2531 1641 2561 ad

942 2591 1090 2624 quaeque
1105 2581 1247 2613 servitia
1259 2585 1432 2622 promtus:
1449 2588 1639 2621 quanquam

942 2631 1028 2663 innd
1044 2635 1053 2650 ‘
1065 2632 1175 2663 atinus
1186 2631 1195 2645 ’
1216 2640 1312 2663 mera
1325 2630 1463 2662 videtur
1473 2639 1548 2661 ease
1565 2638 1641 2670 pro*

943 2682 1060 2714 ductio
1076 2682 1182 2722 vocis,
1196 2687 1235 2714 ut
1250 2682 1284 2713 in
1301 2683 1311 2700 ⁴
1323 2680 1575 2713 clandestinus!

983 2736 1023 2766 19
1048 2732 1184 2774 Tesqua]
1222 2733 1312 2764 Loca
1350 2736 1493 2771 semota,
1530 2731 1640 2771 edita,

940 2791 1073 2824 aspera,
1098 2783 1260 2824 agrestia,
1282 2782 1424 2821 inculta,
1439 2791 1500 2813 suo
1515 2781 1582 2812 situ
1596 2790 1639 2812 ac

940 2834 1078 2866 silentio
1112 2834 1284 2865 horrorem
1313 2841 1446 2864 sacrum
1471 2830 1638 2864 incutiens
