1930 3242
344 278 428 319 884

809 295 852 329 Q.
883 289 1089 320 HoRA'rn
1123 289 1294 319 FLAcci

343 380 539 422 Canidiae
561 382 725 430 dentes,
747 382 879 421 altum
904 368 1087 431 Saganae
1109 381 1366 422 caliendrum

344 447 572 495 Exciderc‚
593 452 718 499 atque
736 447 906 494 herbas,
927 453 1058 497 atque
1080 448 1298 487 incantata
1318 448 1490 489 lacertis

342 511 545 561 Vincula,
567 524 664 551 cum
685 522 837 561 magno
856 512 1032 563 risuque
1046 511 1237 565 jocoque
1257 512 1438 554 videres.

1702 516 1758 557 50

340 634 397 664 que
411 636 471 657 non
484 626 548 657 sine
570 625 699 655 ludibrio
713 627 743 655 et
757 625 913 655 cachinnis
931 626 1100 665 aspexisses
1116 627 1256 658 Canidioe
1270 629 1385 668 dentes,
1407 638 1443 660 ac
1456 628 1611 660 sublimem
1625 627 1758 668 Sagana

339 676 454 698 comam
468 667 615 704 decidere,
629 665 736 696 herbas
750 665 836 706 item,
849 669 879 697 et
895 666 967 698 licia
982 667 1112 699 brachiis
1123 669 1290 707 fascinata.

933 760 1106 774 “done“
1111 762 1126 774 0
1130 762 1166 774 00

341 831 448 854 annon
467 821 643 862 legendum
658 821 712 860 sit,
726 822 938 853 coliandrum?
962 821 1123 854 Chishull.

983 916 1120 948 NOTAE

377 981 419 1010 48
444 979 584 1009 Canidioe
606 979 722 1016 dentes,
747 977 816 1018 ξω]
839 978 948 1008 Tanto
967 987 1025 1018 pa-

338 1038 419 1060 vore
442 1027 671 1066 percelluntur
701 1027 781 1066 illae,
804 1033 842 1058 ut
866 1027 1024 1058 excidant

339 1076 487 1108 Canidiae
516 1075 686 1106 edentulae
717 1075 865 1116 appositi
897 1077 1025 1112 dentes,-

336 1130 478 1168 Saganae
495 1136 573 1158 vero
588 1126 711 1165 glabrae
733 1136 792 1157 seu
808 1127 914 1157 calvae
930 1136 1025 1158 coma

338 1187 380 1208 ex
396 1176 511 1208 alienis
528 1176 659 1215 capillis
674 1176 800 1206 addita.

378 1226 487 1257 Altum
513 1224 714 1264 caliendrum]
748 1224 942 1255 Adulterini
970 1234 1024 1256 ca-

337 1275 447 1315 pillitii
464 1278 670 1315 suggestum,
687 1279 723 1305 ut
737 1279 835 1305 vocat
847 1273 1023 1314 Papinius.

336 1324 491 1357 Juvenal.
518 1324 589 1354 Sat.
613 1331 663 1353 vr.
687 1325 761 1353 502.
781 1323 790 1340 ‘
808 1323 1024 1363 compagibus

338 1373 441 1403 altum
466 1371 622 1402 AEdificat
643 1370 771 1410 caput?
814 1371 903 1402 Hinc
927 1374 1024 1410 patet

335 1431 457 1453 novum
474 1430 537 1450 non
554 1429 642 1458 esse,
657 1419 747 1460 quod
769 1424 882 1450 nostro
898 1420 1023 1450 saeculo

336 1470 371 1500 in
401 1468 595 1499 mulieribus
622 1467 795 1506 videmus,
822 1471 923 1508 atque
945 1467 1022 1497 olim

336 1518 434 1549 etiam
452 1518 484 1548 in
506 1526 618 1547 earum
633 1516 802 1556 capitibus
818 1517 953 1547 insanas
968 1527 1024 1549 ca-

337 1566 523 1606 pillamenti
537 1565 801 1596 substructiones
819 1566 983 1597 extitisse.

380 1613 592 1653 Caliendrum]
629 1612 829 1653 Κάλλυντρον
854 1619 906 1645 est
931 1624 1023 1646 orna-

1075 983 1220 1012 mentum.
1258 981 1442 1023 κάλπη-ρον,
1474 982 1544 1012 sive
1579 980 1760 1020 κάλυνφον,

1075 1029 1304 1068 operimentum.
1333 1031 1408 1062 Hoc
1423 1031 1479 1061 alii
1494 1031 1758 1070 interpretantur

1076 1077 1203 1109 crinem
1231 1079 1478 1119 hypocriticam
1499 1079 1554 1109 vel
1579 1078 1759 1118 suppositi·

1076 1125 1186 1164 tium;
1215 1127 1272 1157 alii
1301 1128 1490 1166 reticulum,
1517 1125 1759 1165 redimiculum,

1030 1176 1033 1178 ’
1075 1175 1313 1213 galei-iculum:
1335 1181 1431 1207 vetus
1459 1176 1655 1215 Interpres:
1678 1183 1760 1215 pep-

1076 1223 1143 1254 lum
1166 1225 1299 1265 capitis,
1313 1234 1372 1256 seu
1387 1228 1628 1256 ornamentum.
1672 1224 1759 1254 Var-

1077 1281 1115 1303 ro
1129 1272 1231 1303 etiam
1254 1273 1338 1304 hanc
1361 1279 1498 1313 usurpat
1520 1282 1634 1303 vocem
1650 1272 1684 1303 in
1700 1272 1760 1303 lib.

1077 1322 1134 1362 qui
1149 1322 1339 1354 inscribitur
1356 1324 1365 1340 ‘
1377 1321 1516 1362 Virgula
1530 1320 1666 1353 divina!
1697 1321 1759 1352 Ar·

1077 1370 1197 1401 nobius
1211 1370 1292 1401 item
1308 1370 1367 1402 lib.
1383 1379 1434 1401 vx.

1116 1421 1157 1449 50
1184 1418 1320 1458 Vincula]
1358 1409 1422 1450 fiis
1445 1419 1613 1450 hominnm
1634 1419 1760 1449 animos

1073 1467 1262 1508 illigabunt,
1306 1467 1508 1506 vinciebant,
1547 1467 1758 1499 detinebant.

1075 1517 1196 1556 Vin-gil.
1212 1517 1330 1556 Eclog.
1353 1525 1433 1548 vni.
1454 1517 1464 1533 ‘
1476 1517 1587 1547 Tei-na
1603 1516 1664 1547 tibi
1686 1517 1758 1547 liaec

1075 1564 1217 1603 primum
1239 1564 1365 1604 triplici
1387 1564 1518 1595 diversa
1538 1565 1648 1595 colore
1665 1564 1759 1595 Licin

1075 1613 1273 1645 circumdo.’

871 1762 1105 1804 SATIRA
1136 1763 1229 1804 IX.

461 1859 511 1888 ΙΝ
547 1857 868 1889 IMPUDENTES
901 1858 960 1887 ΕΤ
990 1858 1196 1888 lNEPTOS
1229 1859 1645 1890 PARASU'ASTROS.

336 1922 437 1955 Haud
454 1922 555 1953 dubie
579 1922 698 1962 gratia,
712 1931 779 1962 qua
805 1921 894 1962 apud
916 1921 1140 1953 Maecenatem
1155 1923 1289 1955 valebat
1311 1923 1483 1960 Horatius,
1496 1925 1620 1955 multos
1635 1912 1760 1964 peresi·

378 1979 499 2005 tastros
515 1978 551 2005 et
566 1973 753 2014 poetastros
774 1973 926 2013 pellexit,
942 1977 979 2004 ut
994 1982 1069 2003 eum
1085 1972 1291 2015 obsiderent,
1305 1979 1341 2006 et
1357 1985 1393 2006 se
1409 1985 1469 2016 per
1483 1985 1558 2007 eum
1577 1975 1760 2007 Maecennti

378 2025 601 2057 commendari
627 2029 802 2065 cuperent.
843 2025 970 2063 Quare,
987 2030 1024 2056 ut
1045 2025 1108 2056 hoc
1131 2026 1297 2057 hominum
1315 2036 1419 2067 genus
1439 2028 1614 2058 molestum
1637 2037 1656 2058 a
1671 2036 1718 2067 se,
1732 2027 1761 2057 si

376 2077 451 2108 fieri
474 2081 597 2117 posset,
621 2077 786 2116 abigeret,
808 2076 959 2108 fortassis
983 2077 1069 2107 hanc
1093 2078 1229 2118 scripsit
1250 2079 1406 2120 Satiram,
1420 2079 1476 2111 ubi
1497 2078 1704 2120 impudentia
1724 2082 1760 2110 et

375 2129 551 2169 garrulitas
566 2129 727 2170 ejusmodi
742 2129 971 2160 homuncionis
989 2129 1125 2169 egregie
1140 2129 1354 2162 describitur.

338 2213 463 2254 ῙΒΑΜ
486 2214 593 2254 forte
614 2213 700 2254 Via
719 2226 858 2263 sacra,
879 2214 993 2254 sicut
1011 2225 1131 2254 meus
1149 2219 1215 2254 est
1233 2228 1342 2264 mos,

382 2310 551 2350 Pergebam
563 2311 652 2348 forte
669 2320 726 2351 per
739 2311 821 2342 viam
834 2321 964 2352 sacram,
977 2321 1075 2350 nugas
1089 2311 1188 2342 nescio
1199 2321 1285 2352 quas,
1299 2315 1333 2342 ut
1346 2312 1435 2351 soleo,
1447 2314 1547 2343 mente
1557 2319 1699 2347 versun&
1716 2309 1758 2342 iis

951 2394 1046 2406 “O“

1048 2393 1167 2407 000000

379 2446 491 2476 Satira
507 2445 653 2477 secunda
668 2446 760 2477 Libri
773 2448 914 2479 secundi
929 2447 962 2478 in
985 2448 1048 2479 Ed.
1065 2448 1185 2479 Sanad.
1227 2446 1313 2478 Vide
1337 2445 1494 2486 vulpium
1518 2446 1551 2477 in
1577 2446 1658 2477 Vita
1673 2446 1757 2478 Pro-

340 2488 517 2527 pei·tii.—l
542 2487 628 2518 Ibam
652 2488 784 2525 utforte
806 2489 920 2520 Bentl.
942 2499 986 2520 ex
1006 2490 1096 2530 conj.
1119 2497 1256 2530 eumque
1279 2491 1413 2519 secutus
1439 2487 1541 2518 Kidd.
1564 2487 1697 2519 Wakef.
1721 2493 1759 2519 et

341 2528 465 2560 Askew
479 2529 784 2569 interpungebant:
809 2530 898 2562 Ibam
914 2531 1003 2569 forte
1017 2531 1069 2562 via
1087 2541 1186 2569 sacra,
1207 2530 1286 2561 sicut
1307 2538 1388 2559 meus
1409 2532 1455 2560 est
1475 2538 1538 2559 mos
1563 2529 1686 2568 Nescio,
1705 2531 1756 2569 &c-

342 2571 506 2608 probante
523 2571 591 2601 viro
607 2571 709 2602 docto
723 2571 757 2602 in
773 2572 844 2604 The
858 2573 985 2604 British
1001 2572 1118 2604 Critic.
1157 2571 1232 2603 Vid.
1250 2569 1378 2602 Wakef.
1399 2571 1492 2610 Sylv.
1509 2570 1595 2602 Crit.
1609 2579 1658 2602 iv.
1680 2580 1757 2612 pag.

981 2665 1122 2696 No'rAE

485 2727 501 2754 1
532 2725 588 2755 Via
603 2726 706 2766 sacra]
729 2727 783 2757 De
799 2735 840 2757 ea
855 2726 963 2767 Epod.
977 2735 1027 2757 iv.
1044 2729 1075 2757 7.
1091 2729 1126 2758 et
1141 2725 1249 2766 Epod.
1266 2734 1329 2757 vn.
1345 2729 1375 2756 Β.
1389 2725 1465 2757 vide
1479 2725 1524 2757 ibi
1541 2725 1623 2757 Not.
