1890 3256
611 277 890 309 SERMONUM
929 277 1020 307 ma.
1053 276 1104 308 11.
1134 266 1176 307 3.

1530 262 1615 304 981

167 375 215 417 Si
237 387 364 430 quem
386 373 579 415 delectet
593 372 844 419 barbatum,
865 370 1052 412 amentia
1071 374 1227 411 verset.

166 442 215 483 Si
236 441 448 495 puerilius
467 439 553 488 his,
573 438 808 483 ratioesse
824 438 1012 486 evincet,
1031 448 1204 486 amare3

1533 433 1618 474 250

167 509 266 550 Nec
285 508 521 561 quicquam
543 505 727 554 differre,
747 509 945 546 utrumne
966 505 1012 544 in
1030 504 1225 557 pulvere,
1245 503 1398 544 trimus

166 574 314 626 Quale
333 575 470 628 prius,
488 573 614 614 ludas
634 584 761 625 opUS‚
783 585 836 613 an
857 571 1097 613 meretricis
1118 582 1268 611 amore

165 642 380 683 Solicitus
400 641 573 693 plores;
604 651 772 693 quaero,
792 639 995 681 faciasne
1016 638 1132 692 quod
1154 638 1260 679 olim

164 706 366 750 Mutatus
386 707 637 748 Polemon?
663 719 806 761 ponas
825 706 1019 759 insignia
1038 705 1195 755 morbi,

165 775 414 826 Fasciolas‚
435 774 615 824 cubital‚
636 774 817 824 focalia,
838 779 976 827 potus
995 776 1043 814 ut
1064 773 1140 813 ille

1531 772 1617 814 255

161 913 243 944 meio
261 912 380 952 vincae,
399 922 505 944 amare
528 911 679 952 puerilius
703 920 769 943 esse
794 920 887 951 quam
907 910 972 941 ista
982 920 995 946 ‚·
1017 918 1072 940 nec
1086 910 1184 940 ullum
1198 919 1263 940 esse
1284 908 1452 941 discrimen
1463 912 1570 939 utrum
1583 907 1618 939 in

159 964 255 986 arena
271 956 361 988 ludar
381 955 491 986 iisdem
512 955 596 986 ludis
609 954 719 995 quibus
733 953 807 984 olim
822 953 947 984 ludebas
961 956 1027 983 tres
1038 962 1135 983 annos
1152 956 1258 990 natus,
1272 962 1312 983 an
1326 961 1429 982 amore
1443 950 1618 982 meretricis

159 998 273 1029 anxius
287 999 477 1038 lacrymere:
499 1006 575 1036 rogo
591 1000 634 1037 te,
649 1006 723 1028 num
737 999 864 1027 acturus
878 996 922 1026 sis
934 996 1014 1035 quod
1029 995 1156 1025 Polemo
1176 996 1327 1035 quondam
1342 994 1407 1032 egit
1423 1002 1527 1024 errore
1542 993 1618 1023 libe-

159 1043 266 1072 ratus?
284 1049 324 1071 an
339 1040 468 1078 abjicies
483 1040 582 1070 morbi
595 1038 839 1079 signa‚sascias,
854 1038 1026 1078 palliolum,
1034 1037 1179 1075 saucium
1201 1037 1403 1077 operimenta,
1424 1035 1617 1076 quemadmo-

766 1133 885 1147 eeeee

887 1133 1006 1146 eeeeee

161 1198 239 1230 Sax.
256 1203 291 1230 et
309 1198 446 1230 Hatra.
461 1198 543 1238 soni,
558 1201 645 1230 creta
658 1197 757 1229 Harl.
775 1199 806 1228 2.
820 1196 936 1228 Zarot.
953 1201 989 1228 et
1001 1196 1081 1228 vet.
1099 1196 1326 1228 (ἰωὴ-250
1341 1194 1396 1226 Sic
1410 1194 1488 1226 vet.
1501 1194 1617 1226 Schol.

159 1240 260 1272 Harl.
277 1243 308 1272 3.
325 1243 357 1271 6.
372 1246 409 1273 et
426 1241 507 1272 Vet.
525 1241 644 1272 Comi».
683 1240 722 1271 Si
738 1239 835 1270 Harl.
852 1241 883 1271 2.
898 1242 930 1270 4.
955 1239 1076 1279 optimi
1099 1239 1200 1270 codd.
1219 1238 1375 1278 Cruquii,
1400 1242 1436 1269 et
1460 1237 1538 1268 edd.
1564 1245 1618 1267 re-

159 1285 378 1315 centt.—25l
406 1283 490 1315 Exc.
507 1283 588 1315 Sax.
616 1283 684 1314 Nec
699 1282 862 1322 quicquam
887 1280 1011 1321 differt.
1034 1282 1043 1298 ‘
1058 1282 1226 1320 Vulgatus
1252 1279 1441 1311 infinitivus
1468 1278 1618 1310 refertur

158 1325 201 1356 ad
218 1330 331 1358 antec.
346 1326 429 1357 ratio
444 1326 679 1358 enimn-255
703 1324 801 1356 Gott.
818 1323 916 1355 Harl.
929 1326 958 1354 2.
971 1326 1003 1355 3.
1018 1325 1050 1354 4.
1065 1326 1097 1354 6.
1111 1324 1230 1357 Zarot.
1244 1323 1324 1354 Vet.
1337 1321 1456 1354 Comb.
1471 1321 1615 1352 cubitale.

815 1417 956 1450 NOTAE

154 1484 286 1524 barum,
300 1487 548 1523 castanearum,
564 1491 789 1519 nummorum,
804 1481 857 1513 di-

155 1533 336 1565 vinandum
361 1533 419 1564 alii
441 1533 516 1564 aliis
539 1536 745 1574 proponunt,
767 1531 856 1563 sitne

154 1593 216 1625 par
230 1592 402 1624 numerus,
424 1592 467 1615 an
493 1583 616 1623 impar.
657 1582 714 1613 Sic
741 1585 855 1613 tamen

155 1633 219 1664 viri
252 1634 434 1666 lusitaruut
467 1632 653 1672 interdum,
689 1632 790 1662 immo
820 1635 856 1663 et

155 1683 344 1724 Angustus.
386 1683 527 1715 Sueton.
551 1682 676 1714 Octav.
699 1690 775 1722 cap.
801 1683 856 1713 71.

155 1738 164 1751 ·
179 1733 275 1765 Aleoe
293 1741 461 1764 rumorem
474 1732 567 1763 nullo
580 1731 679 1762 modo
697 1731 858 1771 expavit:

153 1783 304 1824 lusitque
318 1782 519 1823 simpliciter
531 1787 566 1814 et
581 1782 691 1823 palam
706 1781 856 1813 oblecta·

153 1833 260 1865 menti
272 1842 374 1864 causa
389 1832 494 1864 etiam
508 1831 636 1863 senex?
661 1832 706 1863 Et
719 1837 858 1873 postea:

153 1885 164 1902 ‘
179 1883 308 1916 Scribit
333 1882 375 1914 ad
404 1882 532 1913 filiam:
563 1881 644 1913 Misi
668 1882 728 1913 tibi
752 1882 857 1912 dena-

154 1933 222 1964 rios
237 1932 405 1964 ducentos
418 1932 678 1974 quinquaginta,
690 1940 773 1972 quos
788 1931 856 1962 sin-

156 1983 244 2023 gulis
272 1982 423 2013 convivis
460 1981 636 2021 dederam,
669 1982 696 2014 si
727 1982 856 2015 vellent

155 2031 245 2063 inter
266 2040 316 2067 se,
338 2031 429 2062 inter
451 2040 595 2068 coenam,
618 2032 671 2062 vel
695 2031 773 2062 talis
799 2032 853 2063 vel

157 2090 220 2122 par
233 2081 342 2122 impar
365 2079 506 2112 ludere!
550 2081 607 2112 De
620 2080 672 2111 his
688 2080 759 2112 Jul.
774 2080 856 2111 Pol-

154 2133 214 2163 lux
230 2140 284 2164 xx.
297 2134 328 2165 7.
340 2130 442 2163 Ovid.
460 2130 502 2162 de
518 2130 617 2162 Nuce
632 2140 680 2162 vs.
696 2132 750 2161 80.
772 2130 856 2162 ‘Est

154 2182 271 2222 etiam,
288 2190 349 2223 par
365 2181 410 2213 sit
426 2190 600 2219 numerus,
620 2180 675 2222 qui
693 2180 796 2220 dicat,
813 2190 855 2212 au

154 2233 284 2273 impar-5
314 2231 364 2264 Ut
393 2230 560 2262 divinatas
585 2230 720 2262 auferat
746 2240 856 2272 augur

152 2280 261 2323 opes.'

195 2331 350 2372 Equitare
363 2331 398 2362 in
411 2329 564 2362 arundine
578 2328 686 2370 longa]
708 2330 765 2361 lta
776 2339 852 2362 cum

150 2381 264 2414 filiolis
293 2380 412 2415 lusisse
439 2384 601 2411 narratur
630 2381 765 2421 sapiens
795 2380 853 2412 ille

150 2432 330 2474 Socrates,
352 2437 420 2462 nec·
439 2430 737 2471 supervenientem
761 2429 851 2461 Alci-

151 2481 283 2514 biadem
298 2480 490 2514 erubuisse.

194 2533 259 2563 ⁶2⁴9
279 2529 319 2563 Si
345 2539 434 2570 quem
458 2531 588 2562 delectet
611 2530 787 2572 barbatum]
808 2530 850 2562 Id

153 2585 219 2620 ejt,
235 2580 264 2612 si
285 2580 360 2620 quis
383 2579 543 2612 barbatus
566 2585 601 2612 et
624 2590 729 2613 senex
753 2580 850 2612 ludos

151 2630 236 2662 isto·
249 2629 428 2670 pueriliter
452 2634 680 2671 consectetur,
704 2640 744 2662 ac
758 2634 850 2662 torus

151 2680 194 2712 iis
225 2678 410 2711 incumbat.
453 2678 557 2720 Nam,
589 2685 626 2712 ut
662 2681 748 2721 dixi,
779 2685 850 2712 tum

151 2729 256 2772 paulo
272 2731 352 2760 aute
364 2731 435 2759 tum
445 2727 540 2769 alibi,
549 2730 719 2770 nugariae
732 2730 852 2762 ludere

151 2779 214 2810 viri
229 2786 349 2819 graves
365 2776 544 2818 aliqnando
560 2778 623 2809 visi
639 2784 727 2811 suut.
762 2780 851 2812 Vide

151 2828 228 2863 Sat.
243 2836 269 2860 1.
284 2826 384 2867 hujus
399 2825 458 2857 lib.

953 1484 1018 1514 254
1041 1482 1190 1514 Mutatus
1215 1480 1377 1523 Polemon]
1416 1481 1452 1512 Is
1482 1480 1615 1512 adoles-

910 1540 991 1564 cens
1002 1531 1219 1563 Atheniensis
1232 1531 1366 1562 luxuria
1379 1529 1547 1571 perditus,
1559 1530 1615 1561 die

910 1581 1056 1623 quadam
1100 1581 1214 1613 ebrius
1251 1585 1288 1612 et
1329 1579 1615 1612 comessabundns

910 1631 1060 1662 scholam
1090 1630 1298 1661 Xenocratis
1326 1630 1496 1670 ingressus
1525 1632 1580 1659 est
1603 1637 1614 1659 ι

909 1681 998 1712 hunc
1023 1690 1104 1712 vero
1134 1690 1211 1712 cum
1234 1680 1276 1711 de
1300 1678 1540 1720 temperantia,
1561 1687 1614 1709 so-

911 1731 1070 1771 brietate,
1086 1730 1253 1771 pudicitia
1267 1729 1488 1761 vehementer
1498 1729 1614 1770 dispu-

909 1785 1041 1813 tantem
1056 1779 1222 1820 audisset,
1248 1779 1334 1811 adeo
1353 1783 1542 1810 commotus
1559 1782 1614 1810 est

908 1831 983 1871 ejus
998 1831 1167 1869 oratione,
1191 1834 1228 1860 ut
1250 1829 1457 1860 luxuriosum
1482 1837 1613 1860 morem

908 1880 1084 1921 extemplo
1111 1879 1267 1920 ejurarit·
1311 1878 1404 1912 Quin
1432 1883 1469 1910 et
1497 1877 1611 1910 factus

909 1929 1110 1961 Xenocratis
1127 1928 1313 1969 discipulus
1339 1932 1416 1969 post
1429 1928 1539 1968 ipum
1555 1927 1614 1959 do-

907 1979 980 2011 cuit
994 1988 1118 2020 magna
1133 1988 1206 2010 cum
1219 1978 1332 2010 laude.
1376 1977 1479 2018 Diog.
1495 1977 1611 2010 Lae'rt.

907 2030 930 2061 l.
947 2038 1000 2061 ιν.
1015 2029 1091 2060 Val.
1107 2028 1203 2059 Max.
1221 2036 1273 2061 vr.
1288 2036 1364 2068 cap.
1382 2027 1445 2059 ult.
1475 2027 1611 2066 Suidas,

907 2081 973 2110 ὅτε.
1017 2078 1176 2110 Meminit
1198 2082 1234 2109 et
1254 2078 1288 2110 S.
1309 2077 1470 2110 Ambros.
1486 2077 1546 2109 lib.
1565 2077 1609 2109 de

908 2128 995 2167 Elia,
1009 2137 1085 2169 cap.
1101 2130 1155 2159 12.

949 2181 1010 2210 255
1036 2177 1212 2218 Fasciolus]
1251 2177 1493 2219 integumenta
1517 2179 1610 2220 pari·

905 2233 959 2260 ter
987 2233 1023 2260 et
1051 2232 1262 2268 ornamenta,
1290 2228 1410 2269 quibus
1441 2228 1543 2260 tibias
1572 2233 1609 2261 et

906 2289 1006 2311 crura
1022 2280 1250 2321 praeligabant
1262 2289 1302 2312 ac
1311 2280 1507 2312 vinciebant
1521 2290 1609 2321 prae-

905 2329 1022 2361 sertim
1060 2331 1201 2361 molles:
1240 2329 1356 2361 Graeci
1387 2329 1608 2370 periscelidas

905 2384 1029 2411 vocant
1041 2392 1049 2419 3
1063 2380 1177 2412 Latini
1187 2379 1349 2419 subligar,
1358 2379 1498 2419 caligas,
1510 2379 1608 2410 brac·

905 2440 974 2470 cas,
997 2429 1193 2462 feminalia:
1219 2430 1309 2462 Gall.
1336 2429 1390 2461 bas
1414 2432 1444 2460 et
1464 2428 1540 2460 haue
1570 2430 1608 2461 de

903 2480 1058 2512 chausses.
1104 2480 1179 2512 Cic.
1216 2479 1259 2510 de
1296 2478 1423 2518 Arusp.
1455 2478 1606 2519 Respon.

905 2530 915 2548 ⁴
929 2529 970 2561 P.
999 2528 1139 2560 Clodius
1162 2538 1182 2559 a
1204 2528 1317 2566 mitra,
1340 2537 1360 2558 a
1382 2527 1607 2560 muliebribus

905 2578 1019 2615 soleis,
1045 2588 1065 2609 a
1088 2577 1269 2618 purpureis
1291 2575 1448 2617 fasciolis,
1473 2586 1493 2608 a
1518 2581 1606 2609 stro·

905 2628 986 2669 phio
1004 2650 1012 2659 .
1030 2650 1039 2660 .
1057 2650 1065 2660 .
1084 2648 1094 2659 .
1111 2631 1164 2658 est
1179 2626 1290 2658 factus
1307 2632 1451 2666 repente
1463 2628 1604 2669 popula-

905 2677 975 2709 ris!
1018 2676 1163 2710 Quintil.
1192 2685 1244 2707 xr.
1265 2679 1297 2707 3.
1321 2675 1466 2708 ‘fascias
1481 2676 1603 2719 quibus

903 2736 1003 2760 crura
1018 2725 1237 2758 vestiuntur!

950 2776 1092 2817 Cubital]
1115 2776 1299 2808 Pulvillum
1309 2776 1474 2808 coenautis
1485 2776 1582 2809 cubit

904 2826 1165 2870 supponendum
1190 2825 1295 2868 aliqui
1332 2827 1604 2869 interpretantur
