1890 3256
329 278 413 320 978

332 380 463 422 Mane
483 381 654 422 domum
676 381 866 422 veniant.

330 445 475 487 Verba
495 447 600 487 facit
618 447 729 493 leno,
752 443 975 496 Quicquid
995 443 1112 492 mihi,
1133 440 1338 497 quicquid
1360 450 1404 485 et
1421 444 1572 485 horum

795 291 840 327 Q.
872 287 1077 318 HORATH
1113 286 1284 316 FLAGC!

926 377 1045 428 Quid
1066 379 1189 418 tum?
1247 378 1415 420 Venere
1434 379 1701 432 frequentes:

1659 444 1742 485 231

330 512 499 564 Cuique
521 511 635 551 domi
653 514 734 557 est,
753 508 799 549 id
818 509 946 549 crede
967 511 1110 549 tuum:
1135 512 1177 549 et
1195 510 1264 550 vel
1278 522 1391 550 nunc
1412 514 1524 563 pete,
1544 510 1612 550 vel
1631 522 1742 550 cras.

330 578 497 631 Accipe
515 575 619 628 quid
639 577 787 614 contra
804 573 980 628 juvenis
1001 574 1269 628 responderit
1289 588 1463 629 aequus:

327 644 397 684 Tu
417 644 516 682 nive
538 641 718 681 Lucana
737 639 899 680 dormis
920 643 1138 690 ocreatus,
1161 643 1206 681 ut
1226 653 1380 694 aprum

330 708 509 749 Coenem
527 719 631 758 eg03
662 709 708 747 tu
729 706 876 759 pisces
896 706 1089 760 hyberno
1109 719 1164 747 ex
1185 719 1360 760 aequore
1382 707 1536 758 vellis;

1659 706 1744 747 235

328 861 436 889 magno
448 861 570 882 numero
583 852 764 892 confluxere.
807 852 889 884 Leno
900 853 1089 894 proloquitur
1098 864 1108 884 .·
1134 854 1286 894 Quicquid
1299 853 1403 890 habeo,
1414 853 1557 894 quicquid
1570 852 1662 884 etiam
1675 851 1744 882 illo-

327 902 394 923 rum
407 893 523 931 singuli
536 895 618 924 domi
630 894 752 933 habent,
763 898 850 925 tuum
865 896 941 926 illud
954 899 1032 934 puta
1041 906 1051 926 .-
1073 905 1108 926 uc
1117 905 1175 926 seu
1189 906 1271 933 mox,
1284 905 1336 926 seu
1351 905 1418 926 crus
1429 905 1527 934 posce.
1570 894 1654 925 Audi
1668 892 1742 933 quid

326 934 366 964 od
379 934 443 964 lioec
457 935 625 974 reposuerit
641 935 734 966 bonne
746 937 918 967 adolescens
928 947 938 966 .·
961 936 1000 967 In
1015 937 1134 968 nivibus
1147 937 1292 968 Lucania
1311 939 1470 977 per-noctus
1491 945 1594 967 ocreas
1607 935 1745 972 indutus,

327 978 359 1006 ut
373 985 480 1015 aprum
493 986 548 1015 ego
562 978 730 1008 comedam:
753 981 786 1008 tu
807 978 907 1017 pisces
927 978 1032 1018 hyeme
1052 978 1087 1009 in
1113 978 1191 1009 mari
1212 978 1326 1018 quoeris
1347 979 1433 1009 milii.
1476 978 1544 1017 Ego
1564 980 1646 1008 certe
1659 977 1744 1008 deses

923 1081 1158 1094 eeeeeeeeeeee

328 1153 524 1192 conjectura
540 1163 601 1189 sua
616 1154 775 1193 reposuit,
791 1155 854 1191 Qui
867 1166 934 1186 cum
948 1165 1076 1188 venere.-
1091 1166 1201 1198 neque
1217 1157 1304 1187 enim
1321 1155 1487 1187 intellexit
1504 1155 1588 1191 Quid
1602 1157 1666 1186 tum
1681 1154 1744 1185 Co-

327 1196 446 1226 micam
462 1204 535 1226 esse
550 1195 752 1231 Mtvdssww!
775 1198 979 1229 Bam—233
1003 1197 1099 1230 Harl.
1113 1201 1145 1229 2.
1160 1201 1190 1229 3.
1205 1200 1239 1230 4.
1250 1201 1282 1229 6.
1295 1201 1401 1229 contra
1415 1198 1597 1228 liam—234
1617 1196 1628 1213 ⁴
1642 1195 1746 1226 Bent-

326 1237 411 1267 leins
427 1246 488 1276 pro
504 1237 542 1267 [n
556 1239 668 1278 posuit
684 1238 742 1276 Tu,
763 1247 871 1279 neque
893 1239 954 1270 hoc
967 1238 1124 1275 absurde,
1147 1239 1209 1271 nisi
1225 1239 1314 1279 quod
1335 1239 1424 1270 desit
1446 1238 1639 1269 auctoritas.
1674 1236 1747 1275 Ego

328 1278 411 1308 nihil
433 1279 573 1310 moveo.’
595 1280 696 1311 Boxt.
735 1281 848 1311 ‘duras
871 1280 1048 1320 legendum
1073 1280 1176 1321 puto!
1200 1280 1318 1312 Morkl.
1333 1282 1372 1311 ad
1386 1280 1471 1311 Stat.
1483 1279 1570 1320 Sylv.
1585 1287 1619 1310 v.
1632 1280 1662 1310 1.
1674 1279 1746 1308 123.

327 1322 431 1350 -235
455 1321 463 1337 ‘
479 1320 614 1360 Duplex
622 1321 692 1360 jam
708 1321 786 1352 olim
809 1322 862 1353 hic
887 1321 1061 1353 ferebatur
1080 1323 1260 1362 scriptura,
1280 1323 1474 1353 scholiastae
1490 1330 1620 1361 quoque
1636 1319 1748 1350 obser·

329 1365 417 1399 vata,
431 1361 531 1392 verris
551 1366 587 1392 et
603 1362 698 1392 vellis.
742 1363 787 1393 Et
801 1363 886 1394 vellis
899 1363 1034 1403 quidem
1046 1363 1209 1395 editiones
1226 1364 1343 1403 princae
1361 1363 1534 1400 exhibent,
1556 1371 1596 1392 ac
1612 1359 1749 1392 dimidia

328 1401 400 1432 fere
416 1411 493 1441 pars
510 1402 663 1433 codicum
677 1413 686 1434 ι
703 1404 807 1434 ceteri
830 1404 872 1435 ab
892 1405 999 1435 altera
1019 1404 1164 1436 lectione
1180 1409 1280 1435 stant.
1324 1404 1358 1435 Si
1373 1404 1462 1434 vellis
1475 1403 1528 1434 liic
1543 1402 1747 1439 admittitur,

330 1449 399 1473 tum
416 1443 455 1473 ad
472 1443 665 1474 arundinem
681 1445 891 1484 piscatoriam
907 1450 942 1475 et
956 1445 1088 1476 hamum
1102 1456 1112 1484 ;
1135 1446 1184 1476 sin
1196 1446 1305 1483 verris,
1320 1451 1389 1476 tum
1405 1445 1446 1476 ad
1472 1449 1545 1475 rete
1567 1447 1602 1474 et
1623 1442 1748 1474 everri-

329 1485 439 1514 culum
457 1483 572 1515 referri
587 1484 703 1516 debet.
746 1484 859 1526 Atque
885 1486 947 1517 hoc
970 1486 1095 1526 placet.
1139 1486 1308 1518 Ausonius
1328 1487 1486 1524 Mosella,
1501 1495 1549 1516 vs-
1563 1487 1638 1516 244.
1659 1487 1668 1502 ‘
1681 1483 1747 1514 Hic

330 1525 438 1555 medio
455 1526 572 1564 procul
595 1535 690 1556 amne
709 1527 838 1557 trahens
861 1527 1032 1558 humentia
1048 1528 1128 1566 lina,
1144 1528 1286 1559 Nodosis
1299 1527 1442 1567 decepta
1463 1526 1571 1568 plagis
1593 1525 1748 1557 examina

329 1565 456 1596 verrit?
501 1567 546 1597 Et
559 1569 634 1598 281.
653 1568 662 1584 ‘
675 1566 739 1598 Ille
754 1567 858 1598 hamis
874 1572 910 1598 et
925 1573 997 1599 rete
1014 1573 1145 1608 potens,
1167 1574 1335 1600 scrutator
1357 1569 1469 1609 operti
1483 1569 1625 1605 Nereos,
1640 1575 1750 1606 aeqno-

331 1616 422 1638 ream
437 1607 554 1638 solitus
576 1617 776 1640 converrere
799 1608 971 1649 Tethyn-'¹
992 1609 1098 1641 Benu.
1142 1610 1234 1642 Han.
1250 1613 1279 1642 1.
1300 1611 1408 1642 vervis.
1438 1610 1524 1641 Tres
1546 1608 1644 1640 codd.
1664 1607 1749 1638 Tor-

973 1702 1111 1736 NOTAE

330 1778 399 1805 tum
428 1775 544 1806 volunt
568 1775 670 1815 aliqui
693 1785 769 1807 cum
795 1776 949 1808 Varrone
971 1777 1015 1808 de

331 1823 426 1863 Ling.
443 1823 519 1854 Lat.
534 1823 592 1854 lib.
609 1832 658 1855 ιν.
675 1824 843 1856 Palustris
856 1830 891 1856 et
910 1835 1013 1866 aquo-

329 1881 384 1902 sus
400 1871 526 1911 pridem
543 1872 634 1902 locus
649 1877 738 1910 erat,
763 1882 822 1912 pei·
838 1882 936 1913 quem
951 1873 1014 1904 eti·

330 1930 382 1951 am
397 1919 529 1951 Tiberis
545 1918 687 1950 defluxit
702 1919 809 1951 donec
824 1921 866 1951 ab
882 1919 1013 1960 Augus-

331 1974 367 2000 to
392 1970 426 2000 in
449 1969 579 1999 alveum
603 1973 653 1998 est
669 1973 830 1999 coactus:
854 1968 1012 2008 quemad-

330 2018 462 2048 modum
478 2016 610 2048 dicetur
624 2017 658 2048 in
681 2016 767 2048 Arte
789 2017 887 2048 Ροὸῐ.
902 2027 947 2048 vs.
960 2020 1014 2048 67.

329 2068 407 2100 hinc
421 2073 456 2099 et
478 2068 585 2099 Tibul.
599 2077 641 2099 11.
657 2071 689 2098 5.
712 2068 721 2085 ‘
734 2066 782 2098 At
796 2077 860 2108 qua
876 2068 1012 2098 Velabri

331 2117 422 2158 regio
439 2121 548 2157 patet,
572 2117 620 2147 ire
636 2116 764 2147 solebat
779 2116 925 2157 Exiguus
942 2117 1014 2156 pul-

330 2175 366 2196 sa
393 2175 452 2206 per
478 2165 559 2196 vada
587 2165 688 2196 linter
722 2164 832 2205 aqna.’
882 2165 1015 2197 Exinde

1067 1781 1144 1809 tus:
1166 1779 1218 1809 vel
1236 1789 1256 1809 a
1278 1778 1419 1819 quodam
1441 1777 1587 1808 Macello
1608 1775 1751 1814 nomine,

1067 1826 1162 1864 cnjus
1191 1827 1306 1858 domus
1332 1827 1409 1857 olim
1433 1826 1478 1857 ibi
1499 1825 1613 1856 diruta
1633 1823 1748 1856 fuerit.

1066 1873 1134 1905 Alii
1150 1874 1256 1906 aliter.

1106 1925 1167 1954 231
1191 1923 1291 1963 Leno]
1316 1922 1395 1962 Hic,
1411 1922 1463 1953 vel
1478 1932 1497 1953 a
1510 1921 1678 1962 leniendo,
1693 1920 1748 1952 vel

1065 1971 1108 2002 ab
1129 1971 1304 2002 alliciendo
1320 1971 1442 2010 dictus,
1463 1970 1748 2002 accommodatum

1065 2022 1164 2060 plane
1192 2030 1252 2052 suo
1279 2021 1403 2051 nomini
1433 2029 1619 2052 sermonem
1647 2019 1750 2050 liabet

1066 2069 1107 2100 ad
1118 2070 1278 2109 juvenem
1293 2069 1479 2110 prodigum.

1107 2122 1169 2151 233
1192 2120 1326 2160 AEquus]
1352 2120 1498 2152 Ironice.
1522 2120 1750 2151 Nomentanus

1065 2169 1196 2200 scilicet
1211 2179 1291 2209 erga
1305 2178 1448 2211 nequam
1463 2169 1536 2200 illos
1551 2169 1697 2200 homines
1713 2173 1750 2200 st

330 2216 422 2246 'vicus
439 2213 503 2246 suit
517 2214 631 2246 Romae
648 2214 808 2253 eelebris3
823 2224 866 2246 ex
881 2214 1015 2256 quibus·
1060 2217 1231 2258 jucundos
1255 2217 1428 2249 libidinum
1449 2217 1614 2249 ministros
1633 2216 1747 2256 benig-

331 2263 423 2301 dam,
447 2263 480 2294 in
495 2262 567 2294 foro
585 2262 712 2301 boario,
734 2272 776 2293 ex
793 2263 876 2302 aliis,
892 2263 924 2294 in
940 2263 1014 2294 foro

333 2313 487 2353 olitorio;
509 2314 588 2345 hod.
609 2313 643 2346 S.
663 2314 795 2352 Giorgio
823 2314 856 2344 in
873 2314 1015 2347 Velabro.

332 2358 464 2395 Nomen
487 2364 544 2395 alii
566 2364 736 2395 deducunt
752 2374 794 2394 ex
809 2373 849 2394 eo
865 2364 952 2405 quod
969 2365 1016 2395 lo-

333 2423 391 2445 cus
415 2417 488 2444 erat
516 2413 674 2444 obtentus
700 2413 793 2452 velis,
815 2413 874 2443 snb
898 2413 1016 2453 quibus

332 2463 567 2494 vendebantur
582 2463 704 2501 oleum,
715 2462 816 2500 casei,
831 2466 866 2493 et
882 2463 1015 2493 similia.

332 2512 448 2544 Plaut.
465 2512 596 2553 captiv.
609 2511 618 2529 ‘
633 2511 728 2552 quasi
743 2511 774 2541 in
785 2510 933 2542 Velabro
948 2511 1017 2542 ole-

334 2562 421 2593 arii.'
463 2561 613 2592 Martial.
628 2569 710 2592 xm.
726 2563 778 2591 32.
794 2569 928 2591 caseum
949 2560 1017 2591 Ve-

333 2609 521 2641 labrensem
537 2609 760 2641 commendat.

374 2658 553 2698 Macellum]
590 2659 697 2690 Locus
713 2658 856 2690 obsoniis
871 2658 1015 2690 venden-

333 2706 383 2737 dis
414 2707 527 2738 Romae
555 2707 761 2739 destinatus:
786 2717 807 2738 a
827 2707 1013 2739 mactandis

334 2755 509 2796 pecoribus
533 2766 572 2786 ac
599 2755 839 2788 venumdandis
864 2757 1012 2797 appelia-

1066 2277 1127 2298 nus
1140 2276 1178 2298 ac
1194 2267 1354 2298 liberalis.

1108 2318 1171 2347 234
1196 2315 1240 2346 Tu
1257 2315 1327 2346 nive
1341 2314 1478 2352 Lucam,
1495 2313 1561 2353 ξω]
1584 2314 1747 2348 Quantas,

1068 2364 1184 2406 inquit,
1208 2373 1269 2404 pro
1284 2372 1337 2394 me
1353 2362 1419 2394 fers
1434 2371 1611 2399 aerumuas,
1626 2371 1749 2393 venan-

1065 2413 1109 2445 do
1135 2414 1168 2444 in
1191 2411 1351 2444 Lucaniae
1377 2410 1541 2442 montibus
1571 2419 1610 2441 ac
1633 2410 1749 2451 sylvis,

1068 2463 1120 2494 vel
1149 2463 1226 2494 dum
1248 2461 1378 2492 nivibus
1404 2461 1588 2501 rigescunt,
1613 2464 1650 2490 ut
1666 2459 1747 2490 mihi

1069 2520 1165 2552 apros
1179 2509 1318 2542 afferas!
1343 2510 1384 2542 de
1401 2510 1560 2549 Lucania,
1583 2509 1618 2540 in
1639 2509 1747 2550 Epou.

1067 2570 1093 2592 1.
1108 2559 1168 2591 sub
1179 2559 1289 2591 finem.

1109 2611 1170 2640 235
1199 2608 1293 2639 Vellis
1321 2607 1450 2648 [verris]
1471 2607 1563 2640 Hinc
1586 2607 1667 2640 retis
1689 2617 1745 2648 ge-

1066 2667 1127 2690 nus
1156 2657 1371 2699 piscatorium
1400 2662 1564 2690 vocarunt
1598 2657 1746 2689 ‘everi-i„

1066 2706 1199 2740 culum!
1228 2708 1317 2740 Non.
1333 2707 1477 2740 Marcel.
