1956 3236
595 292 871 324 sannionum
908 292 999 322 ma.
1030 291 1062 323 1.
1091 281 1133 322 3.
1502 281 1588 322 815

138 391 238 434 Nec
258 395 416 431 natura
434 391 584 442 potest
597 387 720 441 justo
741 398 965 428 secernere
986 385 1201 438 iniquum,

139 457 314 500 Dividit
331 460 377 498 ut
395 457 514 497 bona
532 454 733 502 diversis,
754 452 963 506 fugienda
981 451 1198 506 petendis.

140 524 184 566 N
187 537 238 565 ec
257 523 402 564 vincet
419 520 531 562 ratio
549 520 651 569 hoc,
672 519 922 561 tantundem
942 523 988 561 ut
1007 523 1168 572 peccet
1187 517 1390 572 idemque

139 589 229 640 Qui
250 593 423 631 teneros
443 586 596 628 caules
617 586 751 627 alieni
767 586 944 639 fregerit
961 586 1092 635 horti,

138 656 198 699 Et
217 655 292 709 qui
311 661 548 696 nocturnus
568 653 733 694 Divum
754 666 882 695 sacra
901 654 1065 706 legerit,
1126 651 1260 693 Adsit

140 721 332 776 Regula,
353 721 550 774 peccatis
571 733 674 773 quae
695 733 853 774 poenas
874 720 1030 772 irroget
1050 733 1206 773 aequas
1223 732 1234 760 ε

139 788 214 831 Ne
233 787 403 829 scutica
421 786 601 839 dignum
621 787 819 828 horribili
841 791 1013 828 sectere
1032 786 1220 838 flagello.

141 853 272 904 Nam,
290 857 338 894 ut
355 852 494 895 ferula
513 853 664 895 caedas
686 853 886 895 meritum
905 852 1078 907 majora
1095 852 1242 893 subire

1502 518 1587 558 115

1503 853 1588 896 120

136 986 168 1015 et
197 984 323 1015 annales
349 984 566 1025 perscruteris.
623 984 734 1025 Neque
768 982 849 1015 valet
871 986 984 1014 natura
1014 983 1208 1022 distinguere
1239 993 1360 1024 oequum
1392 982 1430 1015 ab
1463 982 1590 1022 injusto,

135 1025 218 1057 nicae
239 1027 391 1058 ‹zise-emit
406 1027 517 1058 bonum
537 1037 558 1059 a
583 1028 676 1064 mlo,
705 1029 735 1057 et
756 1036 807 1057 res
827 1026 991 1056 evitandas
1018 1026 1057 1056 ab
1087 1027 1281 1066 exoptandis.
1328 1026 1398 1057 Nec
1416 1027 1498 1057 ratio
1518 1034 1591 1065 pro-

137 1068 224 1099 babit
250 1068 347 1104 istud,
373 1070 454 1109 quod
481 1072 547 1100 tam
565 1069 708 1108 graviter
723 1069 881 1108 delinquat
906 1069 934 1099 is
954 1067 1007 1107 qui
1028 1069 1164 1098 novellas
1187 1068 1339 1099 brassicas
1360 1068 1528 1108 disruperit
1555 1067 1591 1097 in

137 1110 268 1141 alter-iu·
282 1110 414 1152 hortulo,
429 1121 519 1152 quam
537 1112 590 1142 ille
613 1111 667 1152 qui
684 1113 776 1142 noctu
790 1110 930 1151 rapuerit
946 1110 1087 1141 Deorum
1101 1120 1202 1141 sacra.
1248 1111 1417 1142 Statuatur
1430 1111 1482 1141 lex
1501 1118 1592 1150 pares

137 1152 261 1184 delictis
285 1163 392 1193 poenas
415 1154 597 1185 decernens:
619 1163 714 1193 neque
729 1153 879 1192 gravibus
890 1152 1012 1193 flagris
1029 1153 1130 1184 caedas
1152 1162 1221 1183 eum
1243 1154 1297 1193 qni
1321 1154 1418 1183 lorum
1436 1153 1591 1183 duntaxat

137 1193 268 1226 meritus
281 1199 340 1228 eet.
385 1196 513 1227 Etenim
527 1197 609 1226 haud
623 1199 724 1227 metuo
738 1205 777 1226 ne
791 1195 899 1234 ferula
912 1198 1035 1226 tontum
1055 1196 1175 1235 plectas
1198 1195 1340 1235 graviori
1353 1195 1482 1234 dignum
1496 1193 1591 1226 casti-

747 1289 989 1302 eeaeemaeee

139 1361 258 1384 cunnus
271 1353 440 1390 deterrima
454 1354 525 1386 belli
534 1365 546 1391 ‚·
561 1354 621 1386 sed
635 1364 750 1386 omues
765 1354 868 1387 codd.
881 1360 916 1386 et
932 1355 1011 1387 edd.
1027 1355 1167 1395 reliqum
1183 1354 1464 1385 teterrima—116
1479 1354 1489 1371 ‘
1499 1352 1592 1384 Acu-

140 1394 288 1426 tissimus
312 1395 472 1426 Heinsius
487 1405 531 1427 ex
543 1398 758 1436 conjectura:
786 1397 851 1432 Qui
865 1397 928 1434 ²·s·
943 1407 973 1428 a.
990 1396 1156 1435 infregerit
1174 1396 1269 1427 horti.
1314 1396 1434 1433 Recte,
1448 1395 1568 1435 opinor
1582 1405 1591 1426 :

140 1435 228 1476 qnod
245 1439 282 1467 et
296 1436 369 1477 ipse
382 1442 461 1468 ante
479 1438 583 1468 visum
599 1438 673 1478 ejus
694 1437 845 1469 codicem
869 1438 913 1469 de
931 1448 1008 1469 meo
1023 1438 1266 1477 excogitat-am.
1309 1436 1452 1476 Syllaba
1476 1437 1510 1466 in
1535 1437 1595 1467 ab-

139 1482 257 1518 sorpta
271 1483 326 1509 est
351 1479 395 1510 ab
421 1479 539 1510 ultima
562 1480 651 1510 vocis
680 1479 923 1519 praecedentis.
968 1479 1112 1511 Ovidius
1128 1479 1215 1510 Met.
1232 1487 1267 1510 x.
1283 1480 1356 1508 190.
1378 1479 1387 1496 ‘
1403 1478 1449 1509 Ut
1473 1477 1500 1508 si
1518 1478 1592 1518 quis

138 1519 258 1559 violas,
273 1519 411 1558 riguove
426 1529 576 1561 papaver
599 1521 634 1552 in
660 1520 771 1561 horto,
794 1521 947 1563 Liliaque
962 1521 1134 1560 infringat,
1158 1519 1260 1551 fulvis
1284 1520 1448 1551 baerentia
1464 1519 1592 1559 virgis.’

139 1561 263 1592 Cicero
279 1570 340 1602 pro
357 1563 518 1594 Cornelio
545 1563 655 1594 Balbo
678 1572 709 1594 c·
723 1566 755 1595 6.
778 1563 864 1595 ‘Est
880 1564 969 1594 enim
992 1563 1091 1604 hujus
1115 1563 1230 1594 saeculi
1256 1562 1351 1593 labes
1376 1561 1531 1603 quaedam
1556 1565 1592 1592 et

138 1603 284 1639 macula,
299 1604 416 1635 virtuti
433 1604 600 1643 invidere,
616 1605 702 1636 velle
715 1606 824 1646 ipsum
839 1604 959 1637 florem
975 1605 1147 1645 dignitatis
1159 1603 1370 1643 infringere?
1416 1603 1464 1635 At
1480 1609 1490 1623 ‘
1503 1603 1594 1635 fran-

138 1654 220 1685 gere
235 1643 336 1677 flores
350 1645 359 1659 ’
382 1656 450 1678 nou
466 1647 603 1678 memini
622 1648 762 1687 legisse:
787 1647 890 1686 adde,
907 1647 995 1687 quod
1012 1657 1129 1678 versus
1150 1657 1192 1678 ex
1217 1647 1278 1678 hac
1294 1647 1506 1677 correctione
1518 1646 1592 1676 dul-

138 1687 210 1718 cior
222 1694 259 1718 et
274 1690 484 1720 numerosior
512 1689 663 1720 incedit!
687 1690 903 1721 Reum—117
931 1690 1029 1720 Harl.
1043 1692 1074 1720 2.
1090 1692 1120 1720 3.
1137 1692 1168 1720 4.
1184 1691 1215 1719 6.
1238 1697 1354 1718 omnes
1379 1688 1595 1726 Bersmanni,

138 1729 214 1769 plus
230 1729 347 1762 decem
363 1731 527 1769 Bentleii,
543 1731 661 1762 Zarot.
678 1731 822 1762 Mediol.
840 1734 933 1763 1477.
956 1732 1106 1762 Florent.
1119 1733 1214 1761 1482.
1231 1730 1372 1761 Venett.
1389 1732 1483 1760 1477.
1496 1731 1593 1760 1478.

139 1773 233 1803 1479.
252 1773 344 1803 1490.
369 1773 510 1804 Locher.
526 1774 642 1804 Bentl.
659 1778 694 1804 et
709 1773 816 1804 Kidd.
829 1783 919 1804 sacra
933 1773 1050 1804 divum.
1096 1773 1191 1803 Unus
1204 1771 1354 1802 Bentleii
1371 1778 1405 1802 et
1420 1770 1499 1802 edd.
1514 1776 1593 1811 post

137 1813 286 1846 Aldum:
312 1815 418 1846 divum
431 1825 534 1847 sacra.
580 1816 732 1856 Magdal.
750 1825 806 1856 ap.
822 1816 938 1847 Bentl.
953 1825 1043 1847 sacra
1062 1816 1152 1846 deum
1176 1818 1345 1845 nocturnus
1358 1814 1482 1853 legerit.
1527 1814 1592 1845 Cu-

792 1911 825 1942 N
831 1910 934 1942 0¹1*AE

182 1973 244 2002 ua
269 1972 338 2004 Nec
365 1977 480 2005 natura
503 1977 606 2014 potest
623 1972 713 2012 justo
737 1982 839 2004 secer·

139 2029 212 2052 nere
237 2022 390 2062 iniquum,
414 2023 484 2063 asa]
511 2023 724 2054 Naturaliter
749 2022 839 2054 enim

893 1982 969 2004 esse
981 1972 1148 2004 nefarium
1163 1982 1172 2004 ε
1189 1980 1252 2003 nec
1268 1971 1376 2002 minus
1395 1970 1592 2011 delinquere

893 2032 983 2063 eum,
1011 2022 1069 2064 qui
1099 2021 1222 2060 gallum
1254 2022 1490 2062 gallinaceum,
1517 2030 1592 2051 cum

141 2072 373 2110 cognoscimus
397 2074 479 2114 quid
505 2074 604 2104 nobis
631 2074 676 2104 sit
702 2074 837 2112 bonnm,

142 2119 238 2155 utile,
248 2120 458 2160 jucundum:
482 2123 564 2162 quid
580 2127 699 2153 contra
718 2123 840 2152 malum

140 2173 177 2200 et
194 2169 394 2201 adversum:
420 2175 456 2202 at
470 2179 537 2202 non
549 2171 597 2202 ita
607 2170 688 2212 quid
697 2170 842 2211 justum,

141 2218 221 2259 quid
248 2219 421 2260 injustum.
465 2220 578 2252 Testis
598 2219 783 2261 Apostolus
798 2221 841 2251 ad

142 2266 243 2298 Rom.
267 2268 376 2308 Epist.
393 2269 469 2309 cap'.
489 2278 521 2301 v.
545 2269 756 2300 ‘Peccatum
774 2279 839 2300 non

140 2317 387 2358 imputabatur,
411 2327 487 2350 eum
510 2320 565 2350 lex
587 2328 652 2350 non
669 2318 783 2351 esset?
807 2324 843 2351 et

141 2377 218 2409 cap.
233 2375 302 2399 vn.
317 2373 326 2386 ¹
339 2368 529 2401 Peccatum
543 2378 607 2400 non
621 2370 766 2411 cognovi
781 2370 844 2401 nisi

141 2426 203 2457 per
237 2418 361 2459 legem.
407 2419 496 2450 Nam
528 2420 841 2460 concupiscentiam

141 2467 349 2508 nesciebam,
379 2468 445 2499 nisi
481 2469 538 2500 lex
568 2469 723 2501 diceret:
762 2469 842 2501 Non

142 2517 387 2558 concupisces!

186 2568 248 2598 117
271 2566 371 2599 Sacra
381 2567 508 2609 legerit]
531 2567 752 2609 Sacrilegium
765 2578 842 2609 per-

144 2616 304 2656 petrarit.
466 2649 472 2655 ,

190 2666 252 2696 us
275 2665 389 2698 Penas
400 2667 519 2708 irroget
536 2669 655 2710 oeqw]
694 2669 841 2709 Magnas

145 2714 287 2754 magnis,
312 2716 458 2748 minores
484 2719 669 2750 minoribus
695 2718 840 2750 delictis.

147 2763 195 2795 At
218 2768 336 2795 contra
350 2765 472 2807 Stoici,
485 2769 574 2808 apud
590 2769 663 2800 Cic.
686 2779 748 2810 pro
763 2769 842 2799 Mu-

148 2822 254 2855 raena,
268 2823 301 2846 n.
315 2816 370 2846 91.
394 2815 404 2832 ‘
416 2815 528 2848 Omne
549 2818 710 2850 delictum
732 2818 841 2850 scelus

893 2081 976 2111 opus
1000 2080 1067 2103 non
1093 2070 1211 2107 fuerit,
1233 2081 1332 2112 quam
1356 2079 1432 2101 eum
1458 2070 1514 2110 qui
1535 2079 1594 2110 pa-

894 2125 981 2152 trem
997 2119 1240 2152 suffocaverit!
1284 2120 1391 2151 Istam
1403 2128 1483 2150 vero
1493 2119 1593 2151 disci-

895 2170 1020 2210 plinam
1035 2169 1258 2202 austeriorem
1281 2171 1463 2200 hauserant
1478 2179 1496 2201 e
1512 2169 1593 2210 legi-

894 2219 957 2250 bus
982 2220 1167 2259 Draconis,
1198 2216 1343 2250 cuilibet
1371 2224 1516 2260 peccato
1540 2220 1593 2250 vel

894 2268 1014 2299 leviori
1041 2277 1175 2309 poenam
1213 2269 1397 2299 statuentis
1428 2273 1592 2298 mortem:

895 2318 985 2349 unde
1015 2327 1081 2349 non
1113 2321 1303 2348 atramento
1340 2316 1400 2348 sed
1430 2317 1592 2357 sanguine

893 2369 1038 2408 scriptas
1067 2367 1182 2398 aiebat
1207 2367 1388 2399 Demades.
1434 2367 1490 2398 Ita
1513 2367 1593 2398 Plu·

893 2419 1002 2449 tarch.
1021 2418 1054 2448 in
1071 2417 1207 2449 Solone.

939 2470 1002 2499 119
1022 2466 1164 2506 Sentice]
1186 2465 1317 2506 Σκύτος,
1332 2465 1468 2501 οονὶιιηι,·
1490 2473 1508 2495 e
1525 2474 1592 2505 quo

892 2516 1065 2558 flagellum
1080 2517 1200 2548 levius.

938 2566 1252 2608 Hom-ibiliflagello]
1275 2564 1439 2596 Nimirum
1453 2573 1471 2594 e
1488 2564 1593 2604 virgis

892 2616 1109 2657 fascibusque
1132 2615 1401 2654 magistratuum,
1430 2613 1593 2654 ‘flagellis

894 2663 1184 2699 triumviralibus.'
1208 2663 1381 2694 iv.0d.4.
1405 2664 1506 2696 Quod
1521 2663 1593 2704 qui.

894 2717 971 2748 dem
990 2720 1026 2747 et
1044 2712 1258 2754 ignominiam
1282 2717 1318 2744 et
1348 2721 1480 2753 poenam
1502 2718 1592 2744 atro·

894 2768 1019 2800 ciorem
1041 2764 1210 2797 inurebat.
