1904 3256
614 299 801 332 EponnN
835 297 998 331 muna.

253 397 310 439 Et
326 397 401 439 illa
421 407 510 438 non
530 395 668 437 virilis
689 393 887 448 ejulatio,
1244 394 1258 403 '
1275 400 1293 415 ·

309 465 472 507 Preces
493 467 536 505 et
557 475 758 504 aversum
777 461 834 502 ad
853 459 882 502 J
886 471 1039 510 ovem3

249 531 400 573 Ionius
420 530 509 571 udo
531 542 632 571 cum
650 528 897 582 remugiens
916 527 1037 568 sinus

307 597 433 639 Noto
454 597 646 638 carinam
664 596 854 649 ruperit!

249 662 411 718 Opima
429 663 552 717 quod
572 664 611 704 si
628 662 782 717 praeda
801 674 935 704 curvo
955 661 1099 703 littore

305 731 516 772 Porrecta
539 743 713 784 mergos
736 730 934 784 juveris3

248 796 534 839 Libidinosus
554 797 851 839 immolabitur
870 807 1017 849 caper,

303 864 362 906 Et
385 877 499 918 agna
517 863 899 919 Tempestatibus.

1468 586 1524 627 20

73 975 165 1015 atque
182 971 312 1012 dulcitio
335 972 402 1003 tiro
423 972 568 1012 indigna,
589 975 620 1002 et
645 974 718 1002 vota
742 972 782 1002 ad
803 971 1082 1018 Jovemtsurdum;
1104 979 1173 1001 cum
1186 980 1380 1003 murmurans
1399 971 1524 1003 Ionium

73 1025 158 1047 mre
169 1015 310 1055 fregerit
333 1014 439 1046 navim
458 1014 578 1046 Austro
601 1012 751 1045 humido!
779 1055 786 1061 ι
797 1013 886 1048 Quod
899 1022 929 1062 ε]
943 1016 978 1043 tu
998 1022 1034 1061 ξπ
1052 1022 1144 1043 curvo
1157 1012 1277 1062 ‘littore‘
1294 1013 1395 1048 iacens
1414 1023 1524 1055 pascus

73 1067 210 1132 m,
230 1057 366 1098 opimum
386 1057 528 1098 spolium,
548 1067 568 1087 a
593 1065 640 1087 me
657 1056 801 1096 procellis
832 1054 1061 1096 sacrificabatur
1086 1056 1219 1086 lascwus
1242 1055 1359 1097 hart-us,
1375 1059 1405 1088 et
1428 1056 1523 1096 nigra

839 1148 917 1161 Μ

73 1213 178 1246 uirilis
203 1214 450 1254 wanheim—18
471 1213 571 1246 Idem
594 1213 703 1246 codex
725 1213 915 1251 Torrentii,
937 1218 968 1246 et
992 1215 1155 1247 adversum
1179 1215 1313 1252 Joveuu
1335 1214 1416 1247 edd.
1443 1218 1527 1247 vett.

74 1257 177 1288 etiam
202 1257 375 1288 udoermn.
419 1255 518 1287 Harl.
534 1259 565 1287 1.
586 1259 619 1288 2.
638 1259 670 1287 3.
686 1259 718 1288 4.
734 1259 767 1288 6.
791 1257 848 1288 alii
876 1257 977 1288 codd.
1003 1266 1080 1288 cnm
1104 1258 1257 1289 Florent.
1283 1259 1377 1289 1482.
1400 1256 1526 1290 Venet-

74 1300 170 1331 1486.
194 1298 337 1330 Locber.
353 1298 495 1329 Mediol.
514 1300 607 1330 1502.
631 1298 710 1330 Ald.
728 1300 768 1330 R.
783 1304 819 1330 et
834 1298 881 1331 H.
896 1299 1015 1340 Steph.
1030 1299 1146 1331 Bentl.
1161 1303 1196 1331 et
1212 1303 1357 1331 recentt.
1383 1308 1525 1331 aversum

71 1341 114 1372 aa
126 1341 337 1373 «lovena—19
358 1340 513 1373 Quatuor
535 1340 636 1371 codd.
660 1340 808 1372 Blandd.
823 1350 879 1380 ap.
896 1341 964 1372 Cru
989 1361 998 1370 ·
1013 1341 1115 1372 Harl.
1130 1345 1163 1373 3.
1184 1347 1330 1382 quatuor
1344 1341 1527 1381 'rou-rentii,

73 1382 153 1414 edd.
166 1382 309 1413 Venett.
327 1384 424 1412 1477.
442 1383 537 1412 1478.
553 1384 648 1412 1479.
671 1386 708 1412 et
723 1382 824 1422 Cruq.
837 1382 920 1413 sium
997 1382 1034 1412 lii
1049 1382 1150 1413 codd.
1170 1391 1247 1413 cum
1264 1382 1361 1414 Gott.
1375 1382 1473 1413 Harl.
1490 1386 1523 1414 1.

71 1426 104 1455 2.
117 1425 150 1455 «t.
165 1425 198 1454 6.
222 1423 338 1455 Zarot.
356 1423 507 1454 Floreat.
524 1425 619 1453 1482.
641 1422 765 1453 Venet.
781 1425 876 1453 1486.
901 1423 1042 1454 Mediol.
1060 1425 1155 1454 1486.
1173 1425 1269 1454 15⁰2.
1286 1424 1428 1455 Locher.
1446 1423 1524 1456 Am,

71 1465 114 1497 R.
130 1469 167 1496 et
191 1463 238 1496 H.
261 1464 382 1504 Steph.
405 1463 525 1495 Lamb.
545 1465 703 1495 Torrent-
720 1468 756 1495 et
773 1468 919 1495 recentt.
934 1464 1119 1496 sinum-20
1146 1465 1246 1496 Notus
1260 1469 1405 1505 quatuor
1420 1465 1525 1507 Cruq.

69 1508 211 1539 Venett.
235 1511 273 1538 et
297 1506 374 1538 alia·
399 1505 555 1547 quaedam
578 1509 664 1537 vett.
680 1505 758 1537 edd.
782 1507 867 1538 Noto
882 1505 980 1538 Harl.
996 1509 1025 1538 1.
1040 1509 1073 1538 2.
1089 1509 1121 1538 3.
1134 1508 1168 1538 4.
1181 1509 1214 1538 6.
1237 1506 1295 1539 alii
1319 1506 1422 1538 codd.
1446 1507 1524 1539 Flo-

70 1553 158 1581 rent.
173 1550 268 1581 1482.
292 1553 329 1580 et
344 1549 487 1580 Lochen
517 1547 528 1565 ‘
542 1548 735 1580 Retineuda
751 1552 805 1580 est
821 1549 929 1580 altera
942 1548 1046 1581 lectio
1060 1559 1069 1580 z
1092 1549 1182 1580 sinus
1198 1548 1295 1589 Noto,
1308 1550 1342 1580 in
1358 1559 1425 1590 qua
1440 1550 1522 1581 nihil

70 1594 124 1623 est
139 1591 228 1632 quod
244 1591 299 1622 vel
314 1591 450 1622 Momus
465 1591 538 1630 ipse
550 1590 668 1631 culpet
684 1595 745 1623 aut
758 1590 925 1623 fastidiat.
969 1590 1085 1633 Atque
1100 1600 1175 1622 eam
1188 1591 1293 1622 solani
1307 1592 1414 1623 nostri
1429 1591 1524 1624 codi-

70 1642 128 1665 ces
142 1633 292 1664 universi
313 1637 524 1672 agnoscunt;
546 1632 612 1663 nisi
626 1632 718 1674 quod
744 1633 778 1664 in
806 1633 971 1665 Petrensi
994 1638 1168 1665 corrector
1190 1633 1306 1664 nescio
1322 1634 1410 1674 quis,
1426 1634 1523 1666 iratis

69 1675 192 1714 Musis,
210 1675 275 1707 hoe
289 1675 500 1707 interlineas
515 1675 703 1716 interserit,
717 1675 805 1706 Ionio
818 1677 897 1706 udus
909 1685 979 1706 cam
990 1675 1170 1714 remugiens
1182 1674 1254 1706 sinu
1269 1675 1372 1706 Notus
1384 1676 1524 1707 varium

67 1716 212 1758 ruperit!
232 1717 437 1750 Reum—22
460 1716 610 1755 Proiecto
633 1717 750 1749 Bentl.
770 1722 805 1748 et
829 1716 936 1749 Kidd.
961 1717 1085 1756 juverit
1100 1726 1215 1748 omnes
1231 1715 1306 1747 fere
1322 1716 1424 1748 codd.
1439 1718 1524 1748 Tor·

69 1759 185 1798 rentii,
198 1768 315 1792 omnes
326 1759 477 1791 Bentleii
494 1759 537 1790 ad
547 1768 662 1797 unum,
679 1759 780 1791 Harl.
795 1762 826 1792 1.
841 1761 873 1790 2.
887 1761 919 1791 ³.
933 1761 966 1791 4.
982 1761 1015 1790 6.
1029 1759 1144 1791 Zarot-
1158 1758 1390 1790 Venett.Vet.
1403 1758 1523 1791 Comb.

69 1806 105 1834 et
119 1801 198 1834 edd.
213 1802 321 1843 antiq.
337 1801 522 1834 Lambinus
537 1802 573 1833 in
589 1806 668 1833 octo
683 1800 886 1839 suisjuueris
900 1801 1040 1833 invenit.
1071 1801 1100 1843 (⁴
1111 1801 1180 1832 Sed
1204 1800 1442 1841 undecumque
1456 1801 1522 1832 hoc

66 1843 235 1883 habuerit,
250 1844 323 1876 sine
335 1843 439 1876 dubio
452 1848 581 1875 rectum
597 1843 672 1876 est!
688 1842 816 1884 Bentl.)
848 1843 906 1875 Ita
921 1843 1055 1875 Barthii
1070 1843 1192 1881 codex,
1208 1842 1354 1874 Advers.
1370 1851 1522 1874 xxxvn.

69 1888 121 1917 1⁵.
131 1891 167 1918 et
181 1886 441 1918 Commentator
452 1886 521 1918 Cru
549 1908 557 1917 .
575 1886 657 1917 item
672 1885 720 1917 H.
733 1885 854 1925 Steph.
866 1885 1026 1925 Rutgers.
1039 1886 1128 1917 Dan.
1139 1884 1258 1917 Heius.
1269 1885 1386 1917 Bentl.
1397 1884 1522 1917 Sanad.

68 1927 224 1971 Tovem,
237 1929 393 1965 Francis,
409 1929 529 1960 Wetze
544 1950 553 1960 .
567 1926 704 1960 Wakef.
722 1927 843 1960 Comb.
859 1931 895 1959 et
907 1926 1015 1959 Kidd.

719 2025 752 2057 N
757 2024 865 2057 0¹1⁸AE

114 2090 156 2120 18
175 2086 330 2121 Auem-
353 2089 395 2121 αὖ
418 2089 543 2129 Joeem]
576 2089 705 2120 Preces
728 2093 766 2121 et

70 2141 150 2169 vota
171 2137 309 2169 minime
324 2138 529 2178 audientem,
550 2137 683 2170 seilicet
702 2138 765 2169 im-

69 2186 178 2229 probo
191 2187 327 2220 iratum.

110 2239 153 2269 19
175 2237 300 2278 Ionius]
320 2238 454 2270 Ionium
468 2248 561 2271 mare
577 2239 669 2270 inter
683 2238 766 2281 Epi·

68 2296 142 2319 rum
166 2296 208 2319 ac
235 2287 511 2329 Peloponnesum
536 2288 578 2320 ab
603 2288 707 2330 Ortu‚
729 2293 766 2320 et

67 2345 224 2378 magnam
255 2337 428 2370 Graeeiam
467 2338 686 2381 Siciliamque
721 2339 764 2371 ab

67 2386 201 2420 Occasu
215 2388 411 2430 porrigitur.

108 2439 150 2470 21
176 2437 290 2478 Opima
313 2440 395 2479 quoa
414 2439 445 2470 si
467 2438 592 2480 prada]
618 2438 718 2473 Quod
735 2439 765 2471 si

69 2490 163 2518 tuum
183 2486 331 2519 cadaver
352 2487 386 2519 in
406 2487 522 2520 littore
541 2493 661 2530 paseat
685 2499 764 2520 aves

70 2536 227 2577 marinas,
252 2546 350 2569 sacra
373 2538 526 2579 spondeo
551 2538 763 2580 tempestati-

70 2582 146 2616 bus.

111 2635 154 2664 2³
178 2633 293 2675 ecfer]
319 2636 410 2670 Quia
430 2637 578 2670 Maevius
604 2637 763 2679 petulans

71 2686 108 2715 et
123 2682 218 2713 olens
231 2687 271 2714 ut
284 2693 400 2725 caper.

111 2734 156 2765 24
177 2731 287 2773 Agna]
308 2733 429 2775 virgil.
451 2734 582 2769 AEneid.
604 2745 662 2769 ιιι.
688 2735 699 2754 ‘
712 2735 761 2767 ni·

817 2097 912 2130 gram
939 2088 1054 2130 hyemi
1085 2086 1278 2129 pecudem!
1322 2085 1458 2119 AEneid.
1484 2096 1520 2120 v.

816 2139 827 2156 ⁶
844 2138 1108 2181 tempestatibus
1125 2136 1274 2179 agnam!
1330 2130 1339 2138 ’
1445 2157 1447 2159 .

863 2187 1124 2230 Tempestatibus]
1137 2187 1201 2219 His
1209 2195 1342 2229 quoque
1352 2185 1520 2227 templum

817 2243 893 2271 erat
912 2240 1031 2271 Romae
1046 2237 1244 2270 dedicatum
1259 2237 1339 2268 olim
1352 2246 1373 2268 a
1387 2236 1519 2277 Scipio·

819 2297 874 2320 ne.
896 2288 1001 2320 Ovid.
1017 2288 1112 2319 Fast.
1128 2295 1180 2319 vr.
1196 2288 1271 2319 198.
1285 2286 1295 2304 ‘
1310 2286 1358 2317 Te
1370 2294 1520 2328 quoque,

817 2338 1032 2379 Tempestas,
1060 2336 1217 2369 meritam
1253 2334 1398 2367 delubra
1432 2333 1520 2365 fate·

818 2386 918 2419 mur!
964 2387 1038 2419 Cic.
1055 2385 1099 2417 de
1115 2385 1198 2417 Nat.
1213 2384 1319 2416 Deor.
1336 2392 1394 2416 m.
1414 2392 1449 2414 n.
1463 2385 1518 2414 51.

819 2437 940 2468 asserit
952 2436 987 2467 in
1001 2437 1156 2468 Deorum
1171 2442 1349 2466 numerum
1366 2430 1519 2463 referen-

817 2486 879 2518 das
903 2496 980 2519 esse
1007 2488 1244 2527 tempestates,
1269 2484 1279 2502 ‘
1295 2491 1370 2523 quae
1398 2479 1517 2520 populi

817 2537 881 2569 Ro.
896 2536 1019 2568 ritibus
1033 2538 1245 2567 consecratae
1266 2534 1357 2562 suut.
1372 2551 1380 2560 .
1392 2551 1402 2561 .
1416 2549 1425 2559 .
1438 2537 1517 2559 nos-

818 2587 863 2619 tri
877 2586 1016 2627 quidem
1040 2584 1145 2615 duces
1167 2589 1259 2612 mare
1281 2576 1517 2618 ingredientes

815 2634 989 2668 immolare
1017 2632 1145 2665 hostias
1182 2628 1344 2662 fluctibus
1372 2635 1515 2660 consue-

816 2683 962 2718 verunt?
