1904 3256
576 300 641 330 An
672 298 944 331 cARmNUM
979 298 1075 330 mn.
1106 299 1171 328 iv.
1505 285 1591 329 641

309 393 438 426 Videre
454 392 586 426 Rhatis
601 392 693 424 bella
705 392 768 424 sub
784 391 929 434 Alpibus

305 447 461 479 Drusum
477 450 655 488 gerentem
668 445 863 477 Vindelici:
887 450 921 477 et
936 444 996 477 diu

394 500 548 539 Lateque
563 498 725 530 victrices
741 503 902 538 catervoe,

352 541 363 549 Δ
479 551 639 583 Consiliis
649 552 786 593 juvenis
803 552 952 588 revicta».

309 605 470 646 sensere,
484 607 549 637 &c-

139 659 199 691 Ita
221 659 296 701 quis
317 668 381 691 non
398 659 495 690 malit
514 658 654 699 legere?
677 657 752 699 quis
771 657 944 690 desideret
961 657 1113 698 abjectos
1131 655 1271 688 versus?
1293 651 1367 698 quis
1383 665 1450 687 non
1466 655 1594 688 intelli·

138 716 211 754 gat,
224 719 326 754 quam
342 712 507 753 praeclare
518 710 591 752 jam
606 719 674 742 non
690 711 797 742 solum
807 711 1032 743 continuetur
1047 710 1267 741 enthusiasmi
1281 715 1317 754 et
1329 719 1485 741 sensuum
1497 710 1595 751 quasi

140 770 289 805 torrens,
303 765 364 797 sed
379 765 482 796 etiam
499 773 599 806 quam
612 768 696 805 apto
711 768 746 795 et
763 764 859 806 quasi
875 762 1068 795 necessario
1083 771 1172 793 nexu
1188 762 1382 794 cohereant
1400 763 1595 804 sententiae,

139 827 225 860 quas
244 822 397 850 resectus
421 818 477 849 ille
502 827 634 858 pannus
661 822 731 849 tam
754 817 950 859 importune
972 816 1186 857 interpellat,
1202 815 1395 857 misereque
1414 816 1596 848 distrahit?

138 869 229 902 Illud
245 879 380 913 qnoque
395 870 474 903 hinc
497 870 714 903 manifestum
731 875 798 910 est,
811 871 905 902 salvo
919 874 1030 901 metro
1046 878 1065 900 e
1081 868 1195 900 medio
1213 869 1287 900 tolli
1303 878 1401 909 posse
1416 869 1498 901 istos
1513 879 1596 911 qua-

138 928 216 956 tuor
229 933 362 962 versus,
372 924 442 956 nisi
458 923 548 966 quod
565 924 616 956 ita
631 928 753 956 acutus
768 923 836 955 fuit
853 922 1095 964 interpolator,
1111 927 1150 954 ut
1166 923 1175 939 ‘
1190 926 1226 954 et
1238 921 1246 934 '
1262 927 1415 954 mutaret
1429 922 1463 954 in
1483 927 1492 940 ‘
1509 923 1595 963 sed,’

139 985 184 1010 ne
198 978 331 1010 vocales
345 982 601 1010 concurrerent.

181 1030 324 1063 Scilicet
339 1031 432 1063 clare
447 1031 550 1063 etiam
568 1030 684 1072 prodit
698 1030 976 1072 interpolatorem
993 1028 1173 1062 indoctum
1190 1029 1416 1071 ineptumque
1430 1029 1596 1069 studium,

141 1083 193 1116 ita
215 1085 445 1117 connectendi
470 1085 698 1117 additamenti
723 1094 800 1116 cum
824 1084 879 1126 iis,
895 1094 970 1126 quae
995 1087 1152 1125 praeeunt
1175 1088 1212 1114 et
1231 1093 1307 1124 qua!
1330 1088 1532 1125 sequuntur,
1547 1082 1597 1114 ita

139 1135 229 1169 illins
245 1137 300 1169 vel
315 1136 514 1169 inflectendi
529 1138 585 1170 vel
601 1138 835 1178 protrahendi,
846 1142 884 1169 ut
899 1138 933 1168 in
950 1137 1131 1168 sententiae
1155 1141 1191 1168 et
1212 1138 1311 1168 metri
1334 1146 1458 1168 nexum
1481 1145 1596 1168 recur-

140 1193 244 1222 reret.
289 1189 450 1223 Pertinet
463 1191 531 1222 hnc
547 1190 701 1231 inprimis
715 1196 751 1222 et
766 1190 990 1222 intolerabilis
1006 1189 1067 1220 illa
1082 1189 1114 1220 h.
1131 1189 1154 1220 l.
1175 1189 1440 1230 importuneque
1457 1189 1597 1230 inferta,

143 1241 186 1273 ad
202 1242 408 1283 explendam
424 1244 558 1284 rimam,
573 1253 716 1284 gnome:
738 1245 748 1260 ‘
766 1252 832 1274 nec
850 1243 939 1274 scire
955 1242 1006 1274 fas
1022 1247 1077 1274 est
1098 1242 1232 1282 omnia‚¹
1253 1247 1290 1274 et
1306 1243 1405 1283 plane
1422 1242 1545 1274 inscita
1559 1251 1599 1274 ac

142 1294 264 1335 putida
276 1295 445 1327 connexio
459 1305 535 1327 cum
550 1306 623 1338 sqq.
641 1305 703 1337 per
717 1296 727 1313 ‘
738 1295 798 1327 sed
811 1295 834 1326 :²
856 1296 867 1313 ‘
881 1305 944 1327 nec
960 1295 1046 1327 scire
1061 1294 1111 1326 fas
1123 1299 1177 1326 est
1192 1296 1324 1334 omnia;
1346 1297 1399 1327 sed
1421 1296 1486 1327 hoc
1502 1300 1598 1327 certo

142 1347 228 1384 scio,
242 1348 307 1380 hoc
321 1348 410 1380 scire
425 1349 532 1380 satius
548 1348 627 1388 est,'
655 1349 724 1388 vel,
739 1351 778 1380 nt
792 1348 870 1379 alii:
896 1349 906 1366 ‘
922 1349 987 1388 eea,
1000 1352 1039 1379 ut
1057 1348 1138 1379 illuc
1161 1348 1330 1379 revertar'
1351 1349 1420 1388 vel,
1437 1353 1476 1379 ut
1492 1348 1598 1379 Gesn.

141 1400 152 1418 ⁴
169 1401 418 1442 noloqnoerere
434 1401 478 1432 de
493 1401 606 1442 gentis
621 1400 822 1441 originibus,
836 1402 891 1432 sed
913 1400 1048 1432 etiamsi
1069 1410 1137 1432 non
1155 1401 1224 1431 sint
1243 1400 1452 1431 Amazonum
1476 1409 1600 1441 proge-

141 1452 228 1494 nies,
243 1457 339 1484 certe
361 1453 430 1484 late
455 1453 618 1484 victrices
634 1457 784 1485 catervae
810 1452 973 1485 fuerunt.’
1014 1453 1106 1486 Quid
1131 1453 1299 1490 miserius,
1326 1452 1407 1495 quid
1431 1453 1598 1494 puerilius

141 1513 216 1538 csse
232 1505 295 1538 hac
309 1505 370 1537 tali
387 1503 570 1538 inflexione
586 1507 727 1548 potest?

185 1558 335 1591 Accedit
349 1559 457 1600 ipsius
473 1559 656 1592 sententiae
677 1560 727 1592 ita
753 1561 854 1602 plane
877 1561 1034 1602 prosaica
1055 1560 1245 1597 conversio,
1260 1559 1306 1592 ita
1320 1559 1456 1592 humilis
1473 1564 1509 1591 et
1529 1559 1601 1591 infi-

143 1616 222 1645 σου
243 1611 408 1652 elocutio,
423 1615 463 1644 ut
478 1621 618 1653 prorsus
633 1612 723 1644 infra
739 1613 941 1654 dignitatem
959 1613 1116 1655 lyricam,
1132 1613 1286 1654 inprimis
1302 1613 1403 1654 hujus
1423 1614 1500 1645 talis
1517 1613 1600 1645 Car-

142 1665 244 1698 minis
270 1665 328 1698 sit.
367 1660 484 1699 Quam
511 1666 660 1706 vulgaris
684 1671 720 1698 et
746 1666 916 1708 pedestris
937 1667 1141 1698 conversio:
1174 1667 1184 1684 ‘
1199 1666 1319 1707 quibus
1345 1667 1436 1698 unde
1461 1677 1576 1698 mos..
1591 1689 1602 1699 .

144 1727 297 1760 querere
312 1718 466 1751 distuli!'
511 1720 623 1753 Quam
645 1719 798 1760 prosaica
814 1723 905 1758 sunt,
927 1719 936 1736 ‘
956 1729 1028 1750 mos
1050 1718 1142 1750 unde
1156 1718 1337 1754 deductus,
1354 1729 1417 1750 nec
1441 1720 1526 1750 scire
1547 1718 1598 1750 fas

144 1772 363 1805 estomnial’
399 1773 510 1806 Quam
527 1773 722 1813 languidum
738 1777 774 1804 et
788 1771 949 1813 frigidum
962 1771 1068 1803 illud:
1092 1773 1103 1790 ‘
1120 1780 1182 1812 per
1195 1780 1295 1803 omne
1311 1772 1481 1813 tempus!’
1516 1774 1603 1805 Uni-

145 1824 223 1859 cum
247 1826 388 1858 verbum
412 1827 422 1845 ‘
439 1826 636 1858 obarmare'
660 1826 860 1868 exquisitius
891 1825 999 1858 videri
1027 1829 1156 1867 potest,
1176 1825 1236 1856 sed
1261 1825 1359 1866 illud,
1379 1836 1456 1858 cum
1480 1834 1600 1860 cetera

145 1878 321 1910 indoctum
337 1879 505 1911 hominem
520 1879 678 1920 prodant,
691 1888 772 1910 sane
784 1888 852 1910 non
867 1879 1048 1920 ingenium,
1062 1877 1124 1910 sed
1140 1877 1329 1909 necessitas
1341 1879 1442 1910 metri
1454 1884 1490 1911 et
1502 1889 1601 1912 casus

146 1931 283 1964 obtulit.

190 1985 344 2027 Denique
361 1984 574 2016 manifestam
591 1985 804 2025 glossematis
828 1984 899 2016 sive
927 1983 1046 2015 scholii
1072 1983 1222 2024 speciem
1246 1984 1280 2015 hi
1306 1994 1372 2016 vss.
1399 1985 1540 2025 habent,
1563 1992 1601 2019 et

148 2036 265 2077 facile,
279 2037 370 2069 unde
387 2045 498 2070 ortum
521 2037 566 2069 sit
589 2043 658 2069 tam
679 2037 836 2068 miserum
853 2037 1136 2077 additamentum,
1150 2037 1295 2078 intelligi
1312 2042 1438 2078 potest.
1484 2039 1600 2072 Anno-

149 2093 238 2120 tarat
253 2089 507 2122 Grammaticus
530 2091 565 2122 in
587 2090 746 2130 exemplo
768 2099 827 2120 suo
851 2090 894 2121 ad
918 2100 966 2122 vs.
990 2093 1044 2122 18.
1067 2090 1180 2121 securi
1202 2100 1280 2121 usos
1302 2090 1407 2122 fuisse
1430 2091 1464 2122 in
1486 2103 1601 2134 pugna

148 2141 360 2182 Vindelicos,
375 2152 470 2174 more
485 2148 522 2174 et
537 2142 694 2182 exemplo
710 2141 930 2174 Amazonum.
974 2142 1043 2174 Alii
1059 2143 1180 2174 mirum
1197 2142 1389 2184 videbatur,
1403 2146 1493 2177 unde
1510 2147 1601 2178 hune

150 2203 278 2226 rnorem
294 2195 528 2236 accepissent;
551 2195 624 2233 sed,
640 2205 715 2227 cum
736 2195 913 2227 obscuram
937 2204 1010 2227 esse
1029 2201 1064 2227 et
1079 2196 1279 2237 implicitam
1296 2206 1371 2228 eam
1387 2207 1457 2230 rem
1474 2199 1600 2231 intelli-

150 2251 261 2289 geret,
276 2257 312 2278 se
333 2247 422 2279 nolle
439 2257 528 2279 nunc
549 2247 592 2278 de
609 2257 649 2279 ea
665 2257 832 2289 qnaerere,
847 2249 881 2279 in
902 2249 1055 2290 margine
1071 2249 1279 2281 ascribebat.
1324 2250 1421 2282 Alius
1435 2252 1599 2292 addebat,

149 2299 232 2332 illud
249 2300 328 2332 sciri
344 2310 408 2332 nec
425 2310 525 2342 posse
549 2310 612 2332 nec
627 2310 767 2332 necesse
783 2311 869 2333 esse.
914 2300 1053 2334 Infelici
1078 2312 1159 2334 casu
1176 2308 1263 2344 erat,
1285 2305 1353 2345 qni,
1370 2306 1472 2337 animi
1486 2315 1599 2341 causa,

151 2358 260 2385 metro
277 2353 468 2386 includeret
482 2355 556 2386 haec
576 2355 716 2395 scholia,
732 2360 833 2397 atque
854 2357 903 2387 ita
927 2355 1144 2397 extenderet,
1160 2362 1197 2388 ut
1214 2362 1360 2398 quatuor
1377 2369 1493 2390 versus
1508 2369 1600 2390 com-

153 2406 342 2448 plerentur,
357 2411 393 2438 et
407 2407 442 2438 in
458 2416 584 2439 nexum
598 2418 675 2439 cum
689 2409 909 2450 sequentibus
927 2409 1056 2441 rediret
1079 2410 1305 2450 parenthesis.
1350 2412 1460 2444 Quam
1478 2413 1512 2442 in
1529 2421 1600 2442 rem

152 2468 227 2491 cum
243 2460 308 2491 hnc
325 2460 481 2492 trahebat
506 2470 670 2502 gnomen:
694 2461 704 2479 ‘
718 2470 782 2493 nec
806 2461 894 2493 scire
921 2460 972 2493 fas
994 2466 1048 2494 est
1070 2462 1207 2499 omnia,'
1231 2467 1301 2494 tum
1324 2464 1441 2494 videns
1458 2464 1599 2503 hiatum,

154 2511 165 2528 ‘
180 2513 293 2545 omnia
307 2513 369 2555 et,'
383 2512 484 2546 facile
501 2515 534 2545 in
555 2524 628 2546 eam
645 2515 890 2556 cogitationem
905 2515 1078 2555 veniebat,
1095 2519 1132 2547 ut
1154 2516 1164 2533 ‘
1178 2519 1214 2546 et
1226 2515 1235 2528 ³
1260 2520 1408 2547 mutaret
1431 2516 1465 2546 in
1490 2517 1499 2533 ‘
1517 2515 1600 2547 sed!

154 2563 330 2607 Deinceps
346 2566 517 2606 librarius,
537 2569 730 2609 exemplum
746 2569 816 2599 tale
836 2572 968 2604 nactus,
984 2568 1050 2608 ipsi
1073 2567 1251 2598 contextui
1270 2567 1443 2598 inserebat
1465 2568 1600 2599 omnia:

156 2616 245 2656 quod
263 2627 338 2650 cum
361 2620 544 2652 admodum
569 2626 700 2652 mature
722 2620 852 2652 factum
877 2630 951 2651 esse
974 2624 1145 2661 oporteat,
1170 2619 1248 2651 hinc
1269 2629 1395 2659 omnes,
1420 2621 1475 2662 qui
1498 2621 1599 2653 hodie

157 2673 276 2701 extant
291 2675 327 2703 et
341 2669 486 2714 inspecti
499 2679 590 2715 sunt,
606 2674 753 2714 codices,
767 2674 824 2705 illo
842 2678 1035 2705 assumento
1050 2672 1219 2704 laborant.

200 2723 314 2755 Quare
329 2726 479 2758 omnibus
503 2727 567 2764 bis,
582 2738 658 2769 quae
683 2728 847 2759 hactenus
873 2727 956 2768 dixi,
971 2731 1084 2758 motus
1107 2736 1175 2758 non
1199 2735 1334 2767 possum
1357 2736 1423 2758 non
1447 2728 1506 2759 bos
1530 2734 1599 2760 tam

158 2775 294 2809 inutiles
309 2781 410 2818 atque
426 2779 562 2816 alienos,
579 2787 645 2812 tam
662 2780 801 2818 miseros
815 2785 918 2821 atque
934 2779 1088 2819 indignos
1102 2779 1247 2811 Horatio
1264 2788 1380 2811 versus
1397 2780 1522 2813 babere
1540 2792 1600 2823 pro

159 2827 357 2870 suppositis,
372 2833 474 2871 atque
489 2831 531 2862 ab
544 2832 660 2874 inepto
677 2834 921 2873 Grammatico,
935 2834 1067 2865 malove
1085 2832 1207 2873 Poeta,
1223 2837 1351 2865 temere
1366 2834 1500 2866 assutis.
1537 2834 1600 2866 At-

245 2892 359 2933 Delpli.
373 2895 404 2924 et
419 2892 495 2926 ναν.
508 2893 593 2926 Clas.
855 2897 974 2929 Horat.
1446 2899 1467 2927 2
1488 2897 1511 2928 S
