1904 3256
410 259 494 299 756
873 271 1075 300 DAcERn
1111 269 1364 299 PRAEnArro

463 361 562 398 Ecce
583 361 648 398 tibi
679 371 896 410 germanam
928 359 1041 408 hujus
1070 359 1173 396 vocis
1200 359 1475 409 Etymologiam
1492 371 1501 396 :
1531 361 1652 398 Latini
1681 367 1692 384 ‘
1707 362 1820 402 Satu-

409 435 490 460 rum
504 423 513 438 ¹
540 422 773 471 usurpabant
801 432 869 468 pro
902 423 913 441 ‘
927 419 1068 469 pleno,’
1098 421 1159 457 cui
1178 420 1226 457 ad
1245 421 1514 470 perfectionem
1534 422 1627 459 nihil
1646 422 1818 462 deesset:

407 483 497 521 hinc
516 488 526 505 ‘
541 484 653 520 Satur
670 480 800 525 color,’
819 493 905 517 cum
925 480 1014 518 lana
1031 478 1197 519 colorem
1217 482 1326 531 plene
1343 482 1599 529 combibisset‚
1625 496 1696 522 nec
1714 486 1820 534 quic-

408 557 522 594 quam
543 544 591 580 ad
610 544 812 580 tincturam
831 541 942 591 adjici
961 543 1164 592 potuisset.
1220 543 1278 580 Ex
1295 547 1304 564 ‘
1322 544 1434 580 Satur
1446 543 1454 557 '
1474 543 1616 582 factum
1635 548 1645 565 ‘
1659 545 1824 590 Satura:

408 606 511 656 quod
541 606 653 642 etiam
675 608 685 625 ‘
701 602 847 640 Satira’
876 616 944 653 per
962 604 976 640 i
995 603 1216 650 efferebant,
1236 604 1556 654 quemadmodum
1574 610 1585 627 ‘
1603 605 1796 643 Maximus
1813 606 1823 623 ’

408 675 446 704 et
474 672 484 688 ‘
499 664 730 710 Maxumus:
761 670 772 686 ‘
788 673 967 716 optumus
981 664 990 680 '
1015 672 1055 702 et
1083 670 1094 686 ‘
1110 666 1305 715 optimus.'
1355 665 1424 704 Est
1441 666 1555 715 igitur
1574 666 1723 704 Nomen
1741 667 1822 704 Ad-

400 728 596 778 jectivum,
625 726 729 776 quod
761 726 982 764 relationem
1011 726 1128 765 habet
1159 727 1208 765 ad
1242 728 1527 765 Substantivum
1559 727 1794 766 intellectum
1811 742 1821 767 ε

408 789 586 826 dicebant
604 789 702 826 enim
721 789 834 839 prisci
865 793 875 809 ‘
893 789 1094 834 Saturam,’
1117 788 1445 839 subintelligentes
1475 793 1486 810 ‘
1503 788 1676 827 lancem!
1730 789 1822 827 Erat

407 856 534 888 autem
555 855 565 871 ‘
582 850 719 887 Satura
736 850 827 887 lanx
842 849 851 865 ’
872 863 936 888 vas
956 850 1121 898 (Gallice
1140 863 1192 888 un
1213 851 1354 897 bassin)
1373 863 1483 888 omne
1501 863 1621 900 genus
1640 851 1822 888 fructibus

406 911 607 961 repletum,
627 924 723 961 quos
743 911 871 949 Cereri
890 912 1094 962 quotannis
1112 918 1150 950 et
1168 912 1334 958 Baccho,
1360 919 1403 950 ut
1421 913 1538 950 totius
1556 913 1645 950 anni
1663 925 1824 962 proven-

405 979 514 1010 tuum
543 973 740 1022 primitias,
769 971 902 1010 offerre
936 973 1110 1010 solebant
1124 986 1135 1016 ;
1164 973 1378 1023 cujusmodi
1408 973 1620 1012 oblationes
1645 987 1692 1011 ex
1710 973 1822 1011 variis

407 1034 609 1084 generibus
639 1034 737 1070 inter
767 1045 808 1071 se
840 1033 1009 1071 confusis
1035 1046 1112 1070 non
1131 1041 1239 1071 erant
1258 1035 1405 1072 Graecis
1425 1035 1579 1073 omnino
1601 1035 1822 1085 incognitae,

406 1095 473 1145 qui
490 1108 556 1133 eas
577 1095 819 1146 appellabant
839 1096 1052 1143 πάγκαρπον
1073 1098 1215 1144 θυσίαν,
1235 1100 1505 1146 πανσπερμίαν,
1531 1103 1570 1134 et
1595 1098 1633 1134 in
1661 1097 1822 1146 legumi-

406 1157 518 1195 nibus
537 1158 758 1206 πυανεψίαν.
813 1157 1020 1196 Diomedes
1041 1157 1322 1195 Grammaticus
1352 1165 1528 1196 accurate
1557 1162 1597 1196 et
1622 1158 1725 1196 hunc
1744 1158 1823 1196 Ro-

406 1232 603 1257 manorum
622 1231 765 1257 morem
783 1225 822 1257 et
838 1220 942 1257 vocis
961 1224 972 1242 ‘
991 1219 1139 1257 Saturae
1152 1219 1161 1234 ’
1180 1225 1353 1257 naturam
1373 1219 1575 1271 explicavit
1593 1219 1653 1258 his
1672 1219 1795 1257 verbis
1812 1232 1823 1257 :

407 1285 418 1302 ‘
435 1281 540 1318 Lanx
558 1282 695 1320 referta
712 1281 825 1319 variis
845 1281 1049 1330 multisque
1069 1279 1240 1331 primitiis
1263 1281 1390 1319 Sacris
1411 1280 1560 1319 Cereris
1579 1281 1823 1326 inferebatur,

407 1349 447 1378 et
465 1354 488 1378 a
505 1342 616 1392 copia
634 1350 672 1379 et
691 1342 888 1379 saturitate
905 1343 957 1379 rei
977 1347 988 1364 ‘
1001 1343 1159 1379 Satura’
1176 1343 1394 1380 vocabatur.
1433 1342 1552 1391 Cujus
1571 1342 1721 1392 generis
1739 1342 1823 1380 lan-

407 1402 505 1440 cium
523 1410 561 1440 et
580 1402 760 1451 Virgilius
780 1403 817 1439 in
839 1401 1036 1452 Georgicis
1056 1401 1237 1448 meminit,
1256 1415 1342 1440 curn
1361 1402 1433 1441 hoc
1452 1402 1566 1440 modo
1584 1402 1702 1441 dicit:
1751 1420 1754 1422 v

633 1474 823 1512 Lancibus
842 1480 880 1512 et
897 1474 1036 1523 pandis
1056 1473 1243 1511 fumantia
1262 1473 1458 1512 reddimus
1477 1481 1580 1513 exta.

411 1535 472 1581 Et,
792 1534 1000 1584 lancesque
1017 1541 1055 1573 et
1072 1534 1152 1572 liba
1169 1535 1361 1572 feremus!

410 1607 602 1657 Deinceps
621 1605 671 1644 ad
691 1606 765 1644 alia
781 1607 1026 1644 miscellanea
1041 1607 1227 1644 translata
1245 1613 1317 1645 est.
1374 1607 1476 1646 Fest.
1497 1611 1508 1630 ‘
1524 1607 1649 1646 Satira
1665 1607 1739 1646 cibi
1757 1619 1827 1658 ge-

408 1681 480 1706 nus
500 1681 547 1705 ex
565 1668 676 1705 variis
694 1669 806 1705 rebus
825 1667 1047 1706 conditum!
1100 1669 1282 1719 Migravit
1300 1669 1388 1707 inde
1408 1670 1458 1708 ad
1482 1683 1542 1716 ea,
1571 1683 1658 1721 quse
1687 1671 1824 1708 mentis

409 1737 448 1767 et
466 1730 607 1780 ingenii
627 1738 737 1772 sunt3
767 1742 855 1767 nam
875 1730 1004 1781 ‘leges
1025 1731 1182 1768 Saturas
1196 1731 1206 1746 ’
1224 1738 1506 1782 nuncuparunt,
1525 1745 1612 1783 quae
1631 1733 1740 1783 plura
1757 1744 1822 1770 ca-

409 1792 499 1842 pita,
519 1799 584 1828 aut
611 1791 739 1842 plures
758 1791 887 1828 titulos
906 1792 1269 1841 complectebantur,
1284 1800 1328 1831 ut
1343 1799 1354 1816 ‘
1371 1793 1512 1845 Legem
1529 1794 1703 1840 Juliam:
1723 1800 1737 1817 ⁶
1751 1793 1825 1832 Pa-

409 1852 537 1903 piam‚'
569 1857 579 1873 ‘
596 1853 826 1903 Poppaeam’
852 1865 940 1901 quse
967 1852 1165 1890 dicebatur
1195 1859 1205 1875 ‘
1222 1855 1416 1901 miscella‚'
1434 1856 1539 1906 quod
1565 1855 1664 1893 idem
1692 1862 1753 1894 est
1778 1868 1824 1894 ac

411 1919 420 1936 ‘
440 1914 610 1956 Satura;’
638 1913 740 1951 unde
770 1914 940 1964 profecta
967 1919 1027 1950 est
1054 1920 1093 1951 et
1124 1914 1190 1952 illa
1216 1914 1358 1954 locutio
1386 1921 1396 1938 ‘
1412 1930 1480 1968 per
1507 1917 1682 1955 Saturam
1699 1916 1824 1967 legem

409 1975 530 2021 ferre]
556 1988 642 2013 cum
675 1988 753 2012 non·
781 1975 923 2025 rogatis
943 1988 990 2013 ex
1009 1976 1142 2014 ordine
1163 1977 1424 2023 Senatoribus,
1454 1991 1530 2017 non
1549 1979 1735 2026 collectis,
1752 1990 1824 2016 nec

411 2038 657 2076 dinumeratis
677 2037 887 2083 sententiis,
912 2049 1044 2075 omnes
1065 2037 1176 2075 simul
1195 2046 1233 2076 et
1250 2039 1464 2089 promiscue
1482 2040 1710 2078 sententiam
1727 2039 1824 2078 fere-

410 2100 515 2146 bant,
543 2099 646 2150 quod
672 2099 821 2150 proprie
841 2099 1039 2138 dicebatur
1056 2112 1124 2150 per
1154 2104 1164 2122 ‘
1181 2100 1358 2138 Saturam
1377 2101 1585 2140 sententias
1603 2099 1828 2151 exquirere,'

411 2162 602 2212 quomodo
635 2168 722 2212 post
755 2161 910 2199 Laelium
928 2162 1079 2200 locutus
1099 2167 1159 2199 est
1178 2162 1395 2200 Sallustius.
1449 2161 1584 2214 Neque
1601 2162 1665 2200 hic
1682 2161 1825 2200 consti-

411 2229 560 2267 terunt;
581 2225 694 2262 etiam
714 2228 725 2245 ⁴
739 2224 890 2261 Libros’
907 2223 1093 2274 quosdam
1111 2222 1185 2260 hac
1203 2223 1457 2273 appellatione
1475 2223 1765 2274 insigniverunt,
1782 2229 1826 2260 ut

412 2284 645 2324 Pescennius
665 2286 816 2331 Festus,
834 2286 899 2335 qui
916 2288 927 2307 ‘
946 2284 1134 2323 Historias
1152 2285 1309 2322 Saturas
1322 2284 1332 2300 '
1351 2285 1409 2322 vel
1429 2289 1439 2306 ‘
1454 2298 1521 2335 per
1536 2286 1711 2323 Saturam
1728 2285 1738 2302 ’
1754 2297 1824 2323 no-

411 2347 471 2384 bis
495 2347 615 2385 dedit.

466 2409 524 2446 Ex
555 2408 613 2446 his
645 2408 819 2446 omnibus
847 2407 1031 2458 exemplis
1063 2407 1164 2445 facili
1192 2407 1276 2458 quis
1301 2406 1454 2457 neg-otio
1483 2407 1554 2445 sibi
1579 2406 1826 2458 persuadebit

415 2470 564 2508 Horatii
583 2470 711 2520 Opera
727 2469 816 2507 hinc
834 2470 994 2508 traxisse
1010 2482 1162 2515 nomen,
1181 2472 1192 2491 ‘
1206 2469 1443 2520 Satirasque'
1462 2469 1688 2519 appellatas,
1720 2469 1823 2519 quod

415 2537 425 2555 ‘
442 2533 570 2570 multis
605 2538 644 2570 et
673 2532 787 2570 variis
815 2533 927 2570 rebus
956 2532 1031 2570 hoc
1061 2531 1224 2570 Carmen
1255 2531 1431 2569 refertum
1461 2531 1589 2576 esset,'
1629 2531 1823 2581 quomodo

416 2594 509 2632 dicit
538 2594 763 2646 Porphyrio.
818 2593 931 2637 Quod
963 2593 1116 2645 quidem
1144 2606 1190 2631 ex
1220 2599 1326 2644 parte
1355 2605 1482 2630 verum
1501 2598 1584 2631 est:
1612 2583 1704 2630 eave
1722 2592 1823 2630 enirn

415 2664 542 2704 putes,
568 2669 698 2693 vocem
726 2655 841 2693 nullis
867 2655 1187 2693 intercedentibus
1207 2655 1401 2705 gradibus,
1421 2654 1486 2704 qui
1504 2654 1704 2703 transitum
1723 2666 1822 2704 prae·

415 2717 561 2763 herent,
591 2718 719 2755 statim
746 2717 821 2754 huc
852 2716 1081 2754 deductam:
1110 2716 1190 2767 ejus
1209 2716 1450 2766 migrationes
1468 2716 1698 2768 antiquiores
1716 2722 1823 2754 erant
