1956 3236
621 310 900 341 SERMONUM
935 309 1032 340 mn.
1066 310 1097 338 1.
1127 300 1166 339 5.
1534 300 1618 340 847

164 405 378 448 Sarmenti
399 417 559 447 scurrae
572 417 767 458 pugnam
790 402 1021 457 Messique
1043 402 1216 453 Cicirri,

164 472 316 523 Musa,
337 472 467 514 velim
486 483 726 522 memores3
758 475 803 512 et
823 483 913 524 quo
931 475 1054 524 patre
1073 474 1207 512 natus
1225 473 1408 524 uterque

164 539 412 582 Contulerit
430 539 543 580 lites.
603 537 746 578 Messi
766 537 936 579 clarum
954 550 1091 590 genus
1109 536 1245 589 Osci3

163 606 387 649 Sarmenti
408 605 584 647 domina
602 610 746 646 extat.
805 604 880 646 Ab
900 605 970 646 his
988 604 1232 659 majoribus
1249 605 1334 646 orti

164 673 238 715 Ad
257 685 452 727 pugnam
472 684 656 713 venere:
687 673 806 725 prior
826 672 1100 723 Sarmentus,
1124 671 1239 726 Equi
1261 676 1304 713 te

166 740 280 782 Esse
293 739 376 781 feri
397 738 588 781 similem
609 737 724 780 dico.
784 738 1001 780 Ridemus
1020 752 1030 780 :
1062 743 1108 780 et
1129 740 1228 793 ipse

164 806 380 858 Messius,
397 804 619 860 Accipi03
650 810 846 860 caputet
866 810 1043 848 movet:
1076 805 1132 856 Ο,
1153 811 1233 848 tua
1252 819 1391 849 cornu

163 874 227 916 Ni
246 874 362 915 foret
380 879 567 915 exsecto
590 873 726 923 frons,
746 874 902 927 inquit,
922 873 1027 927 quid
1051 873 1238 923 faceres,
1260 887 1360 915 cum

161 941 238 984 Sic
256 940 436 983 mutilus
454 941 705 982 minitaris?
764 940 830 982 At
849 941 912 982 illi
932 940 1054 984 foeda
1073 941 1263 983 cicatrix

162 1008 371 1051 Setosam
390 1007 495 1050 laevi
515 1007 702 1050 frontem
721 1014 978 1063 turpaverat
999 1009 1103 1050 oris.

1561 607 1618 647 55

1564 944 1622 985 60

162 1154 220 1177 nas
235 1145 373 1182 Claudii.
416 1145 493 1176 Jam
506 1154 627 1186 precor,
652 1155 670 1175 ο
691 1144 735 1175 M
735 1154 801 1184 usa,
825 1148 859 1176 ut
873 1144 952 1175 mihi
966 1144 1085 1182 referas
1098 1144 1206 1185 paucis
1220 1146 1321 1177 verbis
1333 1144 1493 1177 Sarmenti
1506 1154 1622 1176 scurroe

162 1190 317 1218 certamen
330 1191 423 1228 atque
438 1188 551 1219 Messii
567 1187 708 1218 Cicerri:
732 1189 763 1218 et
783 1197 842 1227 quo
854 1189 946 1226 patre
959 1186 1048 1217 ambo
1067 1188 1172 1227 geniti
1187 1198 1325 1228 pugnam
1342 1187 1480 1220 inierint.
1527 1187 1623 1219 Illus-

162 1229 224 1259 tris
238 1229 354 1260 Messii
367 1230 457 1269 origo
470 1230 510 1261 ab
529 1230 641 1260 Oscis.-
664 1229 827 1261 Sar-menti
850 1229 976 1260 domina
997 1229 1167 1261 etiamnum
1185 1231 1280 1262 vivit.
1325 1230 1375 1262 Ab
1390 1230 1462 1262 istis
1472 1229 1624 1271 prognati

163 1270 334 1310 nefor-ibus
345 1272 380 1304 in
393 1275 550 1304 certamen
562 1273 723 1303 devenere.
755 1271 942 1303 Sarmentus
950 1271 1038 1312 prior
1052 1273 1191 1304 locutus:
1207 1273 1270 1305 Aio
1284 1275 1316 1304 te
1329 1283 1394 1305 esse
1407 1273 1540 1304 similem
1552 1272 1625 1313 equi

162 1313 320 1346 indomiti.
364 1314 537 1346 cachinnos
550 1314 740 1346 malimus.
787 1314 864 1344 Tum
888 1313 1038 1351 Messius,
1061 1315 1192 1355 accipio,
1207 1316 1310 1356 inquit
1322 1326 1335 1353 ;
1357 1316 1508 1355 simulque
1527 1318 1621 1355 eaput

161 1355 278 1394 agitat.
324 1357 478 1388 Continuo
494 1357 632 1388 Messius
646 1357 732 1387 dixit
741 1366 752 1386 .·
777 1356 807 1386 0
820 1355 895 1395 quid
909 1366 998 1395 agas,
1010 1357 1038 1386 si
1052 1367 1147 1388 cornu
1161 1361 1216 1388 tua
1223 1358 1334 1396 fronte
1348 1368 1407 1388 non
1423 1361 1503 1389 esset
1516 1367 1623 1397 avnpu-

163 1401 276 1439 tatum,
291 1399 535 1440 quandoquidem
549 1399 598 1430 ita
609 1398 774 1430 mutilatus
789 1398 941 1428 minaris?
962 1398 1109 1430 nimirum
1123 1399 1227 1439 turpis
1241 1399 1377 1431 cicatrix
1391 1399 1421 1431 ei
1434 1400 1624 1438 desomnem&

767 1502 950 1515 mmooae
953 1502 1012 1516 m

159 1580 331 1610 vern—52
353 1577 365 1595 ‘
381 1578 532 1618 Primus,
559 1583 596 1610 nt
620 1582 717 1620 puto,
745 1578 853 1610 Aldus
872 1579 995 1612 Cicer-ri
1009 1579 1153 1612 invexit.
1196 1581 1424 1621 vetustiores,
1439 1581 1518 1613 duae
1534 1580 1625 1611 scili-

159 1625 218 1652 eet
233 1619 376 1652 Venetoe
391 1625 428 1652 et
445 1621 667 1659 Locioeriana,
683 1621 834 1653 Cicirrhi.
878 1622 935 1654 Sic
955 1627 991 1654 et
1006 1623 1196 1662 Torrentii,
1221 1624 1418 1663 Pnlmanni,
1443 1625 1623 1655 Ber-sman-

159 1663 262 1704 nique
276 1663 405 1705 aliquot
422 1673 500 1695 cum
518 1664 625 1703 Regio
642 1664 770 1695 Cicirri.
816 1665 1026 1696 Revocanda
1041 1670 1094 1696 est
1110 1666 1230 1707 utique
1245 1666 1350 1697 lectio
1367 1666 1519 1706 antiqua.
1567 1665 1623 1696 Ci-

158 1705 262 1737 civ-m
285 1711 340 1737 est
362 1705 506 1746 xixifipos,
526 1707 642 1743 gallus.
699 1706 914 1746 Hesychius:
939 1706 1094 1747 Κίκιῤῥος,
1121 1708 1323 1749 ἀλεισρυῶν.’
1346 1709 1455 1740 Bentl.
1503 1707 1623 1738 Cicirri

159 1749 264 1779 etiam
279 1747 378 1780 Gott.
394 1749 541 1780 Mediol.
557 1751 653 1781 1477.
674 1748 816 1780 Venett.
834 1751 929 1780 1477.
944 1753 1038 1782 1478.
1058 1753 1151 1782 1479.
1175 1751 1327 1782 Floreat.
1347 1752 1442 1782 1482.
1474 1749 1622 1788 Cuning.

159 1794 196 1822 et
227 1793 463 1822 recente-54
489 1791 688 1822 Contulerint
711 1791 798 1822 Exc.
829 1791 911 1822 Sax.
937 1792 1055 1823 Zarot.
1079 1792 1223 1824 Mediol.
1250 1795 1345 1824 1477.
1371 1798 1407 1823 et
1432 1791 1624 1832 Cuning.—

157 1834 200 1864 ⁶8
222 1831 368 1874 Accipito
391 1833 595 1865 Zeton—60
618 1833 718 1866 Gott.
747 1833 846 1865 Harl.
863 1836 894 1865 3.
923 1837 955 1865 6.
979 1834 1120 1866 Mediol.
1148 1837 1244 1867 1477.
1269 1835 1396 1866 Venet.
1423 1837 1520 1866 1479.
1544 1834 1621 1864 Flo-

160 1880 250 1908 rem.
270 1878 366 1908 1482.
389 1875 506 1908 Bentl.
534 1875 682 1917 Cuning.
710 1875 834 1908 Sanad.
859 1876 1016 1918 Francis,
1041 1877 1187 1909 Wetzel.
1213 1875 1398 1918 Heindorf,
1423 1875 1561 1908 Wakef.
1587 1879 1624 1908 et

819 1979 960 2012 NOTAE

203 2056 246 2086 ⁵4
264 2053 369 2095 Messi
383 2055 499 2087 clarum
508 2065 609 2095 genus
624 2055 717 2096 Osci]
753 2037 864 2087 Itoni·

163 2112 202 2134 ce
222 2112 373 2143 ‚pi-orsus.
418 2105 508 2136 Nam
529 2105 563 2135 Ιιί
587 2104 780 2144 Campaniae
806 2114 863 2144 po-

163 2152 249 2193 puli,
266 2151 301 2183 in
318 2153 410 2184 Latii
433 2158 470 2184 et
491 2153 621 2184 Samnii
644 2152 790 2185 confinio
806 2153 864 2186 de-

104 2214 109 2218 ·
163 2207 296 2242 gentes,
313 2211 378 2234 non
403 2203 511 2234 solum
538 2202 718 2243 ignobiles,
741 2203 802 2235 scd
827 2209 865 2236 et

162 2250 431 2285 infamauerunt.
474 2253 563 2285 Vide
578 2253 739 2285 strabon.
783 2254 864 2286 Huc

162 2301 266 2334 etiam
277 2301 362 2334 facit
372 2302 463 2344 quod
476 2305 486 2320 ‘
494 2303 691 2334 obscoenum
701 2302 710 2316 ¹
726 2303 864 2345 quidam

162 2350 206 2383 ab
239 2351 341 2384 Oscis
370 2352 558 2386 deducunt.
601 2353 724 2385 Festus
754 2353 864 2386 Oscos

164 2401 256 2444 prius
273 2401 408 2443 Opscos
434 2407 524 2435 teste
548 2403 659 2435 Ennio
675 2403 789 2435 dictos
804 2405 866 2444 ait,

161 2455 198 2483 et
208 2456 330 2493 stupra
344 2452 550 2485 itrconcessae
562 2453 726 2492 libidinis,
738 2453 781 2484 ab
793 2454 865 2494 ejus

164 2501 274 2543 gentis
290 2511 397 2543 pti-ava
422 2503 684 2544 consuetudine,
707 2503 866 2535 obscoena

165 2549 246 2591 diei,
254 2560 300 2583 ex
317 2552 452 2585 Verrio.

206 2602 248 2631 ⁵5
277 2600 438 2635 Sarmenti
465 2603 596 2636 domina
625 2603 730 2645 extat]
769 2604 862 2644 Ergo

167 2656 285 2680 servus
309 2655 384 2682 eant
409 2650 479 2695 illo,
498 2659 558 2689 aut
585 2654 700 2685 servili
724 2663 863 2695 genere.

167 2697 236 2739 Hic
249 2707 367 2730 scurra
381 2699 412 2734 A
471 2743 476 2747 ·
550 2703 656 2744 fuisse
677 2704 710 2735 in
732 2703 863 2735 deliciis

167 2751 271 2787 atque
287 2746 435 2782 Antonio
448 2759 665 2787 memoratur.
713 2755 765 2786 Ex
783 2754 865 2785 Plu·

168 2796 304 2828 tarcho:
328 2797 338 2814 ⁸
354 2797 502 2831 Antonio
521 2801 652 2835 infensa
673 2796 750 2836 erst
765 2804 863 2836 Cleo-

168 2849 280 2886 patra,
305 2847 396 2888 quod
424 2847 458 2880 iu
481 2858 576 2882 coena
599 2852 763 2897 dixisset,
779 2854 863 2895 ipsis

919 2055 1058 2097 quidem
1075 2057 1206 2089 acidum
1229 2058 1343 2089 vinum
1367 2056 1521 2089 infundi:
1546 2059 1624 2090 Sar-

918 2111 1070 2138 mentum
1087 2113 1201 2139 autem
1227 2108 1345 2140 Romae
1370 2109 1549 2140 Falernum
1566 2119 1625 2149 po·

920 2159 1008 2189 tare.
1061 2158 1148 2189 Erat
1165 2167 1245 2190 vero
1258 2159 1460 2190 Sarmentus
1478 2159 1624 2191 Caesaris

920 2206 1075 2238 servulu-
1091 2217 1135 2238 ex
1158 2207 1199 2239 iis
1219 2209 1275 2250 qni
1296 2207 1496 2240 festivitatis
1521 2218 1624 2240 causa

919 2253 1034 2287 haberi
1057 2258 1180 2293 solent,
1206 2267 1290 2299 quos
1315 2259 1459 2290 Romani
1482 2259 1623 2291 delicias

918 2307 1122 2346 appellant.’
1165 2308 1340 2341 Juvenalis
1367 2308 1465 2340 initio
1491 2309 1564 2340 Sat.
1588 2318 1623 2340 v.

918 2356 1072 2388 meminit
1087 2357 1185 2398 hujus
1199 2366 1338 2390 scurrae.

961 2408 1003 2437 58
1029 2407 1071 2445 O,
1087 2409 1142 2438 tua
1155 2417 1262 2447 comta,
1276 2407 1347 2447 ξω]
1372 2407 1492 2445 Pergit
1507 2406 1622 2438 convi-

921 2455 998 2487 tiari
1011 2456 1138 2488 Messio
1149 2457 1367 2488 Sarmentus:
1382 2455 1462 2497 quid
1479 2455 1623 2491 faceres,

919 2506 947 2537 si
963 2505 1057 2538 frons
1087 2512 1146 2538 tua
1171 2512 1262 2538 esset
1284 2506 1393 2536 adhuc
1417 2509 1548 2535 armata
1564 2504 1622 2535 illo

919 2565 1038 2597 cornu,
1054 2557 1143 2598 quod
1168 2560 1344 2587 exsectum
1369 2554 1432 2585 tibi
1452 2558 1505 2585 est
1522 2554 1621 2585 nimis

918 2605 1065 2637 terribili
1080 2610 1118 2637 et
1133 2604 1240 2636 feroci
1254 2605 1266 2635 ?
1288 2604 1499 2635 Sarcasmus.

959 2657 1002 2686 60
1026 2655 1080 2686 1112·
1096 2655 1188 2693 soedn
1213 2654 1360 2689 cicatrix,
1389 2653 1458 2694 &ct-J
1484 2653 1619 2695 Nempe

918 2704 1037 2736 Messii
1065 2704 1098 2735 iu
1126 2703 1240 2735 fronte
1261 2703 1452 2745 apparebat
1475 2704 1619 2736 cicatrix

919 2760 1069 2787 exsectae
1086 2763 1253 2792 verrucae,
1265 2763 1341 2795 quae
1358 2754 1529 2796 amputati
1544 2764 1619 2786 cor-

918 2814 963 2836 nu
979 2804 1129 2846 speciem
1147 2803 1341 2836 exhibebat.
