1930 3242
617 308 890 340 snmuouum
929 308 1026 341 mn.
1059 307 1111 339 11.
1140 296 1183 337 1.
1543 295 1628 337 915

183 403 304 455 Quid
324 402 503 452 faciam,
519 402 775 455 praescribe.
806 402 842 451 51
858 402 1091 453 Quiescas.
1121 399 1158 449 51
1175 398 1245 442 Ne
1263 398 1442 448 faciam,
1463 397 1630 452 inquis,

183 469 374 511 Omnino
395 468 578 511 versus?
637 466 673 516 51
697 467 799 510 Aio.
858 467 894 517 51
920 468 1101 510 Peream
1120 468 1248 516 male,
1268 467 1306 507 si
1327 478 1412 507 non
1600 464 1630 504 6

182 536 407 590 Optimum
427 537 540 575 erat:
570 546 720 574 verum
739 547 912 589 nequeo
933 534 1136 576 dormire.
1194 532 1230 582 51
1249 532 1336 574 Ter
1355 531 1480 573 uncti

180 601 459 644 Transnanto
476 600 686 657 Tiberim,
707 614 862 643 somno
884 602 1046 655 quibus
1068 604 1136 641 est
1157 613 1272 654 opus
1293 600 1400 650 alto,

183 668 484 721 Irriguumque
503 679 623 708 mero
643 669 724 708 sub
744 673 918 709 noctem
939 680 1102 721 corpus
1120 667 1329 708 habento.

183 734 294 785 Aut,
313 734 352 776 si
372 737 519 775 tantus
540 746 662 775 amor
678 734 897 775 scribendi
916 738 960 775 te
977 733 1104 786 rapit,
1128 733 1242 774 aude

183 800 376 843 Caesaris
394 800 547 841 invicti
569 813 638 841 res
661 801 821 850 dicere,
843 800 988 841 multa
1006 800 1206 840 laborum

183 867 375 909 Praemia
393 867 577 908 laturus.
635 866 670 915 51
693 867 931 920 Cupidum,
953 869 1081 920 pater
1100 866 1280 919 optime,
1301 866 1419 907 vires

183 932 404 974 Deficiunt
421 946 431 974 :
459 945 602 985 neque
621 933 736 973 enim
756 933 903 986 quivis
923 932 1147 974 horrentia
1161 932 1264 985 pilis

181 998 386 1053 Agmina,
405 1013 486 1041 nec
506 999 649 1041 fracta
670 1003 902 1053 pereuntes
920 999 1107 1053 cuspide
1129 997 1302 1049 Gallos,

1574 731 1630 772 10

179 1117 336 1149 Tanau.
353 1118 497 1150 Abstine.
523 1118 620 1150 Hon.
639 1119 746 1160 Dicis,
761 1129 799 1151 ne
813 1120 936 1151 omnino
950 1120 1083 1151 scribam
1097 1127 1203 1150 versioe
1215 1122 1228 1149 ?
1262 1118 1375 1150 Tru-:n-
1391 1118 1485 1150 Dico.
1531 1117 1630 1150 Hon.

182 1159 304 1190 Mieere
317 1161 479 1200 inteream,
493 1160 557 1191 nisi
570 1162 721 1200 optimum
735 1161 822 1199 foret
834 1172 844 1192 .·
867 1165 901 1193 ut
916 1163 1051 1193 dorrnire
1066 1171 1127 1192 non
1148 1170 1282 1200 possum.
1326 1161 1439 1192 TREB.
1460 1160 1526 1196 Qui
1540 1163 1633 1199 egent

180 1201 332 1240 profundo
353 1212 471 1242 sopore,
497 1203 561 1234 oleo
585 1203 716 1234 delibuti
736 1206 785 1234 ter
809 1204 944 1235 Tiberim
959 1205 1169 1238 transnatent,
1185 1206 1277 1242 atque
1296 1203 1417 1243 vesperi
1436 1202 1506 1234 vino
1528 1211 1638 1242 corpus

181 1243 329 1282 irrigent.
381 1244 437 1275 Vel
458 1245 486 1275 ai
507 1248 572 1275 tam
594 1245 752 1276 vehemens
766 1246 920 1278 ecribendi
941 1246 1048 1286 cupido
1064 1249 1094 1276 te
1107 1248 1249 1284 occupat,
1261 1244 1479 1285 insuperabilis
1493 1243 1637 1283 Augusti

173 1284 322 1321 facinora
345 1287 480 1318 canenda
503 1287 635 1327 suscipe,
659 1287 819 1326 ingentem
840 1297 941 1328 operoe
964 1288 1132 1319 mercedem
1150 1290 1342 1326 accepturus.
1387 1286 1484 1318 Hon.
1512 1287 1542 1317 Ο
1560 1286 1636 1316 bone

179 1336 304 1366 parens,
318 1328 491 1368 cupientem
505 1331 594 1359 nerei
608 1329 794 1360 destituunt.
841 1330 909 1361 Nec
930 1330 1011 1361 enim
1033 1330 1159 1369 quisque
1172 1329 1254 1359 valet
1266 1328 1368 1359 dicere
1380 1329 1518 1359 cohortes
1531 1327 1633 1367 spieu-

181 1369 224 1399 lis
239 1378 376 1410 asperus,
388 1373 444 1401 out
459 1370 569 1401 Gallos
583 1371 686 1411 ruptis
699 1371 771 1402 tetis
787 1371 965 1411 morientes,
979 1371 1029 1402 vel
1043 1371 1181 1403 Parthos
1196 1369 1282 1412 equi-³
1295 1370 1471 1401 decicit-tes
1488 1379 1556 1410 prae
1570 1369 1637 1400 vuc-

786 1462 925 1474 ‘coece‘
929 1461 1026 1474 MC&

179 1518 201 1546 9
223 1514 421 1554 Irriguumve
437 1515 598 1556 Rutgers.
613 1518 648 1547 et
666 1514 761 1546 Harl.
783 1517 902 1546 2.-10
928 1513 1027 1545 Gott.
1043 1514 1133 1545 Exc.
1148 1514 1231 1547 Sax.
1247 1522 1364 1545 omnen
1380 1513 1480 1545 Harl.
1498 1514 1570 1556 alii,
1585 1523 1637 1546 ra-

176 1557 247 1598 piae‚·
269 1557 328 1589 sed
345 1557 460 1590 Bentl.
473 1567 519 1589 ex
534 1567 599 1589 uuo
616 1558 693 1590 cod.
711 1557 862 1589 Colbert.
878 1557 1059 1596 capia-14
1084 1557 1169 1588 Exc.
1183 1557 1267 1588 Sax.
1283 1556 1430 1597 Cuning.
1454 1562 1490 1588 et
1510 1557 1636 1589 Sanad.

710 1615 734 1635 Ί

830 1652 978 1685 NOTAE

226 1717 367 1758 Trebati]
389 1718 429 1749 C.
443 1717 623 1749 Trebatius
643 1717 747 1748 Testa
767 1716 880 1758 probi·

181 1766 362 1807 tate,juris
374 1767 533 1805 scientia,
547 1767 672 1799 bellica
695 1767 796 1798 etiam
815 1765 880 1796 vir—

179 1819 255 1847 tute
271 1815 412 1856 insignis
426 1826 434 1847 :
458 1817 572 1856 Eques
590 1817 772 1851 Romanus,
786 1815 880 1848 Julio

181 1865 309 1898 Caenari
324 1875 435 1906 carue,
446 1871 481 1897 et
493 1866 624 1897 assecla
640 1874 820 1905 comesque
836 1863 880 1895 ad

180 1914 306 1946 bellum
342 1914 536 1946 Gallicum:
573 1914 682 1944 Tullio
721 1912 880 1945 Ciceroni

183 1972 343 2005 perquam
359 1962 535 1994 familiaris
550 1967 586 1994 et
602 1963 727 1994 amicus
743 1962 879 2003 passim-

185 2020 251 2052 que
271 2011 438 2043 laudatus.
473 2013 586 2054 Epist.
613 2012 655 2043 ad
679 2011 797 2044 Famil.
820 2011 879 2043 lib.

185 2068 253 2091 vn.
275 2060 319 2091 ad
342 2060 451 2092 Attic-
477 2061 538 2092 lib.
562 2070 596 2092 x.
622 2065 651 2093 l.
675 2062 794 2101 Topic.
815 2063 881 2093 &m

186 2108 286 2142 Alex.
300 2108 342 2140 ab
358 2109 458 2141 Alex.
471 2119 521 2142 vr.
544 2113 598 2141 23.
624 2110 755 2149 scribit,
770 2111 780 2127 ‘
795 2110 880 2141 Tre-

185 2160 315 2191 batium
329 2160 392 2191 sub
406 2160 586 2201 disciplina
602 2160 777 2192 Ciceronis
787 2160 881 2193 Jurie

187 2209 426 2250 peritissimum
453 2210 580 2251 aliquot
602 2209 706 2240 libros
729 2209 772 2240 de
797 2210 882 2243 Jure

185 2258 288 2290 Civili
311 2259 554 2299 composuisse,
586 2268 626 2290 ac
649 2258 692 2289 de
715 2259 883 2299 religioni·

185 2308 247 2340 bus
281 2317 421 2340 novem:
452 2318 585 2340 necnon
614 2308 748 2339 heroico
780 2318 883 2340 versu

187 2357 366 2399 plurimum
390 2358 549 2394 valuisse,
570 2362 672 2398 atque
698 2358 787 2388 inter
804 2357 883 2398 poe-

187 2413 241 2440 tas
256 2407 537 2440 annumeratum.’

229 2462 248 2490 5
273 2459 432 2495 Quiescas.
451 2481 460 2490 .
479 2481 487 2490 .
503 2481 511 2490 .
527 2457 605 2498 Aio]
629 2457 781 2489 Adverte
811 2456 882 2488 dic-

190 2508 298 2539 tiones
310 2508 559 2541 Jurisconsulto
575 2506 811 2549 praescribenti
827 2515 883 2537 ac-

191 2557 431 2588 commodatae.

233 2606 253 2635 7
278 2605 338 2636 Ter
358 2608 444 2636 uncti
468 2606 672 2647 humanato,
686 2606 756 2646 εμπ]
780 2605 882 2637 Joco-

190 2663 239 2685 ιε
255 2654 470 2694 querimoniae
489 2656 603 2695 jocosa
628 2661 662 2686 et
689 2654 812 2686 callida
831 2663 882 2684 re·

193 2702 341 2743 sponsio,
366 2707 460 2733 certe
488 2708 568 2743 apta
596 2703 722 2735 homini
745 2702 883 2734 natandi

193 2751 449 2790 studiosissimo,
473 2753 603 2792 qualem
631 2752 735 2784 fuisse
756 2751 884 2784 Treba-

195 2801 279 2832 tium
306 2800 389 2831 dicit
416 2799 548 2832 Tullius
580 2801 692 2841 Epist.
730 2810 798 2832 vu.
832 2804 885 2833 10.

933 1716 942 1733 ‘
961 1715 1001 1746 In
1036 1724 1074 1746 re
1106 1714 1246 1746 militari
1275 1714 1385 1745 multo
1415 1722 1452 1745 es
1488 1714 1636 1753 cautior,

933 1774 1033 1806 quam
1055 1765 1090 1795 in
1114 1759 1417 1802 advocationibus;
1441 1763 1499 1804 qui
1524 1772 1636 1805 neque

933 1815 967 1846 in
985 1816 1126 1847 Oceano
1141 1819 1260 1846 natare
1273 1814 1418 1845 volueris
1430 1812 1639 1845 studiosissi-

933 1874 1007 1896 mus
1022 1865 1122 1895 homo
1133 1863 1273 1895 natandi
1290 1884 1298 1894 .
1315 1884 1324 1893 .
1341 1883 1350 1893 .
1365 1884 1375 1894 .
1392 1862 1452 1894 sed
1464 1863 1538 1903 Jam
1553 1863 1636 1894 satis

926 1915 1039 1955 jocati
1054 1913 1192 1953 sumus‚’
1208 1915 1275 1944 &c-

975 1962 1050 2003 Ter]
1073 1962 1235 2004 Corporis
1258 1961 1456 2004 defatigatio
1481 1971 1636 1994 somnum

934 2012 1108 2044 conciliat.

981 2062 1092 2102 Uncti]
1127 2061 1207 2094 olei
1233 2061 1349 2093 calore
1377 2060 1577 2093 muniebant
1598 2070 1636 2092 se

934 2112 1085 2143 nataturi
1102 2112 1266 2143 adversus
1282 2121 1379 2152 aquae
1397 2110 1516 2151 frigus.

977 2164 998 2192 9
1021 2161 1242 2200 Irriguumque
1270 2171 1366 2200 mero,
1404 2160 1474 2201 Esca]
1513 2161 1636 2201 Neque

935 2209 999 2241 hoc
1023 2219 1041 2240 a
1070 2210 1222 2241 Trebatii
1254 2210 1405 2242 moribus
1434 2215 1470 2241 et
1498 2210 1635 2250 ingenio

938 2268 1075 2298 prorsus
1100 2258 1303 2297 abhorren135
1326 2258 1374 2290 ait
1394 2259 1483 2289 enim
1499 2259 1542 2290 ad
1560 2267 1636 2289 eum

937 2308 1069 2339 Tullius
1105 2307 1214 2348 Epist.
1251 2316 1318 2339 vu.
1348 2310 1401 2340 22.
1446 2307 1456 2325 ‘
1473 2308 1636 2339 Illuseras

936 2356 1009 2388 heri
1037 2357 1126 2388 inter
1155 2356 1314 2398 scyphos,
1338 2357 1432 2398 quod
1459 2354 1636 2393 dixeram,’

937 2408 1001 2438 &c.

981 2457 1020 2486 12
1044 2455 1145 2486 Pater
1165 2454 1296 2495 optime]
1327 2455 1400 2485 Cic.
1427 2453 1539 2493 Epist.
1566 2460 1635 2483 vu.

939 2506 990 2535 16.
1029 2504 1039 2521 ‘
1055 2504 1107 2535 Tu
1123 2504 1166 2535 mi
1184 2504 1311 2543 vetule,
1328 2512 1394 2533 non
1412 2500 1512 2539 sero,’
1528 2503 1592 2531 &c.

982 2555 1022 2584 14
1051 2553 1166 2584 Fracta
1188 2555 1349 2591 pereuntes
1363 2551 1487 2591 cuspide
1511 2548 1637 2590 Galum]

937 2603 989 2634 Ex
1006 2602 1146 2632 historia
1161 2601 1200 2632 C.
1225 2600 1341 2641 Marii,
1357 2609 1456 2639 quem
1473 2599 1635 2630 adversus

938 2651 1092 2683 Cimbros
1123 2655 1330 2691 pugnantem
1355 2649 1561 2680 Plutarchus
1583 2657 1636 2679 re·

937 2701 1006 2732 fert
1032 2710 1119 2731 nova
1143 2700 1212 2730 tela
1227 2699 1451 2738 excogitasse.
1494 2698 1636 2729 Scilicet

938 2752 1036 2782 hasta
1050 2750 1175 2790 lignea,
1192 2758 1266 2790 quae
1283 2747 1409 2780 ferrum
1432 2747 1637 2787 ingreditur,

940 2799 1070 2831 duabus
1086 2798 1198 2830 fibulis
1223 2796 1345 2829 ferreis
1368 2796 1535 2829 contineri
1551 2797 1636 2829 sole-
