1890 3256
586 286 864 317 sunnonem
901 286 996 316 mn.
1030 286 1082 317 11.
1113 276 1156 315 4.

1510 275 1596 317 991

140 377 254 428 Quae
275 377 314 418 si
339 377 436 431 quis
457 389 591 418 sanus
611 377 737 426 fecit,
758 389 896 418 sanus
915 377 1028 419 facis
1050 380 1096 417 et
1117 378 1177 417 tu.

141 444 246 486 Non
266 444 369 486 dico
387 444 645 486 horrendam
665 445 842 486 rabiem.

142 512 360 565 Majorem
380 523 532 553 censu.

899 443 935 493 ἺῘ
957 444 987 486 J
991 456 1063 485 am
1083 442 1248 484 desine.
1307 441 1343 491 Ἣ
1364 441 1541 483 Cultum

591 509 628 559 ῚῘ
646 510 840 560 Teneas,
864 510 1155 564 Damassppe,
1176 508 1265 551 tuis
1285 512 1343 550 te.

141 578 177 628 ἿῘ
201 578 327 620 Mille
345 577 609 631 puellarum,
630 590 868 630 puerorum
890 576 1010 618 mille
1031 576 1214 618 furores.

1513 575 1600 617 325

142 645 179 694 ἹῘ
202 644 242 686 Ο
264 644 404 700 major
426 643 600 686 tandem
622 657 806 699 parcaS,
828 644 996 693 insane,
1017 643 1193 684 minori.

137 782 234 814 pone.
229 772 256 815 ·)
271 783 341 815 quoe
352 773 382 805 si
392 773 499 805 condit
510 773 636 814 sapiens
649 773 823 814 quisquam,
841 777 877 805 tu
890 783 1006 814 quoque
1019 774 1104 813 sapis
1119 773 1173 804 illa
1179 773 1316 811 faciens.
1364 772 1464 803 Taceo
1478 771 1601 804 iracun-

140 816 226 848 diam
234 825 425 856 graviorem,
442 815 607 858 (Honnr.
625 816 694 847 Ohe
705 817 784 847 satis
797 818 844 847 est
847 815 875 856 )
887 816 1020 847 nator-em
1025 816 1201 854 facultates
1215 816 1423 853 excedentem,
1435 814 1602 856 (noun.

144 858 175 888 Ο
189 857 391 900 Damasippo,
400 868 506 890 rerum
518 862 628 898 satage
641 859 796 890 duntaxat
813 857 968 899 tuarum)
979 867 1100 889 amores
1111 861 1329 889 sexcentarum
1342 858 1514 898 puellarum
1529 857 1604 888 toti-

140 901 267 942 demque
276 910 453 942 puerorum.
497 901 641 934 HoRAT.
669 901 699 932 0
713 901 879 932 stultorum
893 900 1040 938 maxime,
1055 900 1184 940 indulge
1198 901 1329 940 denique
1344 899 1470 931 minori.

747 992 908 1006 eoeeoeoe
892 993 991 1009 coece

141 1049 196 1087 dfe.
221 1048 366 1089 Cuning.
388 1058 432 1080 ex
454 1047 544 1088 conj.
567 1057 711 1090 eumque
729 1052 869 1080 secutus
892 1049 1128 1082 Sauad.—322
1154 1048 1263 1080 Codd.
1282 1047 1438 1080 Lambini
1461 1052 1496 1079 et
1522 1048 1604 1079 Bos.

144 1091 360 1128 Auim.s‹1cit,
374 1095 405 1123 et
420 1100 514 1122 sanus
520 1091 637 1130 facies.

143 1135 322 1166 ceu—323
346 1133 432 1165 Exc.
449 1133 532 1165 Sax.
552 1133 625 1165 Non
639 1133 756 1165 dicam.

678 1091 758 1122 Duo
772 1091 1060 1132 Torrentii,facit,
1076 1095 1105 1123 et
1120 1091 1337 1132 satisfacias,
1352 1090 1443 1133 quod
1459 1091 1509 1122 iiii
1532 1090 1603 1132 pla-

810 1218 955 1251 NOTAE

146 1286 197 1314 tas
212 1279 457 1313 Democritus:

190 1333 303 1364 Oleum
327 1332 407 1364 adde
441 1332 577 1373 camino]
622 1332 849 1364 Proverbium

146 1389 221 1415 est:
245 1381 375 1413 indicat
395 1380 452 1413 hic
476 1381 645 1413 hominem
661 1383 734 1423 jam
758 1380 850 1412 forte

145 1433 314 1472 insanum,
331 1431 359 1462 si
372 1440 491 1462 versus
506 1429 656 1463 faciendi
672 1430 850 1472 prurigine

145 1483 286 1524 insuper
301 1480 477 1520 titillatur,
501 1480 631 1522 duplici
653 1480 786 1512 insania
801 1481 849 1512 la-

145 1534 283 1566 horare.

150 1596 157 1599 >
187 1584 251 1615 323
275 1581 477 1613 Hei-rendam
501 1580 628 1622 rabiem,
653 1581 722 1623 ξι]
756 1581 849 1613 Pati-

145 1633 275 1666 entiam
289 1632 443 1673 inprimis
457 1631 619 1664 colebant
631 1631 760 1663 Stoici:
779 1632 850 1662 cul-

147 1689 219 1716 tum
236 1691 316 1714 vero
328 1681 482 1722 corporis
495 1685 531 1712 et
543 1681 690 1712 nitorem
705 1679 850 1712 vestium

146 1729 379 1773 negligebant.
425 1730 503 1761 Duo
516 1729 567 1761 his
587 1729 760 1761 contraris
784 1729 851 1760 Da-

145 1781 322 1822 masippus
337 1779 459 1821 objicit
476 1779 639 1812 Horatio.
673 1780 760 1812 Qnoe
779 1779 853 1821 qui-

147 1832 227 1864 dem
257 1831 333 1872 ipse
360 1838 426 1861 non
451 1828 631 1861 diffitetur.
677 1830 766 1861 Nam
787 1830 852 1861 ira-

147 1881 296 1915 cundum
322 1889 382 1911 seu
410 1878 533 1910 ‘irasci
562 1878 717 1910 facilem'
740 1888 776 1910 se
803 1879 853 1910 in·

149 1932 235 1971 nuit,
261 1935 332 1963 tum
368 1928 403 1960 in
428 1929 538 1971 Epist.
564 1929 624 1961 ult.
647 1928 708 1960 lib.
732 1937 758 1960 ι.
781 1933 852 1960 tum

149 1981 230 2014 alibi
244 1989 314 2013 non
335 1979 468 2011 semel:
493 1978 624 2011 cultum
651 1988 734 2011 vero
758 1988 853 2010 mnn-

904 1283 1033 1314 diorem
1064 1288 1166 1325 atque
1193 1284 1354 1326 majorem
1378 1292 1484 1315 censu
1503 1281 1606 1314 etiam

904 1332 1060 1364 declarat
1080 1342 1105 1365 1.
1120 1334 1191 1364 Sat.
1207 1336 1239 1366 6.
1251 1336 1306 1365 ⁷8.

945 1382 1023 1413 Jam
1037 1382 1155 1422 desine]
1167 1382 1255 1414 Haec
1271 1387 1307 1414 et
1322 1381 1503 1423 sequentia
1517 1389 1608 1421 quae-

903 1429 982 1461 dam
1011 1430 1230 1462 iracundnlus
1263 1431 1400 1471 reponit
1427 1429 1608 1469 Horatius,

903 1478 1029 1510 erebro
1079 1479 1323 1521 Damasippum
1368 1478 1609 1520 interpeiians,

904 1533 974 1560 tam
990 1528 1106 1569 lepide
1122 1539 1223 1570 quam
1241 1530 1341 1561 salse.

946 1580 1010 1609 324
1037 1579 1165 1618 Tenens,
1177 1579 1379 1620 Damasippe,
1389 1579 1452 1610 tuis
1468 1578 1514 1620 te]
1536 1579 1608 1610 Tua

906 1627 989 1659 vitia
1006 1627 1151 1668 discute,
1165 1637 1232 1659 non
1249 1637 1336 1660 mea.

947 1679 1009 1709 325
1034 1678 1127 1709 Mine
1140 1678 1325 1718 puellarum,
1339 1676 1410 1716 Sym]
1425 1678 1507 1709 Erat
1517 1678 1609 1709 enim

906 1727 1108 1759 libidinosus
1124 1727 1319 1767 admodum,
1335 1733 1440 1769 atque
1465 1729 1475 1746 ‘
1490 1728 1524 1759 in
1540 1728 1609 1760 Ve-

906 1787 1022 1810 nerem
1055 1777 1188 1819 putris,'
1218 1782 1258 1810 ut
1287 1778 1440 1820 loquitur
1470 1777 1610 1810 Persius

906 1828 981 1860 Sat.
999 1837 1035 1860 v.

951 1879 1015 1909 326
1037 1877 1147 1917 qu'or
1161 1878 1286 1909 tandem
1296 1886 1420 1918 parcas,
1434 1877 1502 1918 ἐξα]
1524 1877 1609 1910 Cum

905 1927 953 1959 sis
969 1927 1116 1958 maxime
1143 1927 1293 1967 insanus,
1321 1927 1401 1958 mihi
1423 1937 1526 1968 parce
1548 1927 1610 1959 mi-

906 1988 970 2010 nus
988 1983 1023 2010 te
1041 1979 1170 2009 insano.

710 2177 946 2220 SATlRA
978 2178 1061 2220 1V.

154 2279 264 2310 Leves
290 2278 477 2310 Catiliones
493 2278 674 2319 Epicureae
695 2278 809 2310 Sectae
824 2277 973 2310 deridet.
1006 2279 1106 2310 Baxt.
1151 2279 1270 2321 (eonf.
1286 2289 1328 2313 ιι.
1351 2281 1424 2312 Sat.
1442 2284 1472 2313 8.
1498 2280 1612 2322 Gesn.)

197 2331 261 2363 Est
274 2331 443 2374 quoddam
458 2341 563 2372 genus
579 2331 762 2371 hominnm,
776 2332 834 2373 qni
850 2331 963 2363 studio
979 2341 1091 2364 rerum
1114 2333 1384 2365 tenuissimarum
1409 2338 1445 2365 et
1468 2334 1612 2364 maxime

158 2399 161 2402 ·
199 2384 388 2425 vulgarium
406 2394 447 2416 ac
462 2383 656 2425 cognitione
673 2384 892 2415 vehementer
907 2383 1133 2424 delectantur,
1148 2387 1433 2427 easquejactant‚
1450 2392 1612 2426 tanquam

157 2448 162 2454 ·
197 2447 250 2469 res
273 2437 409 2469 maximi
435 2437 598 2469 momenti
620 2436 872 2477 commendant,
895 2441 930 2468 et
953 2446 1023 2478 prae
1050 2438 1116 2469 iilis
1139 2440 1353 2479 gravissimas
1375 2442 1611 2470 contemnunt.

199 2490 273 2522 Hos
286 2489 422 2522 videtur
438 2490 549 2522 ridere
566 2489 676 2522 Poeta
691 2490 753 2521 sub
771 2490 905 2521 nomine
922 2490 1011 2522 Catii
1025 2492 1212 2532 enjusdam,
1225 2493 1281 2533 qui
1297 2502 1372 2533 quae
1388 2491 1429 2522 de
1446 2500 1481 2521 re
1497 2490 1612 2531 coqui-

145 2585 147 2587 ·
200 2542 297 2577 utria
319 2543 419 2574 modo
441 2553 485 2576 ex
508 2544 672 2585 magistro
693 2543 825 2574 audivit
841 2548 1019 2584 praecepta
1035 2544 1117 2575 satis
1135 2545 1299 2584 vulgaria,
1314 2553 1355 2574 ea
1370 2543 1468 2574 vaide
1486 2543 1613 2584 iaudat,

201 2594 325 2635 cupide
341 2595 478 2637 recitat,
493 2596 642 2639 ipsisque
658 2605 863 2627 summorum
880 2595 1157 2636 philosophorum
1183 2597 1225 2626 de
1249 2596 1319 2626 vita
1342 2595 1444 2627 beata
1468 2595 1613 2636 praefert

203 2647 401 2688 praeceptis.
431 2648 518 2680 Sunt
533 2654 648 2681 autem
663 2647 909 2690 septemdecim
923 2658 931 2678 :
957 2648 999 2679 de
1016 2647 1100 2688 ovis,
1112 2647 1273 2684 oleribus,
1285 2647 1409 2688 gallina
1421 2649 1615 2689 mactanda,

202 2698 329 2740 fungis,
345 2701 461 2739 moris,
473 2702 593 2742 mulso,
608 2703 806 2744 conchynis‚
813 2701 892 2743 jure
909 2700 1058 2742 piscibus
1074 2705 1167 2741 apto,
1183 2701 1287 2741 apris,
1301 2700 1465 2742 piscibus,
1479 2701 1613 2733 avibus-

203 2762 281 2794 que.
297 2752 384 2794 oleo,
397 2753 498 2795 vinis,
513 2754 597 2787 cibis
613 2757 824 2789 stomachum
839 2754 1150 2794 corroborantibus,
1166 2754 1295 2795 duplici
1316 2754 1409 2795 jure,
1425 2754 1547 2796 pomis,
1569 2755 1612 2786 de

205 2805 294 2837 vasis
307 2810 342 2838 et
358 2806 536 2838 munditie.
559 2804 564 2805 ⁷
