1904 3256
664 300 853 333 EPODnN
887 301 1054 333 LIBER·

1499 293 1584 335 651

362 393 612 448 Forumque
631 397 759 446 vitat,
781 400 826 438 et
845 398 1041 452 superba
1059 397 1224 439 civium

420 462 729 504 Potentiorum
749 464 914 506 limina.

360 528 479 582 Ergo
498 533 577 570 aut
598 529 749 571 adulta
769 531 922 572 vitium
942 531 1183 586 propagine

414 593 545 637 Altas
564 597 744 637 maritat
762 597 970 651 populos,

1529 599 1585 639 10

134 721 190 743 nec
213 711 304 744 timet
322 713 525 754 procellosum
542 722 647 744 mare.-
668 713 763 753 sugit
787 715 858 746 lites
882 718 914 747 et
939 716 1042 748 domos
1064 715 1211 757 superbas
1234 716 1444 757 opulentorum
1459 715 1584 746 civium-

134 754 245 796 Itaque
257 756 308 787 vel
317 756 461 797 palmites
475 756 586 787 vitium
598 760 768 789 crescentes
781 758 894 798 alligat
910 758 1039 790 excelsis
1051 759 1172 799 populis
1180 769 1194 796 ;
1209 762 1301 800 atque
1314 758 1434 791 steriles
1447 758 1584 790 surculos

732 851 810 864 &NG
813 851 952 865 “m“
955 853 973 864 0

131 914 231 947 Harl.
248 918 278 947 l.
291 918 324 948 2.
338 918 371 948 3.
394 917 437 948 al.
453 926 530 949 cum
547 917 626 949 edd.
649 918 766 950 Zarot.
782 919 921 950 Venett.
942 917 1086 950 Mediol.
1105 918 1266 950 Glarean.
1287 917 1444 949 Torrent.
1467 918 1583 949 Bentl.

131 958 250 998 Stepb.
267 958 389 990 Heius.
405 959 516 991 Bond.
529 960 704 992 Schrevel.
720 961 845 1002 Delpb.
859 961 976 992 Bentl.
993 966 1028 992 et
1045 961 1151 993 Kidd.
1185 961 1295 1001 Neque
1310 961 1415 992 horret
1437 959 1535 992 Harl.
1550 963 1582 992 4.

131 1003 164 1032 6.
187 1000 310 1032 mand.
336 1004 367 1034 1.
389 1005 421 1034 2.
445 1005 476 1034 3.
497 1005 532 1034 4.
555 1003 662 1035 ceteri
690 1002 791 1036 codd.
815 1013 892 1035 cum
917 1003 997 1035 edd.
1023 1003 1128 1035 Baxt.
1153 1003 1299 1043 Cuning.
1326 1003 1430 1044 Cruq.
1455 1003 1583 1034 Sanad.

131 1042 287 1078 Francis.
307 1044 460 1084 Towers,
485 1045 627 1086 Bipont.
655 1046 794 1077 Mitscb.
810 1046 952 1078 Wetzel.
967 1045 1104 1077 Wakef.
1121 1050 1158 1077 et
1173 1046 1378 1078 Comb.—10
1401 1045 1583 1077 Lambinus

132 1085 256 1126 qnaerit
270 1095 330 1117 cur
345 1086 439 1118 Altae
454 1087 509 1119 hic
526 1089 680 1129 appellet
693 1090 821 1129 populos
834 1088 1011 1129 Horatius,
1027 1093 1063 1120 et
1078 1098 1166 1120 anne
1179 1089 1279 1120 Albas
1295 1098 1462 1129 reponere
1477 1089 1582 1120 satius

131 1133 235 1160 esset.
278 1129 288 1145 ‘
304 1129 395 1162 Quid
411 1129 439 1161 si
453 1129 532 1172 (pro
550 1130 697 1172 populos)
721 1132 875 1172 legamus
889 1131 1007 1172 opulas,
1023 1131 1146 1172 quibus
1163 1132 1247 1163 mire
1263 1131 1414 1172 gaudent
1430 1131 1530 1171 vites,
1546 1134 1585 1162 ut

788 1226 932 1259 NOTAE

130 1297 197 1329 qne
212 1288 349 1328 attinet,
361 1290 592 1322 truculentum
607 1294 661 1322 est
674 1296 711 1322 et
723 1290 831 1322 horri-

130 1338 208 1370 bile.
256 1339 376 1379 Porro,
405 1341 416 1358 ‘
426 1341 568 1373 classica
590 1345 670 1372 sunt
691 1350 832 1380 cornua,

130 1397 208 1429 qnae
223 1389 433 1421 convocandi
448 1399 552 1422 causa
567 1389 707 1421 fuerunt
719 1389 828 1421 facta:

129 1443 165 1470 ct
179 1447 199 1470 ι
214 1439 359 1470 colando
379 1440 558 1471 classicum
581 1440 678 1481 quasi
694 1440 830 1470 calassi-

128 1497 204 1521 cnm
219 1488 367 1521 dicitur!
411 1489 535 1521 Isidor.
552 1497 660 1521 xvm.
674 1492 707 1520 4.
737 1488 826 1520 Vide

127 1538 218 1571 infra
234 1548 350 1571 versus
366 1540 502 1581 Virgilii
524 1549 602 1571 mox
624 1537 827 1580 afferendos,

126 1588 193 1621 huc
208 1594 245 1621 et
264 1590 307 1621 ad
321 1590 500 1632 sequentia
515 1590 740 1631 pertinentes.

170 1642 192 1672 6
208 1639 319 1680 Neque
327 1639 434 1672 horret
445 1640 562 1672 iratum
573 1639 673 1680 mare]
687 1639 776 1678 Nec,
788 1643 827 1671 ut

126 1689 357 1731 negotiatores
369 1699 409 1722 ac
424 1694 646 1730 mercatores,
659 1690 827 1731 navigati-

127 1739 202 1772 onis
215 1738 286 1773 fert
306 1740 530 1780 incommoda,
555 1744 615 1772 aut
629 1739 731 1771 maris
747 1739 827 1771 irati

124 1789 282 1823 horrores
311 1790 503 1831 experitur.
545 1790 636 1822 Vide
668 1789 828 1823 Juvenal.

126 1840 198 1872 Sat.
214 1849 283 1873 xn.
328 1841 419 1872 Item
440 1851 517 1882 quae
544 1840 703 1873 annotavi
719 1849 743 1871 ι.
758 1839 826 1872 od.

167 1945 188 1974 7
213 1942 388 1983 Fui-nmque
401 1941 497 1983 vitat]
524 1941 695 1983 strepitus
711 1940 826 1974 foren-

126 1991 172 2023 sis
194 1997 289 2024 caret
311 1993 480 2024 molestia.
526 1991 698 2031 Litigandi
720 2001 826 2034 qnan-

127 2046 184 2073 tus
198 2043 243 2074 sit
255 2041 362 2082 furor,
381 2047 527 2084 quantus
543 2046 579 2074 et
595 2042 706 2081 labor,
722 2051 826 2074 nove-

127 2095 183 2123 rat
209 2092 420 2132 Plutarchus,
446 2093 504 2134 qui
529 2092 588 2124 lib.
611 2092 654 2124 de
670 2093 828 2131 Foenore,

128 2142 262 2181 asserit,
279 2139 390 2172 forum
404 2151 480 2173 esse
494 2142 698 2182 ‘impiorum
714 2142 826 2182 regio-

127 2191 231 2224 nem.’
250 2191 454 2224 Anacharsis
466 2192 599 2232 scribit,
610 2192 620 2209 ‘
631 2193 741 2224 locum
754 2201 828 2224 esse

127 2242 171 2274 ad
185 2240 371 2273 fallendum
387 2241 546 2283 invicem,
560 2247 663 2284 atque
687 2242 730 2273 ad
746 2242 827 2274 dan·

126 2291 189 2324 das
205 2292 359 2324 avaritia
375 2301 491 2324 manus
506 2292 738 2324 destinatum!
761 2293 826 2324 Co-

125 2342 263 2374 lumella
291 2342 352 2382 nit,
379 2343 390 2360 ⁴
404 2343 558 2375 exerceri
581 2342 615 2374 in
638 2341 713 2374 foro
737 2342 828 2374 cani-

126 2402 204 2424 num
231 2401 398 2434 quemque
426 2392 622 2432 euvrandi,
648 2397 684 2424 et
709 2397 828 2425 contra

126 2443 336 2484 innocentes,
373 2447 409 2475 et
438 2452 500 2484 pro
529 2442 730 2474 nocentibus
756 2448 827 2474 stu-

127 2492 242 2525 dium:
265 2498 368 2535 atque
394 2493 500 2524 videri
520 2502 717 2525 concessum
735 2493 827 2525 intra

129 2544 250 2575 moenis
265 2543 476 2575 latrocinium
491 2553 500 2574 :
514 2542 523 2556 ’
539 2543 702 2584 additque
716 2554 724 2574 z
738 2543 826 2583 ‘Ibi,

129 2592 195 2624 nisi
209 2594 421 2635 dorophagos
444 2594 583 2635 expleas
605 2593 826 2634 sordidosque

130 2651 171 2673 ac
185 2644 399 2683 nummarios,
418 2653 554 2684 prorsus
571 2643 643 2674 ludi
660 2641 825 2683 operam.’

175 2690 314 2731 Superba
327 2694 440 2725 civium
462 2694 680 2726 Potentiorum
701 2693 824 2733 limina]

130 2739 295 2772 Profecto
324 2743 528 2781 graviserat
550 2743 698 2775 servitus
721 2742 825 2774 clien-

132 2791 216 2822 tium
232 2790 379 2830 snperbo
390 2793 495 2832 capiti
507 2793 704 2833 quotidiana
715 2791 826 2824 officia

134 2840 388 2883 praestantium:
408 2841 516 2881 prima
529 2843 604 2875 luce
617 2843 826 2883 salutabant,

883 1290 1009 1323 deinde
1021 1291 1063 1323 ad
1077 1290 1188 1323 forum
1202 1290 1466 1331 comitabantur,
1480 1295 1583 1323 noctu

883 1341 987 1373 etiam
1000 1342 1153 1382 patronis
1166 1342 1283 1374 adesse
1294 1350 1359 1382 per-
1372 1340 1490 1372 urbem
1506 1349 1584 1373 cur-

883 1390 1037 1421 rentibus
1053 1391 1280 1431 cogebantur,
1303 1392 1368 1422 &c.
1412 1390 1502 1422 Vide
1521 1390 1584 1423 Ju-

881 1439 991 1470 venal.
1016 1439 1090 1471 Sat.
1114 1448 1171 1470 ιιι.
1195 1442 1269 1470 124.
1298 1444 1335 1471 et
1361 1449 1432 1480 seq.
1459 1440 1584 1479 Virgil.

874 1487 947 1528 jam
963 1488 1022 1521 cit.
1038 1493 1047 1507 ⁸
1062 1489 1098 1520 Si
1115 1497 1182 1519 non
1195 1488 1370 1529 ingentem
1382 1487 1514 1519 foribus
1524 1488 1583 1519 do-

879 1547 952 1569 mus
980 1539 1050 1570 alta
1073 1538 1230 1579 superbis
1245 1539 1351 1570 Mane
1375 1539 1582 1570 salutantum

879 1588 963 1620 totis
981 1588 1086 1620 vomit
1098 1588 1227 1620 aedibus
1242 1587 1393 1620 undam.'
1429 1587 1476 1620 Et
1491 1594 1583 1629 post-

880 1647 942 1669 ea:
961 1638 971 1656 ‘
987 1637 1216 1679 Insanamque
1233 1637 1358 1676 forum,
1381 1642 1439 1670 aut
1465 1639 1582 1680 populi

881 1688 1052 1721 tabularia
1067 1688 1165 1719 vidit.
1209 1689 1392 1720 Solicitant
1406 1689 1464 1720 alii
1480 1689 1582 1720 remis

880 1738 973 1771 freta
986 1748 1103 1777 οπως
1126 1743 1295 1780 ruuntque
1310 1739 1352 1769 In
1367 1738 1509 1778 ferrum,
1525 1748 1582 1780 pe-

879 1794 1019 1822 netrant
1034 1790 1126 1821 aulas
1141 1793 1179 1821 et
1194 1789 1308 1820 limina
1321 1788 1462 1829 regum,’
1473 1791 1539 1820 &c.

921 1843 943 1873 9
965 1841 1055 1880 Ergo
1075 1843 1130 1872 aut
1155 1840 1277 1879 adulta,
1299 1838 1370 1880 ξω]
1392 1839 1581 1879 Postquam

879 1891 1035 1923 ostendit
1061 1890 1228 1931 agricolas
1259 1899 1334 1921 esse
1366 1889 1531 1921 immunes
1562 1900 1582 1921 a

876 1941 988 1981 malis,
1003 1951 1079 1982 quae
1096 1939 1253 1972 comitari
1268 1940 1379 1971 solent
1397 1939 1507 1970 varias
1523 1940 1581 1971 bo-

877 1991 1004 2023 minum
1030 1989 1258 2029 conditiones,
1282 1999 1314 2020 v.
1342 1999 1376 2030 g.
1401 1988 1583 2020 foenerato-

877 2050 964 2081 rum,
978 2040 1140 2079 militum,
1157 2044 1405 2084 mercatorum,
1420 2039 1582 2070 cnussidi-

878 2101 1007 2130 corum,
1018 2091 1196 2123 clientium
1211 2102 1221 2130 3
1235 2091 1307 2132 jam
1319 2090 1465 2131 exponit
1479 2091 1582 2121 rusti-

878 2151 930 2178 οε
957 2142 1038 2173 vitae
1065 2142 1296 2174 emolumenta
1323 2145 1360 2172 et
1385 2140 1581 2181 voluptates

879 2192 1019 2233 singulis
1039 2191 1118 2223 anni
1134 2190 1400 2232 tempestatibus
1416 2191 1581 2231 proprias.

878 2243 950 2274 Ver
964 2243 1067 2274 habet
1078 2242 1330 2273 amoenitatem:
1347 2246 1450 2273 aestas
1466 2241 1581 2273 horto-

879 2302 954 2324 rum
964 2292 1100 2334 frugum
1112 2295 1149 2324 et
1156 2292 1291 2333 pecoris
1301 2291 1560 2324 foecunditatem
1572 2302 1580 2322 :

879 2347 1062 2374 autumnus
1076 2341 1251 2374 fructuum
1262 2342 1487 2383 multiplicem
1505 2351 1582 2382 pro-

880 2396 1018 2423 ventum
1032 2402 1040 2423 :
1064 2392 1181 2433 hyems
1209 2392 1391 2434 aucupium
1419 2397 1455 2424 et
1481 2401 1580 2423 vena-

881 2442 1021 2474 tionem.

921 2491 1116 2534 Propagine]
1140 2492 1232 2524 Plin.
1256 2500 1347 2522 xvn.
1368 2494 1421 2522 10.
1446 2489 1580 2521 ‘Arbo-

879 2552 933 2574 res
950 2548 1010 2574 aut
1024 2543 1152 2573 semine
1168 2541 1387 2582 proveniunt,
1413 2545 1472 2571 aut
1488 2541 1580 2580 plan-

879 2597 955 2624 tata
969 2591 1100 2632 radice,
1115 2597 1172 2622 aut
1194 2590 1394 2631 propagine,
1416 2594 1475 2621 aut
1490 2591 1582 2621 avul-

878 2642 985 2680 sione,
1005 2646 1065 2672 aut
1088 2641 1236 2678 surculo,
1258 2645 1316 2671 aut
1333 2639 1435 2671 insito
1451 2644 1487 2672 et
1501 2649 1581 2672 con-

879 2695 974 2722 secto
990 2690 1119 2720 arboris
1135 2688 1281 2720 trunco.'

924 2743 965 2772 10
987 2739 1083 2771 Altus
1097 2738 1227 2770 mar-icat
1234 2736 1374 2779 populos]
1386 2737 1477 2771 Plin.
1487 2747 1580 2772 xvn.

879 2794 933 2824 23.
969 2790 1090 2822 scribit
1120 2789 1221 2829 longo
1257 2797 1319 2819 usu
1350 2793 1579 2830 compertum,

880 2842 890 2860 ⁴
904 2840 1032 2874 nobilia
1061 2839 1142 2871 vina
1176 2847 1244 2871 non
1273 2838 1338 2871 nisi
1366 2837 1400 2870 in
1430 2838 1579 2872 arbustis
