1956 3236
626 269 902 301 suasionum
940 270 1034 300 mn.
1071 271 1103 300 1.
1132 260 1176 299 4.

1529 259 1612 301 821

176 363 327 418 Atque
347 364 423 405 alii
445 375 628 416 quorum
649 362 882 406 Comoedia
901 364 1050 417 prisca.
1070 363 1255 404 virorum
1275 366 1359 410 est,

175 431 224 472 Si
246 430 347 484 quis
364 433 457 471 erat
475 429 631 482 dignus
652 429 856 480 describi,
874 429 995 483 quod
1015 429 1172 478 malus,
1194 432 1268 470 aut
1283 427 1368 478 fur,

173 495 306 547 Quod
326 495 524 537 moechus
543 494 671 546 foret,
694 500 771 536 aut
790 495 992 545 sicarius,
1015 500 1095 536 aut
1115 494 1283 548 alioqui

173 562 419 612 Famosus;
449 561 587 602 multa
607 574 706 602 cum
726 561 927 604 libertate
943 562 1168 603 notabant.
1589 561 1619 601 5

174 627 298 669 Hinc
316 628 458 669 omnis
477 627 638 680 pendet
657 629 871 678 Lucilius,
891 629 1026 670 hosce
1047 632 1240 676 secutus,

167 750 254 789 piano·
267 751 441 782 merebatur
452 753 557 782 notari
573 753 654 783 velut
669 751 835 791 improbus,
849 753 903 782 aa!
909 751 983 790 sur,
995 753 1051 781 aut
1064 750 1197 783 adulter,
1214 751 1269 779 aut
1283 747 1449 784 homicida,
1463 747 1512 778 vel
1524 745 1622 787 quali-

169 795 219 823 ter
231 800 357 834 cumque
367 793 496 832 infamis
504 804 516 831 ;
531 794 611 826 hunc
626 793 791 834 carpebant
807 793 904 824 multa
913 802 982 823 cum
997 792 1151 823 libertate.
1176 791 1246 822 Hos
1261 793 1345 821 totus
1359 789 1501 821 Lucilius
1514 788 1621 820 imita-

782 884 857 897 0000
861 883 897 896 ‘O
901 883 975 895 0000
979 883 1017 895 00

173 949 414 989 Crispinum—3
433 950 531 981 Harl.
548 953 581 982 2.
598 953 631 981 3.
646 953 678 982 4.
692 954 724 982 6.
741 953 772 981 7.
796 950 893 981 Gott.
910 950 995 981 Exc.
1009 950 1090 980 Sax.
1107 958 1222 980 ornnes
1239 947 1451 982 Bersmanni,
1467 945 1616 977 Bentleii

169 1001 286 1023 omnes
310 998 439 1033 praeter
462 1002 577 1032 unum,
602 993 684 1024 item
706 992 785 1025 edd.
810 993 925 1024 Bentl.
941 991 1065 1023 Sauad.
1085 991 1234 1029 Francis,
1250 988 1384 1021 Wakef.
1400 993 1436 1020 et
1457 987 1560 1020 Kidd.
1581 996 1618 1018 ac

823 1085 853 1117 N
860 1085 967 1116 01·AE

170 1152 401 1178 recensentur.
456 1149 531 1180 Nec
562 1148 747 1189 praeteribo
776 1147 865 1188 quod

169 1196 266 1227 aiunt
299 1202 417 1228 sancto
458 1198 582 1231 Joanni
629 1198 866 1239 Cbrysostomo

171 1244 433 1286 Aristophanem
467 1248 500 1278 in
533 1246 662 1278 deliciis
695 1252 798 1286 atque
831 1246 864 1276 in

169 1294 324 1326 manibus
339 1296 472 1327 assidue
486 1296 600 1328 fuisse.
638 1295 777 1333 Quidni,
788 1304 864 1326 cum

170 1349 206 1374 et
223 1343 381 1374 Plautum
409 1345 549 1375 ver-sarit
571 1354 664 1384 saepe
685 1344 721 1376 S.
739 1344 862 1374 Hiero-

169 1401 301 1431 nymus,
327 1392 362 1423 in
386 1392 506 1423 mediis
523 1393 788 1423 Christianarum
805 1401 862 1422 ex·

168 1440 404 1471 croit-tionum
430 1441 630 1480 intervallis,
657 1450 697 1471 ac
725 1440 861 1471 subcisi-

169 1490 218 1521 vis
247 1490 473 1531 temporibus:
503 1491 593 1532 quod
621 1491 694 1532 ipse
723 1490 860 1532 quidem

142 1547 146 1550 ·
167 1538 289 1571 scribit
300 1539 343 1571 ad
359 1540 590 1572 Eustochium.

208 1591 229 1622 2
254 1589 410 1629 Comoedia
435 1590 554 1631 prisca]
587 1591 641 1622 De
669 1590 731 1621 hac
763 1590 862 1630 plura

165 1638 276 1671 dicam
291 1639 324 1670 in
339 1639 449 1680 Epist.
472 1639 513 1670 ad
542 1640 694 1672 Pisones.
717 1639 861 1672 Quintil.

167 1696 206 1720 x.
229 1690 259 1719 l.
303 1689 313 1706 ⁴
329 1687 481 1730 Antiqua
507 1688 564 1719 illa
588 1688 765 1720 Comoedia
789 1693 861 1719 tum

165 1738 329 1770 sinceram
355 1737 446 1768 illam
469 1738 632 1769 sermonis
655 1737 765 1769 Attici
787 1747 859 1778 gra-

167 1786 249 1818 tiam
265 1796 373 1828 prope
393 1787 463 1818 sola
485 1787 622 1826 retinet,
646 1791 717 1818 tum
733 1785 862 1818 foecun-

166 1835 313 1868 dissimae
339 1835 529 1868 libertatis:
554 1836 618 1868 etsi
637 1840 690 1866 est
706 1836 739 1866 in
755 1835 861 1866 insec-

167 1885 277 1917 tandis
300 1885 391 1917 vitiis
406 1885 595 1927 praecipua,
611 1885 790 1926 plurimum
811 1888 862 1916 ta-

167 1943 244 1967 men
272 1935 377 1967 habet
404 1935 523 1966 virium
548 1935 582 1966 in
611 1934 734 1967 ceteris
756 1934 859 1966 etiam

169 1984 333 2024 partibus.
366 1985 453 2017 Nam
468 1989 504 2016 et
520 1985 657 2025 grandis
673 1989 708 2016 et
722 1985 861 2025 elegans

169 2037 206 2062 et
229 2037 388 2064 venusta:
415 2038 450 2064 et
474 2035 590 2065 nescio
612 2043 655 2065 an
677 2034 744 2064 ulla
767 2033 863 2073 (post

168 2081 355 2113 Homerum
379 2087 504 2121 tamen,
528 2092 626 2123 quem
641 2087 678 2113 ut
695 2082 861 2113 Achillem

168 2140 302 2172 semper
327 2131 439 2172 excipi
468 2141 528 2172 par
546 2132 614 2172 est)
642 2136 700 2163 aut
722 2131 862 2162 similior

165 2181 210 2213 sit
225 2182 429 2220 oratoribus,
446 2182 555 2213 autad
572 2188 720 2214 oratores
736 2181 862 2214 facien-

166 2231 227 2263 dos
259 2231 384 2272 aptior.
431 2231 552 2263 Plures
588 2232 659 2272 ejus
694 2238 859 2264 auctores.

164 2280 409 2321 Aristophanes
426 2285 549 2321 tamen,
566 2288 601 2313 et
614 2282 763 2323 Eupolis.
779 2282 860 2314 Cra-

165 2330 321 2373 tinusque
338 2331 522 2371 praecipui:

167 2411 175 2414 ,
206 2383 226 2411 6
237 2380 343 2412 Multa
349 2389 418 2412 cum
427 2381 570 2413 libertate
579 2380 745 2422 notabant]
762 2381 860 2413 Pers.

165 2429 237 2462 Sat.
252 2438 276 2461 t.
292 2431 366 2462 12³.
387 2431 398 2448 ‘
412 2430 577 2463 audacem
589 2431 598 2445 ’
613 2430 794 2472 carpendis
809 2431 859 2462 vi-

166 2478 224 2514 tiis
245 2479 420 2512 Cratinum
446 2481 548 2512 dicit:
582 2481 665 2513 ibid.
689 2481 698 2498 ‘
717 2479 860 2512 iratum’

166 2526 378 2567 Eupolidem.
420 2529 530 2561 Porro
551 2530 726 2562 Socratem
749 2530 859 2570 ipsum

167 2583 293 2607 vexare
317 2585 382 2608 nou
404 2579 530 2610 veritus
552 2579 798 2620 Aristophanes
824 2580 859 2610 in

168 2623 332 2657 nubibus:
361 2626 578 2669 iri-populum
608 2635 722 2662 autem
751 2629 859 2661 Athe-

168 2671 318 2704 niensem
339 2674 466 2714 probra
483 2676 630 2718 jactavit
645 2679 735 2711 haud
751 2679 857 2718 levia3

168 2731 189 2752 a
207 2729 273 2763 quo
297 2720 507 2756 nihilomiuus
528 2726 665 2766 plausus
690 2732 728 2760 et
748 2723 860 2760 accla-

164 2769 333 2810 ,mationes
346 2775 546 2805 consecutus
558 2778 596 2807 et
607 2775 750 2809 laureas,
770 2775 861 2808 vide

919 1148 1030 1187 Epist.
1047 1147 1090 1179 ad
1107 1148 1178 1179 Pis.
1198 1157 1246 1178 vs.
1262 1149 1336 1177 282.
1362 1145 1404 1176 ad
1421 1145 1486 1176 ista
1502 1143 1616 1181 verba,

921 1200 930 1214 ¹
946 1196 986 1226 Iu
1012 1197 1129 1227 vitium
1158 1195 1299 1226 libertas
1328 1193 1457 1225 excidit
1487 1196 1522 1223 et
1551 1192 1618 1223 vim

919 1245 1068 1285 Dignam
1089 1246 1164 1284 lege
1181 1244 1278 1284 regi?
1316 1244 1390 1275 Cic.
1405 1242 1447 1274 de
1464 1243 1549 1283 Rep.
1564 1251 1616 1273 lv.

917 1295 926 1312 ‘
943 1295 1051 1327 Quem
1068 1294 1125 1324 illa
1139 1294 1254 1333 (vetus
1270 1291 1462 1332 Comoedia)
1480 1301 1545 1323 nou
1562 1297 1612 1323 at-

917 1343 1021 1382 tigit?
1045 1343 1097 1372 vel
1119 1343 1233 1382 potius
1252 1351 1352 1382 quem
1368 1350 1434 1371 nou
1450 1340 1589 1371 vexavit
1606 1340 1619 1370 ?

917 1392 970 1422 cui
993 1391 1169 1431 pepercit?
1212 1391 1295 1421 Esto
1312 1390 1495 1429 populares
1509 1389 1618 1420 homi·

915 1449 988 1480 nes,
1010 1439 1180 1480 improbos
1210 1439 1243 1470 in
1271 1438 1395 1478 Remp.
1423 1437 1617 1476 seditiosos,

916 1489 1089 1530 Cleonem,
1106 1489 1365 1529 cleophontem,
1380 1486 1616 1528 Hyperbolum

915 1538 1023 1570 laesit:
1049 1539 1227 1579 patiamur.
1273 1537 1347 1569 Etsi
1362 1536 1551 1578 hujusmodi
1569 1538 1617 1569 ci-

916 1596 974 1618 ves
1004 1597 1023 1618 a
1054 1588 1206 1620 Ceusore
1234 1587 1354 1618 melius
1383 1592 1436 1618 est
1464 1596 1564 1627 quam
1595 1597 1616 1618 a

915 1637 1017 1678 poeta
1033 1637 1155 1668 notari.
1192 1636 1259 1667 Sed
1275 1636 1459 1675 Periclem,
1477 1645 1551 1668 cum
1568 1637 1616 1668 ita

916 1695 985 1717 suae
1001 1685 1132 1717 civitati
1155 1685 1301 1715 maxima
1318 1684 1524 1715 auctoritate
1541 1684 1615 1724 plu-

916 1736 1018 1766 rimos
1035 1745 1139 1766 annos
1155 1734 1246 1765 domi
1262 1738 1298 1764 et
1311 1734 1390 1765 belli
1410 1732 1615 1774 praefuisset,

918 1785 1034 1816 violari
1052 1784 1216 1822 versibus,
1239 1788 1273 1815 et
1290 1793 1348 1815 eos
1370 1785 1423 1824 agi
1444 1784 1477 1814 iu
1493 1783 1616 1823 Scena,

916 1844 983 1867 non
1000 1835 1074 1876 plus
1088 1834 1216 1873 decuit,
1229 1843 1327 1875 quam
1342 1834 1368 1864 si
1382 1833 1522 1864 Plautus
1539 1843 1614 1864 nos·

917 1890 972 1917 ter
996 1885 1160 1916 voluisset
1186 1890 1244 1916 aut
1271 1884 1412 1916 Naevius
1437 1883 1479 1914 P.
1500 1889 1535 1915 et
1552 1885 1615 1915 Cn.

911 1935 1078 1976 Scipioni,
1113 1939 1173 1966 aut
1210 1934 1367 1966 Caecilius
1410 1934 1460 1966 M.
1490 1933 1615 1966 catoni

914 1984 1143 2016 maledicere!

956 2038 976 2066 6
994 2034 1083 2066 Hinc
1097 2034 1195 2065 omnis
1209 2035 1318 2075 pendet
1332 2033 1488 2074 Lucilius]
1506 2034 1614 2065 Totus

914 2090 967 2116 est
980 2085 1012 2115 in
1029 2085 1094 2116 illis
1111 2085 1284 2116 imitandis
1299 2095 1308 2116 :
1330 2084 1481 2115 Iambica
1498 2093 1614 2115 eorum

914 2133 1079 2166 duntaxat
1092 2135 1124 2165 in
1143 2135 1353 2165 Hexametra
1367 2134 1588 2165 commutavit
1603 2143 1612 2164 2

914 2193 957 2215 ex
975 2184 1149 2215 Comoedia
1171 2184 1316 2214 Satiram
1332 2182 1436 2215 fecit:
1471 2182 1611 2223 perinde

913 2233 1054 2264 mordax
1068 2238 1105 2264 et
1115 2233 1302 2264 maledicus
1315 2233 1349 2264 in
1362 2233 1469 2264 cives:
1489 2237 1524 2263 at
1538 2241 1611 2272 ego,

913 2283 1025 2324 inquit
1047 2282 1222 2323 Horatius,
1244 2287 1378 2314 tantum
1400 2281 1530 2313 facetus
1553 2282 1610 2312 ho-

913 2333 1021 2363 mines
1037 2341 1056 2363 a
1072 2332 1161 2364 vitiis
1177 2332 1319 2363 solerter
1334 2332 1503 2363 deterreo.

951 2381 1112 2423 Lucilius]
1142 2381 1177 2413 Is
1205 2382 1215 2399 ‘
1232 2381 1403 2413 Auruncae
1431 2378 1610 2417 alumnus,'

914 2440 956 2463 ex
971 2431 1130 2463 Juvenal.
1151 2431 1223 2462 Sat.
1240 2440 1265 2462 1.
1280 2434 1332 2462 20.
1348 2430 1381 2460 id
1398 2434 1464 2467 est,
1481 2438 1523 2459 ex
1539 2427 1609 2458 Au-

914 2490 1021 2512 runca
1036 2481 1126 2512 Latii
1148 2480 1231 2511 urbe
1255 2478 1430 2515 oriundus,
1448 2478 1609 2509 Romanae

911 2529 1034 2560 Satirae
1061 2529 1132 2559 fere
1159 2533 1287 2567 auctor,
1310 2527 1442 2557 nobiles
1459 2536 1610 2568 quosque

913 2578 1070 2618 arripuit,
1106 2577 1271 2616 insignem
1301 2576 1335 2606 in
1367 2585 1408 2606 eo
1437 2575 1610 2608 scribendi

913 2637 1039 2669 genere
1068 2626 1203 2659 laudem
1233 2629 1286 2657 est
1309 2624 1475 2666 adeptus:
1507 2625 1608 2656 valde

914 2682 1027 2709 tamen
1043 2675 1220 2716 negligens
1241 2673 1367 2714 pedum
1388 2682 1428 2704 ac
1453 2682 1607 2705 numero-

913 2736 999 2758 rum.
1023 2725 1168 2758 Quintil.
1181 2732 1218 2755 x.
1233 2726 1261 2755 1.
1278 2723 1349 2755 Cic.
1367 2722 1408 2754 ad
1421 2721 1608 2755 Attic.xtr.

913 2780 945 2808 ⁵.
968 2775 1010 2807 de
1034 2773 1146 2807 Finib.
1160 2782 1186 2804 r.
1204 2772 1248 2804 de
1268 2771 1369 2804 Orat.
1386 2780 1426 2804 ιι.
1447 2771 1610 2805 Juvenal.
