1904 3256
382 309 466 350 670
848 324 891 360 Q.
924 321 1125 351 uonA‘rrr
1162 318 1331 350 FnAccr

607 409 659 450 Et
680 413 810 450 uncta
830 410 965 462 turpis
988 421 1074 449 ova
1091 421 1208 450 ranae
1230 409 1445 461 sanguine,

661 475 943 525 Plumamque
965 477 1183 514 nocturnae
1205 474 1363 526 strigis,

605 539 648 579 H
656 540 887 590 erbasque‚
908 550 1020 591 quas
1042 537 1187 578 Iolcos
1208 542 1336 591 atque
1358 538 1498 580 Iberia

661 603 798 644 Mittit
818 614 1078 644 venenorum
1098 602 1234 654 ferax,

602 670 658 710 Et
677 682 779 709 ossa
800 669 856 709 ab
877 681 948 709 ore
967 672 1092 720 rapta
1104 667 1266 721 jejunae
1289 669 1425 719 canis,

659 733 870 775 Flammis
890 733 1012 774 aduri
1034 733 1266 775 Colchicis.

1743 475 1799 517 20

380 894 440 922 sos,
460 888 489 915 et
502 883 598 921 soedoe
621 883 737 915 rubeta.
765 891 870 914 cruore
895 892 1019 923 aspersa
1043 892 1097 913 ova
1119 884 1291 923 plumasque
1314 883 1425 922 strigis
1446 886 1614 923 noeturnae,
1637 888 1668 916 et
1691 884 1799 916 nerbas

380 936 456 968 quas
474 925 613 967 producit
641 925 759 956 lolclws
780 928 869 966 atque
888 924 992 956 Iberia
1011 925 1133 956 venenis
1143 925 1283 965 fertiles,
1311 927 1341 956 et
1369 934 1437 956 ossa
1455 929 1558 966 erepla
1580 935 1620 957 ex
1642 935 1694 958 ore
1713 927 1799 958 canis

972 1028 1206 1041 mONOOO‘O0

382 1101 490 1132 Sclrol.
505 1110 559 1141 ap.
576 1102 679 1142 Cruq.
696 1101 791 1132 Harl.
808 1103 838 1132 1.
851 1104 883 1133 2.
899 1103 930 1133 3.
942 1103 973 1132 4.
987 1103 1018 1132 6.
1043 1100 1098 1130 alii
1111 1100 1209 1132 codd.
1231 1109 1304 1132 cum
1320 1100 1396 1132 edd.
1412 1101 1528 1132 Zarot.
1550 1100 1796 1134 Mediohurr.

380 1144 624 1174 Venetulflr.
635 1145 728 1174 1478.
742 1145 832 1173 1479.
842 1143 919 1173 Vet.
929 1141 1167 1173 Contb.Lnn1b.
1177 1142 1438 1182 Cruq.'1¹orrent.
1451 1142 1569 1173 Heins.
1582 1142 1700 1182 Steph.
1714 1143 1798 1174 Rut-

381 1193 467 1221 gers.
478 1189 512 1215 et
520 1186 745 1214 recentt.——2l
759 1183 884 1213 Colchos
894 1182 989 1213 Harl.
998 1183 1284 1214 l.2.4.6.Venett.
1294 1186 1386 1214 1477.
1396 1186 1487 1214 1478.
1499 1184 1797 1215 1479.Vet.Comb.

381 1224 503 1256 Venet.
526 1234 580 1263 ap.
599 1225 701 1255 Zeuu.
721 1224 881 1255 Glarean.
894 1229 927 1254 et
946 1223 988 1254 al.
1005 1227 1088 1253 vett.
1102 1227 1179 1253 ante
1195 1223 1311 1254 Lamb.
1327 1224 1446 1254 Iolchos
1456 1228 1596 1264 quatuor
1606 1225 1726 1256 Bland-
1739 1234 1797 1264 sp.

380 1266 483 1306 Cruq.
500 1265 637 1296 Mediol.
656 1267 748 1296 1486.
765 1269 800 1296 et
818 1265 933 1296 Lamb.
957 1265 1054 1295 Iolcos
1068 1263 1166 1295 codd.
1182 1263 1253 1295 fere
1269 1273 1383 1295 omnes
1396 1265 1548 1296 Torreat.
1565 1274 1679 1297 omnes
1702 1266 1799 1297 Lam·

382 1307 464 1345 bini,
480 1307 574 1338 Harl.
588 1309 618 1338 3.
634 1316 748 1338 omnes
764 1306 911 1338 Bentleii
928 1310 964 1336 ut
981 1305 1126 1344 videtur,
1142 1309 1177 1336 et
1191 1306 1272 1337 Vet.
1285 1306 1396 1338 Schol.
1410 1315 1483 1337 cum
1498 1306 1573 1338 edd.
1590 1306 1656 1338 Crn
1685 1329 1694 1339 .
1715 1307 1799 1339 Tor—

380 1355 467 1379 rent.
480 1348 603 1388 Delph.
617 1349 716 1379 Baxr.
729 1351 764 1379 et
775 1352 920 1379 recentt.
930 1351 964 1377 et
974 1347 1020 1377 sic
1035 1347 1114 1385 legit
1128 1346 1285 1378 Beroald.
1299 1351 1336 1378 et
1350 1347 1392 1378 N.
1410 1347 1578 1378 Heins.ud
1596 1347 1660 1379 Ovi
1686 1370 1694 1379 .
1709 1348 1799 1380 Fan.

380 1398 421 1420 n.
438 1392 510 1421 577.
533 1394 569 1421 et
585 1390 670 1420 Met.
685 1398 748 1421 vu.
769 1391 839 1420 158.
862 1388 990 1419 Hiolcos
1005 1388 1151 1418 nonnulli
1167 1389 1388 1429 ap.'1'orrent.
1410 1388 1544 1420 Hiberia
1558 1389 1614 1421 am
1630 1399 1686 1430 sp.
1697 1389 1797 1422 eund.

1022 1480 1164 1512 NOTAE

381 1559 451 1591 erui
467 1557 644 1598 oportebat
658 1557 700 1588 ad
718 1566 811 1588 usum
827 1555 1003 1596 magicum.

423 1610 464 1639 19
479 1607 578 1638 Ranae
591 1606 765 1646 ὀαπςαὶηε]
799 1605 967 1636 Ranarnm
991 1604 1065 1635 aliae

381 1661 458 1688 sunt
490 1655 666 1696 aquatiles,
700 1654 857 1691 minores,
892 1653 1064 1683 innoxiae:

380 1706 454 1736 oliae
485 1707 676 1741 terrestres,
704 1703 858 1743 majores,
888 1701 1067 1741 turpiores,

379 1752 526 1791 desides,
541 1761 729 1790 venenosae,
746 1751 844 1782 aliter
867 1749 993 1784 rubetoe
1017 1748 1066 1779 di-

380 1807 512 1833 cuntur.
534 1801 624 1832 Gan.
647 1800 792 1839 crupaud.
829 1800 873 1830 Et
887 1798 937 1829 hae
953 1797 993 1828 ad
1011 1807 1065 1828 ve-

379 1850 499 1881 neficia
526 1849 780 1880 adhibebantur.
825 1848 915 1880 Plin.
941 1856 1066 1879 xxxn.

380 1903 411 1929 5.
434 1898 591 1930 Juvenal.
619 1899 691 1928 Sat.
718 1907 743 1928 1.
765 1899 817 1927 70.
845 1897 921 1928 Sat.
944 1898 1065 1927 unu.

380 1948 451 1978 Sat.
470 1955 519 1978 vr.
535 1948 609 1977 658.
631 1946 641 1963 ‘
655 1945 700 1976 At
718 1953 806 1976 nunc
822 1953 874 1976 res
890 1944 1000 1984 agitur
1016 1947 1065 1974 te-

379 1997 435 2026 nui
454 1996 608 2035 pulmone
625 1993 775 2025 rubetae.'

422 2047 463 2075 20
479 2045 677 2083 Plumamque
687 2045 843 2073 nocturnoe
853 2040 979 2080 strigis]
996 2039 1064 2071 Ru-

380 2094 468 2124 betae
494 2092 623 2123 viscera
651 2092 777 2132 pariter
799 2094 834 2121 et
855 2090 966 2131 strigis
992 2090 1064 2130 plu-

380 2153 462 2180 mas,
475 2141 514 2173 ud
533 2151 676 2173 amorem
690 2140 922 2172 concitandum
939 2139 1064 2176 valere,

379 2191 577 2232 Propertius
590 2191 690 2222 etiam
703 2189 808 2229 testis,
819 2197 872 2220 ιιι.
885 2191 916 2220 6.
927 2191 979 2220 27.
995 2192 1005 2206 ‘
1018 2187 1064 2218 Il-

380 2242 447 2272 lum
466 2240 629 2279 turgentis
646 2249 736 2270 ranae
753 2242 912 2279 portenta
924 2238 1066 2277 rubetae,

380 2292 425 2322 Et
448 2292 536 2322 lecta
560 2290 703 2322 exsectis
726 2289 889 2330 anguibus
912 2298 985 2320 ossa
1001 2292 1063 2318 tra-

380 2341 475 2379 hunt,
496 2340 540 2371 Et
566 2339 678 2379 strigis
705 2339 851 2370 inventae
881 2347 941 2379 per
968 2337 1065 2369 busta

375 2389 524 2429 jacentia
541 2387 685 2428 plumae‚’
700 2389 763 2418 &m

423 2435 557 2476 Strigis]
590 2436 682 2468 Strix
712 2435 795 2474 avis,
818 2438 920 2466 noctu
950 2434 1063 2465 volans

382 2491 525 2522 tantum,
547 2495 568 2517 a
591 2484 734 2517 stridore
751 2485 842 2516 vocis
865 2483 1061 2523 dicta,rnnli

381 2536 499 2567 ominis
528 2535 604 2566 olim
632 2534 746 2566 habitu
770 2538 833 2571 est,
855 2533 940 2565 sicut
965 2533 1060 2565 hodie

379 2590 515 2624 noctua,
526 2584 580 2615 cui
596 2588 688 2615 certe
705 2576 830 2614 similis.
859 2582 947 2613 Ptin.
958 2591 997 2613 u.
1011 2584 1062 2614 39.

381 2634 427 2664 ita
445 2633 583 2664 scribit:
606 2633 712 2663 ‘Esse
733 2632 766 2662 in
789 2629 974 2662 maledictis
990 2631 1061 2671 jam

380 2682 526 2722 antiquis
549 2681 688 2721 strigem
713 2679 887 2712 convenit:
911 2679 970 2710 sed
986 2689 1060 2720 qnae

379 2731 424 2761 sit
440 2731 560 2770 arium,
575 2734 726 2762 constare
741 2739 806 2762 non
822 2729 985 2761 arbitror)

420 2781 460 2812 21
486 2779 597 2820 Iolcos]
630 2779 691 2811 Est
717 2779 795 2812 urbs
817 2778 995 2811 'messaline
1019 2777 1059 2810 ad

1119 1555 1226 1586 sinum
1242 1555 1467 1597 Pelasgicum,
1488 1555 1530 1587 ad
1556 1555 1688 1588 radices
1711 1557 1800 1590 Pelii

1119 1605 1251 1637 montis.
1284 1605 1428 1638 Quidam
1443 1606 1569 1646 legunt,
1588 1607 1726 1646 Colchos,
1739 1609 1797 1639 sed

1119 1663 1316 1694 perperam:
1339 1663 1413 1686 nam
1438 1663 1540 1695 prope
1564 1656 1714 1696 sequitur
1734 1666 1799 1687 vox

1119 1703 1128 1719 ⁴
1144 1701 1333 1734 Colchidis!
1376 1703 1421 1734 Et
1434 1703 1480 1734 sic
1497 1703 1563 1735 ruit
1576 1703 1680 1744 prims
1694 1703 1800 1736 Scali-

1119 1751 1188 1791 geri
1204 1752 1358 1792 querela:
1382 1752 1416 1783 in
1429 1752 1536 1792 Epod.
1553 1762 1586 1784 v.
1598 1754 1608 1770 ⁴
1619 1753 1710 1784 Loca
1723 1758 1801 1785 sunt

1120 1801 1225 1832 minus
1241 1800 1405 1841 ingenua,’
1430 1801 1550 1843 inquit,
1571 1801 1582 1819 ⁴
1595 1801 1694 1834 anxia
1713 1802 1799 1840 dico,

1119 1858 1225 1889 neque
1242 1849 1347 1880 libero
1371 1849 1490 1890 spiritu
1506 1849 1608 1890 edita,
1622 1850 1727 1892 qualis
1743 1850 1798 1881 ille

1119 1906 1252 1928 versus:
1286 1896 1520 1939 ‘Herbasqne,
1549 1909 1630 1939 quas
1661 1903 1696 1930 et
1723 1900 1798 1931 Col—

1116 1945 1195 1977 chos
1221 1950 1323 1986 atque
1348 1946 1487 1978 Iberia!
1531 1947 1594 1978 Est
1620 1956 1720 1978 sonus
1750 1949 1798 1979 in-

1117 1994 1239 2032 suavis,
1259 1994 1366 2035 ‘que,’
1386 1996 1395 2013 ‘
1410 1994 1526 2035 quas-’⁹
1568 1996 1719 2027 Priorem
1733 1997 1796 2028 lec-

1115 2043 1240 2074 tionem
1275 2053 1317 2074 ex
1353 2044 1584 2084 manuscriptis
1625 2043 1798 2076 codicibus

1116 2095 1254 2121 tuentur
1270 2091 1432 2132 Cruquius
1448 2096 1483 2123 et
1499 2092 1566 2123 atii.

1158 2140 1275 2181 Iberia]
1303 2141 1406 2182 Regio
1421 2141 1565 2173 Pontica
1580 2141 1662 2183 (non
1677 2142 1797 2184 Hispa-

1117 2188 1209 2229 nica)
1237 2190 1325 2230 apud
1351 2190 1464 2221 Asiam
1491 2191 1670 2231 Minorem,
1699 2191 1796 2222 hodie

1117 2238 1275 2278 Georgia,
1292 2248 1384 2269 vern.
1400 2239 1572 2279 Gurg-istan
1583 2250 1593 2269 :
1616 2239 1796 2271 Mosclticis

1117 2287 1282 2318 montibus
1298 2291 1470 2327 separatur
1485 2297 1503 2318 a
1518 2287 1688 2319 Colchide.

1157 2338 1197 2367 28
1223 2337 1302 2367 Ossa
1325 2335 1363 2366 ab
1384 2346 1435 2367 ore
1456 2339 1548 2377 rapta
1561 2335 1677 2375 jejune
1697 2338 1797 2379 canis]

1116 2386 1185 2417 Per
1205 2385 1276 2416 haec
1300 2385 1419 2416 amoris
1438 2385 1532 2426 quasi
1555 2383 1676 2417 famem
1692 2386 1796 2427 gigni,

1116 2434 1298 2465 credebant
1313 2433 1554 2474 superstitiose.

1155 2484 1195 2513 24
1222 2482 1369 2513 Flammis
1386 2482 1477 2512 aduri
1493 2481 1658 2522 Colchicis]
1689 2482 1794 2515 Simul

1113 2531 1186 2562 lraec
1200 2531 1309 2562 omnia
1323 2531 1399 2571 igne
1414 2530 1513 2571 coqui
1533 2539 1590 2562 seu
1606 2531 1722 2563 elixari
1738 2533 1793 2572 ju-

1114 2581 1174 2612 bet
1194 2580 1346 2619 Canidia,
1373 2579 1414 2611 ad
1439 2580 1536 2611 ritum
1561 2579 1694 2611 Medeae
1718 2581 1794 2612 Col-

1114 2629 1228 2665 clticae,
1243 2628 1286 2660 de
1301 2638 1365 2669 qua
1381 2632 1508 2669 postea.
1541 2628 1673 2661 Colchis
1694 2629 1793 2661 bodie

1114 2677 1298 2717 Mengrelia,
1327 2676 1417 2708 Asiae
1452 2677 1591 2709 Minoris
1619 2678 1725 2721 regio,
1751 2678 1791 2710 ad

1114 2737 1202 2758 oram
1221 2726 1341 2758 Euxini
1363 2726 1472 2758 maris.
1516 2727 1556 2759 In
1578 2736 1619 2759 es
1641 2727 1792 2769 regnavit

1113 2778 1209 2809 AEeta
1226 2777 1356 2809 Medeae
1372 2782 1476 2818 pater.
