1904 3256
363 275 445 315 640
948 286 1206 316 Excunsus

405 378 511 409 Quem
531 386 594 407 non
611 377 802 417 gravissime
818 374 986 407 offendant
1001 377 1086 414 haec,
1101 384 1140 405 ac
1156 375 1247 407 velut
1261 380 1397 417 stupore
1414 378 1554 418 quodam
1570 380 1777 419 percellant?

364 428 435 468 quis
450 437 514 458 non
538 427 663 467 frigore
678 433 712 458 et
728 426 836 458 febrili
849 426 942 467 quasi
963 426 1098 457 horrore
1119 435 1156 457 se
1177 427 1299 468 corripi
1320 428 1465 460 sentiat?
1489 429 1559 469 quis
1580 439 1644 461 non
1666 431 1777 472 inique

362 478 463 518 ferat,
477 479 674 518 interrumpi
689 484 722 509 et
738 477 873 517 reprimi
893 486 980 516 eum,
1003 477 1038 507 iu
1061 485 1126 518 quo
1145 477 1215 518 jam
1241 482 1405 520 versatur,
1429 480 1686 512 enthusiasmum
1708 487 1775 514 tam

357 531 558 571 'importunis
573 531 760 570 ineptisque
776 529 947 560 versibus?
969 529 1043 569 quis
1060 538 1117 560 eos
1133 538 1196 560 non
1220 531 1274 561 vel
1296 530 1410 563 abesse
1430 535 1538 572 optet,
1559 525 1614 563 {el
1626 541 1645 564 a
1661 533 1777 574 quovis

362 582 425 613 alio
440 583 563 623 potius,
575 590 670 622 quam
687 581 727 611 ab
742 581 813 620 ipso
827 580 980 615 Horatio,
995 579 1101 611 factos
1118 580 1326 622 insertosque
1342 591 1427 618 esse,
1443 583 1505 614 sibi
1522 583 1744 623 persuadeat?

401 634 549 664 Primum
575 633 720 672 ipsorum
742 629 891 662 versuum
918 632 1118 664 sententiam
1145 632 1353 672 aspiciamus.
1397 634 1407 651 ‘
1423 634 1510 665 Nolo
1525 634 1596 674 jam
1612 644 1775 676 quaerere,

361 685 448 717 unde
462 684 629 716 Vindelici
644 693 718 714 eum
733 692 858 714 morem
880 683 1085 723 acceperint,
1100 688 1136 714 ut
1152 684 1260 715 securi
1275 683 1456 716 Amazonia
1471 689 1619 726 utantur,
1634 687 1779 718 omnino-

361 746 438 778 que,
459 735 546 767 unde
565 735 708 775 origines
731 735 877 766 ducant:
899 744 962 766 nec
986 735 1071 766 scire
1095 735 1176 767 licet
1200 736 1332 767 omnia!
1374 737 1462 770 Quid
1478 738 1582 777 magis
1597 738 1739 769 alienum
1756 748 1776 769 a

360 787 506 828 poetica,
520 787 619 827 idque
635 786 739 826 lyrica
754 786 892 825 ratione,
907 787 986 827 quid
1010 786 1116 826 magis
1139 787 1282 818 alienum
1298 787 1340 819 ab
1355 787 1417 819 hoc
1433 793 1640 828 argumento,
1656 789 1698 820 ab
1713 789 1775 821 hoc

359 839 527 879 Carmine,
547 838 589 869 ab
614 838 675 868 hoc
697 838 769 868 loco
791 837 946 878 denique,
969 837 1048 878 quid
1069 838 1225 869 humilius
1246 843 1347 879 atque
1369 838 1500 878 exilius,
1521 839 1602 880 quid
1627 840 1775 872 inutilius

360 895 461 931 atque
476 889 638 926 miserius,
653 888 731 929 quid
748 887 913 927 indignius
928 888 1071 919 Horatio
1086 897 1167 919 essev
1177 889 1282 929 possit
1292 890 1354 920 hac
1369 891 1427 921 tali
1444 891 1659 931 parenthesi?
1681 891 1775 924 Obli-
1799 897 1804 902 ·

358 941 528 982 viscimur,
555 950 615 971 nos
645 940 756 980 legere
782 939 945 980 incepisse
969 939 1067 970 Oden
1089 938 1262 971 sublimem
1285 941 1483 982 plenamque
1507 942 1626 973 caloris
1646 942 1774 983 Pierii;

359 993 471 1024 subito
485 993 586 1024 delati
600 1001 709 1023 sumus
733 992 766 1022 in
791 992 1105 1030 commentationem
1129 991 1322 1023 historicam
1345 993 1396 1024 vel
1412 993 1642 1033 antiquarium.
1683 994 1775 1034 Ergo

359 1054 502 1076 summus
515 1043 725 1084 antiquitatis
735 1043 845 1074 Poeta
857 1043 890 1074 iu
902 1043 1022 1082 medio,
1038 1051 1143 1083 eoque
1153 1043 1392 1083 excelsissimo,
1407 1053 1472 1085 quo
1484 1053 1627 1085 unquam
1637 1045 1775 1085 exarsit,

359 1096 592 1134 enthusiasmo,
608 1094 688 1125 satis
704 1094 903 1134 phlegmatis
916 1093 1042 1133 habuit,
1055 1094 1136 1125 satis
1155 1094 1332 1134 tranquillo
1349 1104 1388 1126 ac
1402 1096 1494 1127 lento
1514 1095 1621 1126 animo
1642 1094 1720 1136 fuit,
1736 1101 1775 1128 ut

358 1146 536 1186 concipere
558 1153 687 1175 sensum
711 1149 778 1175 tam
793 1144 962 1184 frigidum,
983 1145 1131 1175 inserere
1144 1149 1214 1176 tam
1227 1145 1369 1176 alienam
1383 1146 1584 1177 senteutiam
1604 1146 1774 1186 potuerit?

357 1197 435 1228 Hoc
450 1197 478 1228 si
493 1197 565 1237 quis
577 1196 717 1228 credere
732 1196 848 1236 possit,
863 1205 938 1226 eum
952 1204 1058 1236 neque
1079 1195 1206 1235 ingenii
1221 1195 1412 1235 Horatiani,
1426 1205 1534 1237 neque
1549 1197 1687 1228 rationis
1696 1197 1775 1238 lyri-

357 1258 419 1287 cae,
430 1257 538 1289 neque
553 1247 741 1278 universam
767 1246 869 1277 animi
893 1246 1026 1277 humani
1047 1244 1192 1277 indolem
1214 1255 1312 1281 nosse
1330 1250 1429 1287 atque
1444 1246 1631 1287 intelligere
1647 1251 1774 1287 putem.

357 1299 415 1339 At,
431 1299 537 1340 inquit
552 1299 733 1337 Baxterus‚
758 1297 966 1329 necessarius
981 1301 1035 1328 est
1048 1296 1114 1328 iste
1129 1297 1220 1328 locus
1237 1298 1278 1328 ad
1294 1297 1502 1329 indicandam
1523 1298 1665 1329 hostium
1685 1297 1773 1330 fero-

357 1350 454 1381 ciam.
498 1350 529 1381 Ο
546 1349 756 1389 insipientem
770 1349 934 1380 hominem
950 1351 1051 1388 atque
1062 1348 1252 1380 inficetum!
1297 1350 1332 1380 Si
1347 1349 1450 1380 voluit
1464 1349 1623 1380 Horatius
1633 1350 1773 1389 pingere

356 1400 605 1432 vindelicorum
623 1399 780 1430 ferociam
795 1399 876 1439 (quo
897 1399 1029 1430 omnino
1043 1407 1105 1439 per
1116 1407 1152 1430 se
1168 1399 1280 1431 valere
1301 1400 1311 1417 ‘
1322 1399 1471 1431 secures’
1489 1399 1675 1441 poterant),
1695 1401 1773 1441 hoc-

356 1453 431 1484 cine
448 1461 521 1482 eum
536 1451 583 1482 ita
597 1451 710 1490 inepte
724 1451 917 1490 instituere,
932 1451 980 1482 ita
995 1451 1114 1482 inscite
1126 1451 1261 1491 aggredi
1274 1452 1421 1491 potuisse
1433 1451 1621 1491 credamus,
1633 1456 1669 1483 ut
1681 1451 1772 1483 dice-

356 1508 431 1535 ret:
455 1503 551 1534 ‘nolo
573 1511 735 1543 quaerere,
761 1502 848 1533 unde
870 1510 1002 1533 secures
1027 1502 1219 1542 acceperint
1233 1512 1242 1540 ;
1264 1511 1327 1533 nec
1355 1503 1441 1533 scire
1467 1502 1516 1534 fas
1542 1507 1594 1534 est
1622 1502 1773 1534 omniai'

355 1556 439 1588 Quis
454 1555 487 1585 in
502 1555 563 1586 hac
579 1554 636 1584 tali
659 1553 834 1585 verborum
859 1553 1075 1585 conversione
1098 1553 1180 1584 illud
1201 1554 1386 1593 consilium,
1407 1554 1480 1595 quis
1503 1555 1679 1594 picturam,
1698 1554 1772 1596 quis

355 1607 514 1638 Romanae
528 1605 698 1636 fidicinem
712 1605 794 1645 lyrae
811 1605 992 1645 agnoscat?
1035 1605 1199 1636 Dacerius
1215 1605 1295 1636 licet
1309 1604 1469 1643 fateatur,
1492 1604 1590 1645 plane
1604 1605 1771 1644 prosaicos

353 1661 454 1698 atque
469 1656 610 1687 humiles
625 1665 698 1687 esse
711 1657 772 1686 hos
786 1665 913 1694 versum,
929 1665 1038 1696 neque
1054 1656 1204 1697 meritos,
1219 1656 1319 1696 quiin
1331 1657 1416 1687 hanc
1431 1655 1528 1687 Oden
1544 1655 1746 1688 inferrentur
1761 1668 1771 1696 ;

354 1713 467 1740 tamen
482 1707 633 1739 excusari
649 1707 783 1738 eosdem
809 1712 843 1739 et
859 1706 938 1739 ferri
960 1715 1058 1748 posse
1074 1711 1181 1747 putat,
1196 1711 1359 1748 quatenus
1375 1706 1551 1748 περίστασις
1563 1707 1658 1739 nobis
1672 1708 1771 1740 hodie

353 1761 468 1801 ignota
482 1760 591 1790 locum
607 1759 672 1790 illis
687 1758 766 1790 dare
782 1760 949 1799 potuerit:
973 1760 1044 1790 sive
1066 1759 1182 1790 Romae
1198 1764 1233 1791 et
1253 1759 1285 1791 in
1302 1760 1376 1791 aula
1391 1759 1535 1799 Augusti
1549 1769 1590 1790 eo
1606 1763 1770 1800 tempore,

353 1811 529 1842 occasione
544 1810 694 1840 victoriae
710 1810 827 1849 Drusi,
841 1811 938 1840 multi
955 1810 1102 1851 variique
1117 1820 1296 1850 sermones,
1311 1821 1508 1852 magnaeque
1523 1812 1771 1846 controversia»,

354 1861 396 1892 de
411 1861 581 1892 securibus
594 1861 845 1892 Vindelicorum
860 1861 1062 1899 inciderint;
1086 1862 1156 1893 sive
1180 1862 1288 1893 Poe'ta
1310 1862 1404 1893 vafre
1426 1867 1564 1906 tangere
1579 1867 1680 1903 atque
1695 1862 1769 1893 irri-

353 1913 434 1943 dere
451 1912 592 1943 voluerit
606 1913 755 1952 ineptum
772 1912 860 1943 illius
885 1913 995 1943 aetatis
1011 1913 1166 1952 Poe'tam,
1187 1914 1243 1954 qui
1262 1914 1294 1944 in
1319 1914 1488 1952 Carmine,
1511 1923 1576 1954 quo
1598 1913 1768 1944 celebrare

351 1963 551 1995 instituisset
562 1964 665 1995 Drusi
681 1963 866 2002 victoriam,
882 1965 933 1994 vel
948 1964 1012 1994 alio
1029 1973 1235 2005 quocumque
1246 1964 1277 1994 in
1290 1974 1402 2004 opere,
1415 1965 1547 1995 curiose
1562 1973 1768 2005 operoseque

353 2015 396 2045 de
411 2015 520 2046 securi
535 2015 783 2047 vindelicorum
801 2015 980 2047 Amazonia
1001 2015 1258 2056 disquisivisset.
1301 2014 1507 2055 Suffragatnr
1521 2015 1570 2046 his
1586 2015 1770 2056 Gesnerus,

352 2066 495 2098 morderi
520 2071 638 2106 putans
662 2067 804 2098 Domitii
829 2067 934 2098 Marsi
949 2066 1090 2105 Poema,
1112 2065 1327 2107 Amazonida‚
1344 2066 1431 2106 quod
1445 2070 1608 2097 memorat
1620 2066 1771 2097 Martial-

353 2125 406 2148 ιν.
422 2120 474 2149 29.
518 2119 584 2150 Sed
607 2127 680 2150 cum
701 2118 834 2150 facilius
860 2123 914 2150 est
938 2117 1046 2159 eloqui
1061 2123 1096 2149 et
1116 2127 1300 2158 proponere
1326 2118 1411 2149 tales
1433 2116 1656 2157 conjecturas,
1670 2126 1769 2158 quam

352 2177 464 2200 earum
492 2170 667 2201 veritatem
683 2171 884 2208 ostendere3
909 2175 978 2201 tum
994 2170 1046 2201 vel
1062 2170 1110 2201 sic
1125 2169 1260 2200 Horatii
1276 2170 1456 2210 horumque
1476 2178 1628 2200 versuum
1653 2168 1769 2200 honori

351 2222 435 2252 male
450 2222 645 2254 consulitur.
689 2222 774 2253 Nam
790 2222 1003 2263 cogitandum
1019 2222 1169 2262 erit,quo
1186 2221 1218 2251 in
1235 2221 1308 2252 loco
1324 2225 1359 2252 et
1371 2224 1461 2252 statu
1474 2220 1594 2252 mentis
1607 2219 1651 2251 sit
1666 2224 1766 2261 atque

352 2281 427 2304 esse
441 2273 564 2304 debeat
578 2274 618 2313 is,
633 2273 689 2314 qui
704 2273 746 2304 ad
761 2274 941 2314 jocandum
961 2278 1062 2314 atque
1075 2272 1279 2303 irridendum
1295 2271 1433 2303 feratur.
1477 2272 1560 2305 Quis
1575 2280 1641 2302 non
1662 2271 1767 2311 videt,

353 2325 393 2355 ad
407 2324 578 2355 ridendum
595 2333 677 2365 opus
693 2334 764 2355 esse
789 2325 925 2356 remissa
946 2324 1087 2365 quadam
1112 2323 1210 2354 animi
1225 2323 1357 2360 inertia,
1378 2323 1558 2364 tranquilla
1572 2322 1713 2363 quadam
1730 2328 1766 2354 et

350 2376 443 2407 lenta
456 2376 636 2411 hilaritate,
651 2376 705 2407 cui
720 2376 828 2407 nullus
842 2377 976 2407 omnino
999 2376 1092 2406 locus
1116 2384 1188 2406 esse
1207 2375 1240 2406 in
1255 2374 1385 2406 sublimi
1406 2375 1627 2406 enthusiasmo
1643 2374 1770 2414 possit?

351 2427 466 2460 Quare
488 2427 562 2468 quis
585 2432 653 2458 tam
677 2427 812 2468 ignarus
834 2427 878 2459 sit
898 2436 963 2458 non
989 2428 1094 2458 solum
1119 2427 1256 2466 spiritus
1282 2426 1420 2468 poetici,
1440 2426 1496 2457 sed
1518 2426 1618 2458 etiam
1633 2430 1762 2457 naturae

351 2478 647 2518 mentiQhumanan
662 2478 718 2519 qui
733 2479 872 2510 credere
888 2479 1004 2520 possit,
1012 2479 1059 2509 sic
1069 2477 1178 2509 subito
1191 2478 1360 2517 ingenium
1372 2477 1504 2508 Horatii
1517 2477 1559 2509 ab
1574 2481 1640 2508 tam
1653 2478 1764 2509 excel-

352 2530 396 2559 sis
412 2534 446 2560 et
462 2530 646 2571 magnificis
659 2530 808 2562 sensibus
825 2531 864 2561 ad
874 2531 970 2571 jocos
985 2529 1138 2561 satiricos
1154 2529 1275 2568 delabi,
1287 2529 1333 2560 sic
1344 2528 1453 2560 subito
1465 2529 1539 2569 ejus
1551 2529 1763 2560 enthusiasmi

351 2579 513 2619 impetum
540 2581 611 2612 sisti
634 2586 669 2612 et
693 2581 856 2617 cohiberi,
880 2581 1086 2623 phantasiam
1113 2579 1286 2611 ardentem
1309 2580 1446 2620 glaciari
1469 2580 1562 2620 quasi
1583 2583 1618 2611 et
1638 2578 1763 2621 frigore

352 2631 490 2672 astringi
505 2634 674 2673 potuisse?

393 2682 528 2714 Deinde
544 2694 640 2724 quam
656 2686 843 2725 importune
857 2685 906 2716 his
923 2684 1069 2715 versibus
1086 2683 1292 2723 interpositis
1315 2683 1575 2724 interrumpatur
1597 2683 1670 2723 ipsa
1688 2693 1760 2714 sen-

351 2742 445 2765 suum
460 2736 634 2775 connexio,
647 2735 795 2776 inprimis
810 2737 910 2768 etiam
925 2738 1080 2776 apparet,
1097 2734 1124 2766 si
1139 2734 1297 2766 tollantur
1316 2744 1334 2766 e
1351 2735 1459 2766 medio
1473 2746 1480 2766 :
