1904 3256
364 311 447 351 774

837 324 879 358 Q.
911 320 1114 350 HORA'rll
1152 318 1322 348 FLACC!

364 413 588 463 Quatenus
611 413 653 453 id
674 413 798 462 facit3
828 416 874 451 ut
894 411 1069 463 quidam
1091 416 1350 451 memoratur
1371 410 1547 452 Athenis

363 478 572 519 Sordidus
593 491 644 518 ac
665 478 799 523 diveS,
821 475 975 527 populi
998 479 1269 516 contemnere
1289 488 1420 517 voces

1725 477 1782 517 65

363 544 436 584 Sic
457 544 631 584 solitus:
662 541 858 592 Populus
875 553 942 581 me
963 541 1132 591 sibilat3
1163 545 1208 582 at
1228 541 1330 582 mihi
1351 541 1511 595 plaudo

363 609 467 662 Ipse
484 609 611 656 domi,
633 606 758 646 simul
780 618 831 646 ac
848 618 1046 646 nummos
1067 607 1334 660 contemplor
1354 608 1398 648 in
1418 619 1533 648 arca.

361 674 574 715 Tantalus
595 685 621 711 a
639 671 771 711 labris
792 671 940 711 sitiens
961 672 1164 724 fugientia
1185 676 1331 725 captat

363 740 584 780 Flumina:
616 736 719 790 quid
739 736 886 777 rides?
918 740 1082 778 mutato
1103 738 1358 786 nomine‚.de
1377 741 1419 778 te

362 804 533 845 Fabula
551 806 767 843 narratur:
797 803 1012 854 congestis
1028 803 1215 857 undique
1236 805 1379 844 saccis
1727 805 1783 846 70

361 868 579 910 Indormis
598 867 781 915 inhians,
801 873 846 908 et
866 872 1071 922 tanquam
1093 882 1266 922 parcere
1287 870 1423 911 sacris

362 935 551 986 Cogeris,
573 938 647 973 aut
666 934 794 986 pictis
815 939 1024 987 tanquam
1044 935 1229 987 gaudere
1252 935 1433 976 tabellis.

361 1000 523 1041 Nescis
544 1011 630 1051 quo
644 999 788 1040 valeat
801 1002 1032 1042 nummus?
1063 1014 1189 1054 quem
1209 989 1399 1054 prae'beat
1418 1002 1580 1042 usum?

361 1121 440 1158 ogit.
483 1121 536 1152 Ita
556 1121 679 1162 quidam
697 1126 842 1154 narratur
854 1122 987 1153 Athenis
1008 1121 1149 1153 extitisse
1171 1131 1283 1152 avarus
1309 1124 1338 1151 et
1361 1121 1532 1161 opulentus,
1553 1119 1643 1151 verba
1663 1118 1785 1158 quidem

356 1162 454 1201 plebis
476 1163 634 1202 aspernari
646 1168 748 1195 suetus
762 1164 816 1195 hoc
830 1165 916 1195 modo
928 1175 938 1195 .·
961 1164 1054 1194 Plebs
1078 1173 1125 1193 me
1148 1163 1251 1194 sibilat
1262 1173 1273 1193 .·
1294 1172 1350 1200 ego
1374 1172 1444 1192 vero
1467 1161 1604 1193 mihimet
1627 1159 1708 1192 domi
1731 1169 1786 1198 ap·

356 1204 480 1250 plaudo,
494 1206 610 1244 quoties
624 1215 760 1237 nummos
774 1206 807 1236 ἰπ
820 1216 892 1236 arca
904 1205 1064 1244 conspicio.
1111 1204 1258 1235 Tantalus
1268 1204 1441 1234 sitibundus
1452 1202 1570 1242 appelit
1577 1201 1693 1242 fluvios
1706 1210 1726 1230 a
1739 1201 1784 1230 Ia-

362 1244 420 1275 bzis
434 1247 614 1277 recedentes.
659 1248 723 1277 Cur
736 1247 841 1278 rides?
888 1247 939 1277 De
952 1249 996 1284 te,
1015 1246 1134 1276 nomine
1144 1246 1239 1276 solum
1252 1249 1382 1284 mutato,
1396 1244 1506 1282 sabula
1527 1244 1786 1274 commemoratur.

362 1286 491 1317 Dormis
501 1289 608 1318 avidus
621 1298 710 1328 super
723 1290 856 1319 sacculos
870 1290 1065 1328 undequaque
1075 1288 1276 1318 accumulatas
1286 1298 1296 1318 .·
1318 1290 1349 1318 et
1363 1287 1481 1325 cogeris
1498 1285 1651 1316 abstinere
1670 1283 1751 1326 velut
1766 1292 1786 1312 a

361 1327 450 1358 rebus
459 1331 567 1368 sacris,
581 1331 628 1360 vel
637 1331 782 1361 delectari
796 1330 882 1370 quasi
895 1329 1006 1360 tabulis
1014 1330 1119 1370 pictis.
1161 1329 1214 1360 An
1227 1329 1352 1367 ignoras
1365 1329 1406 1359 ad
1419 1327 1492 1367 quid
1503 1326 1632 1367 pecunia
1645 1324 1733 1356 utilis
1744 1323 1786 1354 sit

955 1420 1188 1435 OOOONOOOOOO

362 1485 403 1515 64
428 1483 581 1518 Quatinus
606 1483 701 1515 Harl.
718 1487 745 1515 1.
761 1486 792 1514 2.
808 1486 840 1514 3.
855 1485 886 1514 4.
901 1486 931 1514 6.
945 1485 977 1513 7.
1009 1481 1130 1512 Bland.
1157 1484 1186 1512 1.
1202 1484 1281 1515 2.·3.
1295 1484 1327 1513 4.
1360 1481 1462 1512 Mart.
1485 1484 1522 1512 et
1535 1481 1635 1512 Tons-
1651 1485 1686 1510 et
1702 1488 1782 1510 non-

361 1524 462 1555 nullae
477 1525 555 1557 edd.
570 1528 740 1557 vem—68
765 1525 912 1556 Tantalus
926 1524 964 1555 ab
979 1523 1071 1554 labris
1085 1523 1228 1563 Cuning.
1243 1523 1364 1554 Sanad.
1377 1523 1615 1554 Towers.——⁷2
1637 1520 1785 1554 Quidam

365 1566 465 1597 codd.
496 1576 550 1606 ap.
578 1567 693 1597 Lamb.
719 1567 856 1604 babent,
888 1569 918 1596 et
947 1565 1062 1605 pictis3
1096 1565 1164 1603 alii,
1184 1575 1219 1595 nc
1245 1565 1435 1604 pictis.-‘13
1462 1564 1570 1595 Nescis
1596 1562 1670 1603 quid
1700 1571 1785 1592 nnus

361 1607 452 1639 Han.
479 1607 576 1638 Gott.
590 1613 626 1638 et
649 1617 733 1638 unus
747 1608 869 1638 Bland.
897 1607 977 1637 item
1004 1606 1082 1636 Ald.
1107 1606 1232 1637 Venet.
1254 1610 1289 1636 et
1313 1606 1474 1637 Glarean.
1498 1604 1610 1636 Nescis
1633 1613 1691 1644 quo
1717 1608 1786 1633 tres

361 1648 507 1678 Blandd.
533 1649 633 1679 Tons.
656 1649 786 1680 Buslid.
809 1653 845 1679 et
873 1648 951 1679 Div.
979 1656 1032 1686 ap.
1055 1647 1158 1688 Cruq.
1191 1648 1269 1677 Vat.
1292 1650 1324 1677 2.
1356 1646 1475 1678 Faern.
1505 1647 1646 1677 'l'ornetu
1671 1643 1788 1676 Nieot.

363 1694 397 1724 et
420 1689 583 1720 Russard.
606 1690 771 1728 Lambini,
794 1698 908 1720 omnes
932 1688 1100 1720 Torrentii
1126 1693 1162 1719 et
1183 1688 1343 1725 Bentleii,
1369 1688 1464 1719 Harl.
1490 1691 1519 1718 1.
1541 1690 1574 1718 2.
1597 1690 1628 1718 3.
1649 1687 1682 1718 4.
1702 1687 1735 1716 6.
1755 1688 1788 1716 7.

363 1731 478 1763 Lamb.
506 1731 608 1772 Cruq.
635 1732 796 1763 'Pori-ent.
826 1732 866 1762 R.
897 1735 932 1761 et
963 1729 1009 1761 H.
1038 1730 1157 1770 Steph.
1187 1730 1305 1760 Heius.
1325 1729 1446 1762 Bona.
1467 1728 1636 1761 Scbrevel.
1658 1727 1784 1767 Delph.

362 1773 527 1812 Dnnster,
558 1774 659 1805 Baxt.
689 1773 799 1804 Bentl.
837 1772 979 1812 Cuning.
1010 1771 1133 1804 Sanad.
1166 1771 1318 1806 Towers,
1358 1771 1507 1811 Francis,
1538 1775 1574 1802 et
1601 1772 1786 1801 recenttoe-

1008 1875 1036 1905 N
1043 1874 1149 1905 OTAE

403 1952 444 1980 64
471 1949 513 1979 Ut
535 1949 660 1988 quidam
687 1952 873 1979 memoratur
905 1947 1048 1986 Athenis]

364 1999 448 2031 Quis
461 1997 528 2036 ille,
543 1998 727 2038 ignoratur.
757 1998 928 2027 Timonem
945 2006 1047 2037 quen-

363 2046 438 2078 dam
461 2046 722 2086 misanthropum
739 2055 911 2085 perperam
928 2045 982 2075 hic
999 2045 1048 2075 in-

363 2095 518 2136 telligunt
531 2096 741 2135 Interpretes
757 2095 920 2136 plerique.
956 2094 1047 2125 Divi·

362 2150 430 2177 tem
459 2154 498 2176 ac
523 2143 693 2175 sordidum
719 2143 884 2174 bominem
911 2142 1047 2173 exbibet

362 2194 549 2225 Horatius:
571 2193 690 2223 Timon
721 2192 777 2222 ille
799 2195 916 2222 contra
939 2190 1047 2221 avari-

364 2243 420 2274 tiae
436 2241 502 2273 fuit
518 2241 634 2278 bostis,
651 2241 829 2281 aiebatque
849 2240 1020 2280 sapienter
1036 2250 1044 2269 :

362 2293 371 2309 ‘
383 2290 611 2322 Insatiabilem
626 2289 847 2329 cupiditatem
863 2293 966 2329 atque
980 2298 1049 2319 am-

365 2340 525 2372 bitionem
541 2348 613 2370 esse
637 2338 782 2368 omnium
805 2339 966 2369 malorum
984 2338 1048 2368 ele-

364 2394 478 2421 menta
490 2388 512 2419 :'
527 2388 616 2428 apud
631 2387 816 2419 Stobaeum.
844 2388 900 2418 De
913 2397 953 2418 eo
963 2387 1045 2419 Dio-

365 2448 467 2479 genes
483 2436 635 2469 Laertius
646 2440 682 2467 et
696 2437 874 2468 Lucianus.

403 2491 446 2519 66
471 2487 602 2528 Populus
622 2495 669 2517 me
692 2486 810 2524 sibilat,
822 2485 890 2526 ξι]
910 2485 1047 2516 Solebat
1060 2498 1070 2504 -

364 2537 508 2578 populus
538 2536 655 2576 plausu
691 2539 727 2566 et
753 2534 1047 2566 acclamationibus

365 2588 521 2627 excipere
537 2586 625 2617 viros
640 2585 786 2626 insigues
800 2584 843 2615 de
858 2584 946 2624 Rep.
963 2583 1048 2614 bene

365 2637 515 2671 meritos,
530 2635 658 2675 sibique
680 2634 853 2674 gratiosos,
867 2643 941 2664 cum
959 2633 1050 2664 thea-

367 2689 456 2716 trum
481 2684 523 2714 ad
553 2683 748 2723 spectacula
769 2682 1049 2722 ingrederentur:

366 2741 400 2767 at
414 2733 643 2766 homines‘sibi
659 2732 804 2764 infensos
820 2738 855 2764 et
870 2731 1050 2763 invidiosos

367 2784 472 2816 sibilis
497 2781 773 2824 prosequebatur.
817 2782 887 2814 Cic.
903 2781 936 2812 in
953 2781 1049 2812 Piso-

1101 1955 1199 1977 nem:
1232 1947 1241 1964 ‘
1255 1947 1308 1977 Da
1336 1951 1368 1977 te
1391 1945 1527 1985 populo,
1543 1945 1716 1976 committe
1739 1945 1787 1975 lu-

1101 1995 1164 2030 dis,
1190 1994 1321 2026 sibilum
1349 1995 1494 2026 metuis!
1537 1994 1591 2025 Ad
1619 1993 1725 2025 Attio.
1744 2003 1785 2026 ιι.

1100 2045 1207 2084 Epist.
1224 2046 1274 2076 18.
1299 2045 1308 2060 ‘
1323 2044 1451 2075 Fufium
1474 2042 1691 2083 elamoribus,
1708 2052 1786 2074 con-

1090 2091 1201 2132 vitiis,
1218 2098 1253 2134 et
1270 2093 1373 2124 sibilis
1389 2091 1652 2125 consectantur?

1140 2145 1182 2173 68
1201 2142 1346 2174 Tantalus
1361 2153 1381 2174 a
1393 2142 1498 2178 labris,
1509 2141 1580 2182 ξω]
1604 2141 1786 2182 Egregium

1100 2191 1308 2231 aposiopesin
1345 2191 1501 2230 observa,
1534 2190 1682 2228 Lecton-5
1720 2199 1785 2230 qua

1099 2242 1207 2272 Poe'ta
1228 2242 1477 2280 longiusculam,
1492 2245 1528 2271 ut
1543 2239 1690 2278 videtur,
1710 2248 1785 2270 nar-

1101 2291 1264 2322 rationem
1293 2289 1480 2327 exorditur,
1509 2288 1689 2328 statimqne
1725 2288 1784 2319 ab·

1101 2340 1237 2380 rumpit,
1259 2339 1374 2379 aitque
1399 2347 1512 2377 avaro,
1532 2338 1541 2353 ‘
1556 2336 1634 2377 quid
1661 2336 1750 2368 rides
1764 2336 1786 2368 ?'

1099 2390 1154 2420 De
1168 2388 1320 2426 Tantalo,
1337 2386 1414 2417 vide
1429 2387 1509 2418 Not.
1520 2395 1544 2416 1.
1559 2385 1688 2417 od.28.
1701 2390 1736 2417 et
1746 2395 1786 2418 Π.

1101 2438 1167 2469 Od.
1183 2440 1234 2468 13.
1259 2437 1353 2467 Belle
1369 2435 1549 2466 Petronius
1563 2445 1571 2465 ι
1593 2434 1686 2467 ‘Nec
1699 2434 1786 2467 bibit

1099 2487 1186 2517 inter
1202 2496 1315 2526 aquas,
1330 2494 1392 2516 nec
1409 2494 1507 2524 poma
1517 2483 1667 2523 patentia
1675 2484 1786 2524 carpit

1100 2535 1259 2566 Tantalus
1274 2533 1405 2572 infelix,
1422 2542 1518 2573 quem
1534 2542 1593 2563 sua
1616 2531 1687 2563 fata
1710 2542 1786 2573 pre-

1103 2588 1206 2616 munt.
1237 2584 1362 2616 Divitis
1378 2584 1448 2614 baec
1465 2580 1691 2622 magnifaciens
1706 2584 1785 2619 erit,

1102 2633 1210 2665 omnia
1225 2633 1291 2663 late
1307 2632 1374 2665 Qui
1389 2635 1497 2671 tenet,
1512 2637 1549 2662 et
1563 2631 1651 2663 sicco
1665 2640 1787 2664 coneo-

1102 2682 1175 2723 quit
1189 2691 1247 2713 ore
1264 2680 1409 2712 famem.'

1144 2733 1185 2763 72
1200 2731 1302 2762 Pictis
1313 2731 1448 2770 gaudere
1464 2729 1597 2774 tabellis]
1619 2729 1784 2762 Intuendo

1104 2785 1246 2816 tantum,
1263 2789 1431 2822 nunquam
1449 2779 1585 2812 utendo.
