1890 3256
676 287 954 319 sannionum
989 287 1084 318 ms.
1117 286 1173 317 11.
1201 276 1246 316 4.
1599 273 1686 316 999

231 387 336 429 Non
357 386 478 440 prius
499 386 660 426 exacta
679 383 795 424 tenui
814 381 982 423 ratione
1002 392 1226 434 saporum.

232 452 333 494 Nec
354 452 464 492 satis
484 453 553 491 est
572 461 677 490 cara
696 448 844 501 pisces
865 459 1066 490 averrere
1086 458 1255 496 mensa,

233 519 438 571 Ignarum
459 516 620 570 quibus
641 520 710 556 est
724 514 799 567 jus
818 514 983 567 aptius,
1004 518 1050 554 et
1071 512 1237 566 quibus
1256 510 1373 553 assis

230 582 488 636 Languidus
508 583 555 622 in
575 580 772 622 cubitum
785 580 880 633 jam
902 593 950 621 se
970 580 1164 621 conviva
1183 581 1380 633 reponet.

230 707 292 740 sibi
306 711 419 739 temere
433 707 587 739 attribuat
600 707 765 740 scientiam
783 708 960 748 epularum,
982 706 1046 738 nisi
1067 709 1161 737 autea
1181 704 1311 737 subtiles
1332 702 1539 744 exploraverit
1552 710 1689 741 sapores.

233 750 305 781 Nec
319 760 335 781 e
346 759 450 781 mensa
462 750 561 790 pisces
574 759 647 780 caro
659 750 760 790 pretio
776 750 899 788 auser-re
908 749 1044 789 prodest,
1059 747 1089 779 si
1103 748 1265 787 ignoretur
1279 747 1461 787 quibusnam
1476 744 1631 784 jusculum
1644 742 1688 774 sit

230 793 334 832 magis
355 792 511 832 idoneum,
532 796 563 823 et
583 791 692 833 quibus
712 792 794 823 assis
814 792 972 823 excitatus
988 790 1116 821 coresium
1130 789 1201 828 jam
1214 793 1302 821 satur
1315 790 1350 820 in
1363 789 1501 819 cubitum
1514 796 1579 818 sese
1601 794 1688 826 repo-

843 896 860 907 O
864 892 1084 907 OOOOOOMO
1100 890 1105 891 ⁷

231 963 317 993 vett.
328 969 383 1002 ap.
394 960 591 993 Zeira—³6
607 961 655 993 Ni
667 960 759 1001 prius
773 961 861 993 Exc.
875 961 954 991 Sax.
971 964 1007 991 et
1022 959 1103 991 Vet.
1117 957 1323 990 Comb.—3⁷
1340 956 1350 974 ‘
1363 955 1540 988 Editioues
1554 960 1689 987 veteres

230 1003 375 1044 niiaeque
400 1008 481 1035 ante
507 1003 708 1035 Lambiuum
730 1006 895 1040 uvertere;
917 1008 1020 1043 atque
1044 1002 1093 1032 ita
1118 1006 1264 1041 uterque
1290 999 1510 1031 Scholiastes.
1554 998 1689 1029 Primus

229 1045 288 1076 ine
303 1055 345 1077 ex
361 1045 538 1077 codicibus
554 1046 623 1076 suis
639 1045 737 1076 dedit
751 1054 1015 1086 averrere‚quem
1033 1047 1169 1074 secutus
1185 1047 1239 1073 est
1251 1042 1420 1082 (tn-quius
1437 1046 1474 1072 et
1489 1050 1531 1071 ex
1547 1050 1589 1071 eo
1605 1044 1691 1070 tem·

231 1096 314 1126 pore
333 1096 423 1118 nunc
442 1088 521 1126 hoc,
543 1097 632 1119 nunc
655 1087 737 1118 illud
765 1087 956 1126 editoribus
973 1086 1103 1126 placuit
1121 1094 1183 1125 pro
1200 1084 1335 1115 diverso
1350 1084 1519 1114 hominnm
1536 1091 1636 1113 sensu
1653 1086 1691 1113 et

231 1129 358 1169 palato.
403 1129 444 1160 In
461 1139 502 1160 eo
516 1139 597 1161 sune
614 1129 750 1170 jactare
765 1139 802 1160 se
819 1134 934 1170 potest
951 1129 1054 1159 lectio
1072 1127 1178 1168 prior,
1190 1125 1281 1168 quod
1298 1125 1493 1157 acutissimo
1511 1124 1690 1156 Gronovio

231 1171 324 1210 patri
347 1180 384 1202 se
412 1171 568 1212 probavit
596 1171 781 1202 observat.
799 1180 852 1203 ιν.
869 1175 900 1202 6.
947 1171 1057 1203 Recte
1083 1169 1244 1210 quidem;
1267 1172 1301 1199 et
1329 1177 1391 1200 nos
1418 1176 1554 1209 quoque
1579 1166 1622 1197 ab
1648 1175 1691 1197 es

233 1218 332 1252 parte
348 1218 497 1251 stamus3
521 1214 547 1244 si
565 1213 666 1244 modo
681 1217 822 1245 auertere
844 1222 960 1244 veram
981 1212 1035 1244 hic
1056 1211 1238 1243 lectionem
1255 1219 1330 1241 esse
1345 1209 1451 1241 semel
1467 1208 1691 1240 admittimus.

230 1254 300 1286 Sed
315 1264 400 1296 pace
416 1255 504 1287 tanti
520 1255 597 1292 viri,
614 1255 718 1287 liceat
734 1255 830 1286 nobis
846 1255 945 1286 alteri
962 1255 1010 1286 ini
1027 1253 1166 1286 lectioni
1183 1252 1285 1284 fidem
1310 1255 1346 1283 et
1367 1252 1607 1283 auctoritatem
1631 1249 1691 1280 ad-

226 1295 389 1336 jungere,
414 1298 480 1328 Nec
503 1297 582 1329 satis
603 1301 650 1328 est
673 1307 748 1329 cura
770 1297 872 1338 pisces
894 1306 1037 1329 averrere
1062 1305 1187 1327 mensa:
1217 1304 1319 1336 quam
1344 1293 1530 1334 Cruquiani
1554 1291 1690 1324 codices

230 1339 467 1380 suppeditant,
485 1345 613 1380 praeter
635 1348 752 1380 unum,
775 1348 911 1378 omnes3
935 1344 971 1370 et
986 1338 1074 1370 bona
1089 1338 1190 1370 etiam
1213 1346 1291 1377 pars
1306 1346 1439 1375 eorum,
1454 1345 1538 1377 quos
1554 1334 1690 1366 Lambi-

230 1389 308 1417 nus,
321 1381 538 1420 Torrentius,
556 1381 778 1419 Pulmanuus,
789 1381 1086 1419 Bersmannusque
1102 1379 1282 1418 viderunt3
1298 1383 1333 1409 et
1348 1378 1496 1418 denique
1512 1387 1555 1408 ex
1568 1375 1691 1408 nostris

232 1423 403 1457 meliores,
434 1423 626 1463 Leidensis,
657 1422 872 1462 Reginensis,
902 1422 1191 1459 Zulichemianus‚
1220 1425 1257 1451 et
1285 1421 1514 1451 Battelianus.
1566 1418 1691 1449 Liceat

230 1464 334 1495 etism
350 1465 384 1495 in
401 1464 509 1495 veteri
525 1464 676 1494 lectione
691 1473 812 1495 novam
837 1464 1101 1503 explicationem
1125 1471 1293 1502 promere.
1339 1461 1420 1492 Non
1437 1465 1474 1491 ut
1492 1460 1547 1491 hic
1570 1464 1579 1477 ⁸
1596 1469 1690 1490 men·

230 1514 302 1537 sam
318 1506 538 1546 piscatoriam
549 1505 558 1518 '
575 1506 607 1536 in
625 1506 767 1537 macello
781 1515 857 1536 cum
875 1505 1049 1536 veteribus
1065 1505 1233 1545 novisque
1248 1503 1497 1543 intelligamus3
1521 1501 1580 1532 sed
1595 1510 1690 1532 men-

229 1556 301 1579 sam
318 1548 404 1587 ejus,
419 1548 473 1579 cui
489 1548 561 1579 haec
575 1552 754 1588 praecepta
767 1547 962 1579 traduntur.
989 1549 1090 1587 Sunt,
1105 1546 1229 1587 inquit,
1245 1546 1302 1587 qui
1318 1545 1351 1576 in
1368 1545 1474 1576 coeuis
1492 1543 1690 1585 praebendis

228 1599 266 1621 se
289 1588 401 1621 officio
426 1599 487 1621 suo
511 1589 723 1621 satisfecisse
738 1589 897 1629 credant,
913 1591 941 1621 si
959 1591 1116 1630 ingentes
1131 1593 1262 1619 sumtus
1282 1588 1318 1618 in
1334 1587 1428 1618 cibos
1444 1585 1613 1624 fecerint;
1640 1586 1691 1626 ig-

228 1631 301 1663 nari
316 1632 464 1673 interea,
477 1631 559 1672 quid
582 1632 720 1671 elixum,
741 1631 822 1672 quid
839 1641 950 1662 assum
968 1641 1030 1671 pro
1045 1631 1137 1662 varia
1153 1639 1312 1670 saporum
1327 1629 1459 1660 ratione
1475 1628 1605 1668 gratius
1621 1637 1692 1658 me-

229 1673 362 1714 liusque
387 1675 452 1705 sit:
479 1675 545 1706 Nec
565 1674 647 1705 satis
669 1677 715 1705 est
739 1683 812 1704 curu
834 1673 932 1713 pisces
954 1682 1097 1704 averrere
1121 1681 1238 1709 mensa,
1262 1671 1427 1709 Ignarum,
1447 1669 1557 1710 quibus
1578 1673 1624 1700 est
1637 1669 1692 1707 jus

228 1716 346 1756 aptius,
371 1719 402 1747 et
424 1715 534 1757 quibus
550 1717 631 1747 assis
652 1715 839 1755 Languidus
859 1716 893 1746 in
915 1714 1053 1746 cubitum
1066 1714 1138 1753 jum
1156 1722 1188 1743 se
1209 1715 1338 1744 conviva
1359 1714 1505 1752 reponet:
1528 1711 1591 1742 hoc
1612 1716 1689 1742 est:

231 1757 357 1798 Neque
373 1756 499 1789 sufficit
514 1758 626 1798 pisces
642 1758 796 1798 impenso
813 1757 925 1797 pretio
942 1756 1092 1788 coiimtos
1109 1757 1142 1786 in
1155 1764 1273 1786 mensa
1289 1764 1351 1785 sua
1366 1753 1543 1792 exhibere,
1558 1753 1613 1793 qui
1628 1762 1691 1793 pro

230 1799 386 1872 τοΙὶἎιιίὶε
403 1805 606 1832 avertantur
616 1812 625 1839 ;
649 1804 769 1840 utpote
787 1809 870 1840 quos
886 1808 985 1830 nemo
1001 1798 1218 1830 convivarum
1235 1801 1376 1837 tangere
1391 1796 1489 1834 velit,
1505 1801 1692 1836 propterea

229 1850 296 1883 quo
348 1845 467 1882 aptum
497 1842 620 1882 cuique
649 1841 905 1873 condimentum
933 1841 1033 1872 desit.
1077 1840 1195 1880 Opera
1221 1839 1337 1879 potius
1365 1837 1479 1869 danda
1504 1842 1568 1875 est,
1593 1842 1631 1867 ut
1653 1842 1692 1869 et

231 1883 344 1924 pisces
368 1883 509 1924 pretiosi
525 1887 708 1924 ponantur,
723 1888 760 1915 et
775 1883 824 1914 ita
839 1883 989 1914 suaviter
1004 1881 1147 1919 conditi,
1162 1885 1201 1912 ut
1215 1882 1267 1912 vel
1283 1880 1445 1920 languido
1461 1879 1615 1911 convivae
1631 1889 1691 1920 ap-

230 1926 376 1966 petitum
398 1931 587 1964 renovent;
611 1925 699 1956 adeo
721 1929 761 1956 nt
782 1925 866 1956 nihil
887 1925 1021 1956 demum
1042 1933 1085 1955 ex
1107 1923 1148 1954 iis
1169 1923 1335 1964 reliquum
1357 1923 1415 1962 sit,
1435 1922 1524 1963 quod
1541 1931 1559 1952 a
1575 1922 1692 1952 minis-

231 1968 402 2000 trantibus
429 1968 544 2008 pueris
570 1968 681 1999 averri
707 1967 825 2008 possit.
872 1967 950 1998 Non
972 1967 1056 1997 satis
1081 1970 1135 1997 est
1161 1966 1272 2006 pisces
1296 1965 1446 1996 intactos
1473 1973 1554 1995 cara
1575 1972 1692 1994 mensa

231 2018 404 2048 averrere,
429 2015 467 2041 et
491 2010 564 2043 solo
587 2014 701 2041 sumtu
724 2014 760 2041 te
783 2013 976 2040 ostentare:
1002 2009 1029 2040 si
1053 2012 1162 2039 artem
1189 2016 1360 2039 coenarum
1389 2006 1452 2038 tibi
1478 2015 1628 2046 arrogas,
1654 2006 1689 2037 id

231 2051 344 2092 potius
359 2051 471 2089 effice,
487 2057 526 2082 ut
549 2061 621 2092 prae
636 2051 807 2082 suavitate
830 2052 944 2082 omnia
959 2054 1215 2089 consumantur,
1229 2049 1314 2081 nihil
1331 2048 1491 2090 supersit.
1536 2048 1638 2087 Haec,
1655 2049 1690 2079 ni

232 2091 346 2131 failor,
367 2094 539 2124 enarratio
562 2098 597 2123 et
619 2093 799 2124 sententiaa
824 2098 860 2123 et
883 2092 988 2123 verbo
1012 2093 1168 2133 apposite
1191 2090 1373 2132 congruit.'
1396 2091 1506 2122 Bentl.
1550 2090 1642 2122 Han.
1656 2093 1689 2123 1.

232 2134 330 2166 Gon.
343 2134 439 2165 Harl.
450 2137 481 2166 2.
491 2137 524 2166 4.
536 2137 568 2165 6.
585 2134 701 2165 Zarot.
713 2133 856 2164 Medioi.
869 2136 964 2165 1477.
981 2135 1125 2165 Venett.
1136 2134 1218 2165 Vet.
1231 2133 1350 2165 Comb.
1360 2133 1505 2172 Cuning.
1519 2133 1559 2163 R.
1568 2133 1690 2173 Steph.

233 2172 355 2208 Heins-
371 2176 482 2207 Bond.
499 2176 675 2207 Schrevei.
694 2174 875 2211 Heindorf,
890 2179 1042 2207 avertere.
1087 2176 1185 2207 Harl.
1197 2179 1228 2206 3.
1247 2177 1289 2206 al.
1303 2175 1434 2214 Delph.
1456 2175 1578 2206 Sanad.
1595 2174 1691 2206 Du'n-

233 2221 318 2254 ster.
334 2218 491 2257 Francis,
517 2219 619 2250 Bsxt.
636 2217 742 2249 Gesu.
760 2218 870 2249 Zeun.
886 2218 1032 2249 Wetzel.
1048 2218 1191 2259 Bipont.
1209 2217 1346 2248 Wakef.
1362 2222 1398 2248 et
1414 2216 1520 2248 Kidd.
1535 2226 1691 2257 «venere,

232 2260 324 2302 quod
341 2260 464 2301 probat
482 2260 527 2293 N.
545 2260 704 2293 Heinsius
719 2259 762 2292 sd
778 2260 840 2293 Sil.
857 2259 936 2291 Ital.
952 2269 1008 2293 ιιι.
1024 2263 1187 2293 321.-39
1202 2260 1348 2300 Cuning.
1361 2270 1394 2291 se
1408 2259 1478 2298 jam
1491 2260 1687 2292 convivia.-

273 2421 316 2451 s?
338 2419 494 2451 Arm-rere
519 2418 641 2459 mensu]
671 2418 778 2452 Quasi
807 2419 932 2449 everri·
985 2418 1050 2449 niis
1072 2418 1197 2451 dicitur
1218 2418 1307 2460 quod
1331 2424 1384 2450 est
1411 2418 1485 2449 sine
1512 2417 1687 2457 pigmento

231 2469 309 2501 culo
325 2470 524 2501 abstrahere
537 2469 648 2510 pisces
659 2477 776 2500 omnes
793 2467 826 2498 in
839 2477 932 2498 men-
985 2469 1114 2510 saporis
1141 2469 1266 2508 alieui;
1292 2469 1382 2501 sicut
1406 2476 1537 2498 merum
1561 2466 1687 2498 dicitur

231 2527 271 2550 ss
285 2519 468 2560 piscatoris
482 2520 652 2560 expositos
667 2523 703 2550 et
717 2518 867 2550 venales.
985 2519 1116 2551 solum?

275 2570 319 2600 88
342 2568 462 2604 Quibus
480 2573 526 2600 est
546 2569 604 2608 jus
622 2570 739 2610 aptius,
766 2571 797 2600 et
819 2567 931 2609 quibus
1027 2571 1070 2600 39
1092 2568 1133 2599 In
1155 2567 1293 2599 cubitum
1307 2566 1379 2605 jam
1400 2575 1434 2597 se
1451 2565 1577 2597 conviva
1598 2575 1686 2607 repo-

231 2616 327 2657 assis]
349 2618 418 2651 Qui
438 2617 549 2658 pisces
568 2618 688 2650 elixati
710 2618 873 2654 debeant,
893 2621 931 2649 et
983 2616 1052 2657 net]
1073 2617 1234 2648 Excitatu
1249 2616 1346 2656 quasi
1361 2623 1451 2645 nova
1469 2613 1559 2646 fame
1581 2624 1687 2647 novos

233 2667 269 2698 in
292 2667 432 2708 jansenio
460 2667 590 2699 condiri
617 2672 654 2700 et
679 2667 819 2700 inferri:
848 2668 930 2699 item
984 2666 1079 2698 cibos
1092 2670 1273 2707 appetens,
1289 2669 1325 2696 et
1339 2664 1381 2695 ad
1398 2664 1553 2705 jucunde
1573 2674 1686 2697 come·

233 2725 319 2758 quos
340 2717 444 2748 assari
466 2717 572 2757 magis
590 2718 784 2758 conveniat,
799 2723 835 2749 et
854 2717 930 2749 abs·
984 2715 1115 2748 dendos
1138 2725 1175 2746 se
1199 2724 1313 2746 rursus
1337 2724 1554 2756 componens.
1598 2715 1685 2746 Eum

235 2775 301 2806 que
318 2766 386 2797 ulio
402 2765 616 2797 condimento
637 2771 673 2799 et
689 2768 768 2808 jure
791 2768 928 2809 apponi.
984 2776 1087 2808 porro
1117 2764 1354 2797 discumbendi
1376 2773 1502 2796 morem
1534 2769 1685 2796 veterum

235 2816 288 2850 Ex
306 2816 396 2850 Non.
414 2816 600 2850 Marcello:
616 2817 626 2835 ‘
643 2816 762 2850 Assum
779 2819 815 2850 in
831 2818 931 2850 obso-
985 2821 1021 2849 et
1042 2816 1209 2848 rationem
1226 2814 1303 2847 fuse
1326 2815 1495 2856 explicavi
1509 2823 1534 2846 ι.
1550 2814 1618 2848 Od.
1629 2817 1683 2846 27.
