<?xml version="1.0" encoding="UTF-8"?>
<!DOCTYPE html PUBLIC "-//W3C//DTD XHTML 1.0 Transitional//EN"
    "http://www.w3.org/TR/xhtml1/DTD/xhtml1-transitional.dtd">
<html xmlns="http://www.w3.org/1999/xhtml" xml:lang="en" lang="en">
 <head>
  <title>
</title>
<meta http-equiv="Content-Type" content="text/html;charset=utf-8" />
  <meta name='ocr-system' content='tesseract 3.04.00' />
  <meta name='ocr-capabilities' content='ocr_page ocr_carea ocr_par ocr_line ocrx_word'/>
</head>
<body>
  <div class='ocr_page' id='page_1' title='image "./operazeune02horauoft_0601.png"; bbox 0 0 1890 3256; ppageno 0'>
   <div class='ocr_carea' id='block_1_1' title="bbox 612 331 1259 371">
    <p class='ocr_par' dir='ltr' id='par_1_1' title="bbox 612 331 1259 371">
     <span class='ocr_line' id='line_1_1' title="bbox 612 331 1259 371; baseline 0 -2"><span class='ocrx_word' id='word_1_1' title='bbox 612 338 964 370; x_wconf 74' lang='lat' dir='ltr'><strong>EPISTOLARUM</strong></span> <span class='ocrx_word' id='word_1_2' title='bbox 1005 340 1096 369; x_wconf 75' lang='lat' dir='ltr'><strong>ms.</strong></span> <span class='ocrx_word' id='word_1_3' title='bbox 1130 339 1159 369; x_wconf 78' lang='grc' dir='ltr'><strong>ι.</strong></span> <span class='ocrx_word' id='word_1_4' title='bbox 1191 331 1259 371; x_wconf 74' lang='grc'><strong>12.</strong></span> 
     </span>
    </p>
   </div>
   <div class='ocr_carea' id='block_1_2' title="bbox 1547 328 1657 369">
    <p class='ocr_par' dir='ltr' id='par_1_2' title="bbox 1547 328 1657 369">
     <span class='ocr_line' id='line_1_2' title="bbox 1547 328 1657 369; baseline 0.009 -1"><span class='ocrx_word' id='word_1_5' title='bbox 1547 328 1657 369; x_wconf 79' lang='grc'><strong>1141</strong></span> 
     </span>
    </p>
   </div>
   <div class='ocr_carea' id='block_1_3' title="bbox 208 427 1658 947">
    <p class='ocr_par' dir='ltr' id='par_1_3' title="bbox 210 427 1154 483">
     <span class='ocr_line' id='line_1_3' title="bbox 210 427 1154 483; baseline 0.001 -15"><span class='ocrx_word' id='word_1_6' title='bbox 210 427 259 468; x_wconf 91' lang='lat' dir='ltr'><strong>Si</strong></span> <span class='ocrx_word' id='word_1_7' title='bbox 280 430 397 469; x_wconf 89' lang='lat' dir='ltr'><strong>recte</strong></span> <span class='ocrx_word' id='word_1_8' title='bbox 416 427 587 478; x_wconf 86' lang='lat' dir='ltr'><strong>frueris,</strong></span> <span class='ocrx_word' id='word_1_9' title='bbox 605 441 692 470; x_wconf 89' lang='lat' dir='ltr'><strong>non</strong></span> <span class='ocrx_word' id='word_1_10' title='bbox 713 433 780 470; x_wconf 89' lang='lat' dir='ltr'><strong>est</strong></span> <span class='ocrx_word' id='word_1_11' title='bbox 800 434 847 471; x_wconf 88' lang='lat' dir='ltr'><strong>ut</strong></span> <span class='ocrx_word' id='word_1_12' title='bbox 865 431 994 483; x_wconf 85' lang='lat' dir='ltr'><strong>copia</strong></span> <span class='ocrx_word' id='word_1_13' title='bbox 1013 429 1154 483; x_wconf 85' lang='lat' dir='ltr'><strong>major</strong></span> 
     </span>
    </p>

    <p class='ocr_par' dir='ltr' id='par_1_4' title="bbox 209 493 1255 550">
     <span class='ocr_line' id='line_1_4' title="bbox 209 493 1255 550; baseline 0.001 -15"><span class='ocrx_word' id='word_1_14' title='bbox 209 493 282 535; x_wconf 90' lang='lat' dir='ltr'><strong>Ab</strong></span> <span class='ocrx_word' id='word_1_15' title='bbox 302 494 416 536; x_wconf 86' lang='lat' dir='ltr'><strong>Jove</strong></span> <span class='ocrx_word' id='word_1_16' title='bbox 436 494 588 536; x_wconf 85' lang='lat' dir='ltr'><strong>donari</strong></span> <span class='ocrx_word' id='word_1_17' title='bbox 608 497 749 548; x_wconf 85' lang='lat' dir='ltr'><strong>possit</strong></span> <span class='ocrx_word' id='word_1_18' title='bbox 768 496 870 537; x_wconf 88' lang='lat' dir='ltr'><strong>tibi:</strong></span> <span class='ocrx_word' id='word_1_19' title='bbox 901 497 1005 538; x_wconf 87' lang='lat' dir='ltr'><strong>tolle</strong></span> <span class='ocrx_word' id='word_1_20' title='bbox 1025 495 1255 550; x_wconf 84' lang='lat' dir='ltr'><strong>querelas3</strong></span> 
     </span>
    </p>

    <p class='ocr_par' dir='ltr' id='par_1_5' title="bbox 210 560 1325 617">
     <span class='ocr_line' id='line_1_5' title="bbox 210 560 1325 617; baseline 0.001 -16"><span class='ocrx_word' id='word_1_21' title='bbox 210 560 386 614; x_wconf 82' lang='lat' dir='ltr'>Pauper</span> <span class='ocrx_word' id='word_1_22' title='bbox 404 562 519 603; x_wconf 88' lang='lat' dir='ltr'><strong>enim</strong></span> <span class='ocrx_word' id='word_1_23' title='bbox 537 574 626 603; x_wconf 91' lang='lat' dir='ltr'><strong>non</strong></span> <span class='ocrx_word' id='word_1_24' title='bbox 648 566 715 603; x_wconf 87' lang='lat' dir='ltr'><strong>est</strong></span> <span class='ocrx_word' id='word_1_25' title='bbox 735 563 807 604; x_wconf 86' lang='lat' dir='ltr'><strong>cui</strong></span> <span class='ocrx_word' id='word_1_26' title='bbox 827 576 964 604; x_wconf 88' lang='lat' dir='ltr'><strong>rerum</strong></span> <span class='ocrx_word' id='word_1_27' title='bbox 985 563 1182 617; x_wconf 85' lang='lat' dir='ltr'><strong>suppetit</strong></span> <span class='ocrx_word' id='word_1_28' title='bbox 1202 575 1325 604; x_wconf 81' lang='lat' dir='ltr'><strong>usus,</strong></span> 
     </span>
    </p>

    <p class='ocr_par' dir='ltr' id='par_1_6' title="bbox 210 627 1658 750">
     <span class='ocr_line' id='line_1_6' title="bbox 210 627 1658 684; baseline 0.001 -16"><span class='ocrx_word' id='word_1_29' title='bbox 210 627 259 668; x_wconf 94' lang='lat' dir='ltr'><strong>Si</strong></span> <span class='ocrx_word' id='word_1_30' title='bbox 276 628 417 669; x_wconf 85' lang='lat' dir='ltr'><strong>ventri</strong></span> <span class='ocrx_word' id='word_1_31' title='bbox 435 629 559 678; x_wconf 88' lang='lat' dir='ltr'><strong>bene,</strong></span> <span class='ocrx_word' id='word_1_32' title='bbox 580 628 618 669; x_wconf 91' lang='lat' dir='ltr'><strong>si</strong></span> <span class='ocrx_word' id='word_1_33' title='bbox 637 629 763 670; x_wconf 84' lang='lat' dir='ltr'><strong>lateri</strong></span> <span class='ocrx_word' id='word_1_34' title='bbox 784 633 851 671; x_wconf 88' lang='lat' dir='ltr'><strong>est</strong></span> <span class='ocrx_word' id='word_1_35' title='bbox 870 629 1146 684; x_wconf 82' lang='lat' dir='ltr'><strong>pedibusque</strong></span> <span class='ocrx_word' id='word_1_36' title='bbox 1166 629 1269 679; x_wconf 91' lang='lat' dir='ltr'><strong>tuis,</strong></span> <span class='ocrx_word' id='word_1_37' title='bbox 1289 628 1351 669; x_wconf 92' lang='lat' dir='ltr'><strong>nil</strong></span> <span class='ocrx_word' id='word_1_38' title='bbox 1630 630 1658 669; x_wconf 88' lang='lat'>5</span> 
     </span>
     <span class='ocr_line' id='line_1_7' title="bbox 211 693 1163 750; baseline 0.003 -16"><span class='ocrx_word' id='word_1_39' title='bbox 211 693 394 735; x_wconf 75' lang='lat' dir='ltr'><strong>Divitiae</strong></span> <span class='ocrx_word' id='word_1_40' title='bbox 415 697 617 747; x_wconf 83' lang='lat' dir='ltr'><strong>poterunt</strong></span> <span class='ocrx_word' id='word_1_41' title='bbox 636 696 805 748; x_wconf 82' lang='lat' dir='ltr'><strong>regales</strong></span> <span class='ocrx_word' id='word_1_42' title='bbox 826 695 986 737; x_wconf 85' lang='lat' dir='ltr'><strong>addere</strong></span> <span class='ocrx_word' id='word_1_43' title='bbox 1005 696 1163 750; x_wconf 87' lang='lat' dir='ltr'><strong>majus.</strong></span> 
     </span>
    </p>

    <p class='ocr_par' dir='ltr' id='par_1_7' title="bbox 210 759 1316 814">
     <span class='ocr_line' id='line_1_8' title="bbox 210 759 1316 814; baseline 0.002 -14"><span class='ocrx_word' id='word_1_44' title='bbox 210 759 257 800; x_wconf 93' lang='lat' dir='ltr'><strong>Si</strong></span> <span class='ocrx_word' id='word_1_45' title='bbox 277 759 387 802; x_wconf 85' lang='lat' dir='ltr'><strong>forte</strong></span> <span class='ocrx_word' id='word_1_46' title='bbox 404 760 452 800; x_wconf 88' lang='lat' dir='ltr'><strong>in</strong></span> <span class='ocrx_word' id='word_1_47' title='bbox 469 760 616 802; x_wconf 91' lang='lat' dir='ltr'><strong>medio</strong></span> <span class='ocrx_word' id='word_1_48' title='bbox 635 762 882 814; x_wconf 86' lang='lat' dir='ltr'><strong>positorum</strong></span> <span class='ocrx_word' id='word_1_49' title='bbox 903 763 1157 812; x_wconf 86' lang='lat' dir='ltr'><strong>abstemius,</strong></span> <span class='ocrx_word' id='word_1_50' title='bbox 1172 762 1316 803; x_wconf 90' lang='lat' dir='ltr'><strong>herbis</strong></span> 
     </span>
    </p>

    <p class='ocr_par' dir='ltr' id='par_1_8' title="bbox 208 824 1184 881">
     <span class='ocr_line' id='line_1_9' title="bbox 208 824 1184 881; baseline 0.003 -15"><span class='ocrx_word' id='word_1_51' title='bbox 208 824 340 868; x_wconf 87' lang='lat' dir='ltr'><strong>Vivis</strong></span> <span class='ocrx_word' id='word_1_52' title='bbox 360 830 407 867; x_wconf 89' lang='lat' dir='ltr'><strong>et</strong></span> <span class='ocrx_word' id='word_1_53' title='bbox 426 826 579 876; x_wconf 87' lang='lat' dir='ltr'><strong>urtica,</strong></span> <span class='ocrx_word' id='word_1_54' title='bbox 600 827 666 867; x_wconf 88' lang='lat' dir='ltr'><strong>sic</strong></span> <span class='ocrx_word' id='word_1_55' title='bbox 688 827 810 868; x_wconf 87' lang='lat' dir='ltr'><strong>vives</strong></span> <span class='ocrx_word' id='word_1_56' title='bbox 830 834 1054 881; x_wconf 89' lang='lat' dir='ltr'><strong>protenus,</strong></span> <span class='ocrx_word' id='word_1_57' title='bbox 1075 834 1124 869; x_wconf 90' lang='lat' dir='ltr'><strong>ut</strong></span> <span class='ocrx_word' id='word_1_58' title='bbox 1140 833 1184 869; x_wconf 86' lang='lat' dir='ltr'><strong>te</strong></span> 
     </span>
    </p>

    <p class='ocr_par' dir='ltr' id='par_1_9' title="bbox 209 891 1230 947">
     <span class='ocr_line' id='line_1_10' title="bbox 209 891 1230 947; baseline -0.001 -14"><span class='ocrx_word' id='word_1_59' title='bbox 209 891 452 935; x_wconf 87' lang='lat' dir='ltr'><strong>Confestim</strong></span> <span class='ocrx_word' id='word_1_60' title='bbox 469 893 666 947; x_wconf 90' lang='lat' dir='ltr'><strong>liquidus</strong></span> <span class='ocrx_word' id='word_1_61' title='bbox 686 893 874 934; x_wconf 82' lang='lat' dir='ltr'><strong>fortunae</strong></span> <span class='ocrx_word' id='word_1_62' title='bbox 893 894 1014 935; x_wconf 88' lang='lat' dir='ltr'><strong>rivus</strong></span> <span class='ocrx_word' id='word_1_63' title='bbox 1035 895 1203 935; x_wconf 85' lang='lat' dir='ltr'><strong>inauret</strong></span> <span class='ocrx_word' id='word_1_64' title='bbox 1221 907 1230 932; x_wconf 78' lang='grc' dir='ltr'>ε</span> 
     </span>
    </p>
   </div>
   <div class='ocr_carea' id='block_1_4' title="bbox 208 957 1222 1013">
    <p class='ocr_par' dir='ltr' id='par_1_10' title="bbox 208 957 1222 1013">
     <span class='ocr_line' id='line_1_11' title="bbox 208 957 1222 1013; baseline 0 -13"><span class='ocrx_word' id='word_1_65' title='bbox 208 957 297 1000; x_wconf 86' lang='lat' dir='ltr'><strong>Vel</strong></span> <span class='ocrx_word' id='word_1_66' title='bbox 316 960 423 1013; x_wconf 87' lang='lat' dir='ltr'><strong>quia</strong></span> <span class='ocrx_word' id='word_1_67' title='bbox 441 964 645 1001; x_wconf 85' lang='lat' dir='ltr'><strong>naturam</strong></span> <span class='ocrx_word' id='word_1_68' title='bbox 666 963 831 1002; x_wconf 85' lang='lat' dir='ltr'><strong>mutare</strong></span> <span class='ocrx_word' id='word_1_69' title='bbox 851 960 1042 1013; x_wconf 86' lang='lat' dir='ltr'><strong>pecunia</strong></span> <span class='ocrx_word' id='word_1_70' title='bbox 1057 961 1222 1011; x_wconf 81' lang='lat' dir='ltr'><strong>nescit3</strong></span> 
     </span>
    </p>
   </div>
   <div class='ocr_carea' id='block_1_5' title="bbox 1605 962 1659 1003">
    <p class='ocr_par' dir='ltr' id='par_1_11' title="bbox 1605 962 1659 1003">
     <span class='ocr_line' id='line_1_12' title="bbox 1605 962 1659 1003; baseline 0.019 -1"><span class='ocrx_word' id='word_1_71' title='bbox 1605 962 1659 1003; x_wconf 89' lang='grc'><strong>10</strong></span> 
     </span>
    </p>
   </div>
   <div class='ocr_carea' id='block_1_6' title="bbox 206 1095 1661 1267">
    <p class='ocr_par' dir='ltr' id='par_1_12' title="bbox 206 1095 1661 1267">
     <span class='ocr_line' id='line_1_13' title="bbox 206 1095 1658 1139; baseline 0.001 -14"><span class='ocrx_word' id='word_1_72' title='bbox 206 1095 266 1126; x_wconf 73' lang='lat' dir='ltr'><strong>tibi</strong></span> <span class='ocrx_word' id='word_1_73' title='bbox 279 1105 350 1136; x_wconf 77' lang='lat' dir='ltr'><strong>opes</strong></span> <span class='ocrx_word' id='word_1_74' title='bbox 362 1097 437 1129; x_wconf 81' lang='lat' dir='ltr'><strong>dare</strong></span> <span class='ocrx_word' id='word_1_75' title='bbox 450 1097 558 1137; x_wconf 74' lang='lat' dir='ltr'><strong>nequit</strong></span> <span class='ocrx_word' id='word_1_76' title='bbox 571 1098 710 1138; x_wconf 80' lang='lat' dir='ltr'><strong>Jupiter.</strong></span> <span class='ocrx_word' id='word_1_77' title='bbox 754 1097 874 1130; x_wconf 80' lang='lat' dir='ltr'><strong>Desine</strong></span> <span class='ocrx_word' id='word_1_78' title='bbox 898 1099 1054 1139; x_wconf 78' lang='lat' dir='ltr'><strong>conqueri.</strong></span> <span class='ocrx_word' id='word_1_79' title='bbox 1100 1098 1169 1129; x_wconf 88' lang='lat' dir='ltr'><strong>Nec</strong></span> <span class='ocrx_word' id='word_1_80' title='bbox 1194 1098 1275 1129; x_wconf 79' lang='lat' dir='ltr'><strong>enim</strong></span> <span class='ocrx_word' id='word_1_81' title='bbox 1298 1101 1344 1129; x_wconf 75' lang='lat' dir='ltr'><strong>est</strong></span> <span class='ocrx_word' id='word_1_82' title='bbox 1366 1098 1454 1138; x_wconf 73' lang='lat' dir='ltr'><strong>inops</strong></span> <span class='ocrx_word' id='word_1_83' title='bbox 1476 1097 1531 1138; x_wconf 80' lang='lat' dir='ltr'><strong>qui</strong></span> <span class='ocrx_word' id='word_1_84' title='bbox 1554 1104 1658 1127; x_wconf 80' lang='lat' dir='ltr'><strong>rerum</strong></span> 
     </span>
     <span class='ocr_line' id='line_1_14' title="bbox 206 1137 1661 1181; baseline 0.001 -13"><span class='ocrx_word' id='word_1_85' title='bbox 206 1137 297 1169; x_wconf 74' lang='lat' dir='ltr'><strong>habet</strong></span> <span class='ocrx_word' id='word_1_86' title='bbox 312 1148 411 1171; x_wconf 77' lang='lat' dir='ltr'><strong>usum.</strong></span> <span class='ocrx_word' id='word_1_87' title='bbox 456 1139 495 1171; x_wconf 77' lang='lat' dir='ltr'><strong>Si</strong></span> <span class='ocrx_word' id='word_1_88' title='bbox 508 1143 627 1176; x_wconf 78' lang='lat' dir='ltr'><strong>venter,</strong></span> <span class='ocrx_word' id='word_1_89' title='bbox 642 1140 671 1171; x_wconf 82' lang='lat' dir='ltr'><strong>si</strong></span> <span class='ocrx_word' id='word_1_90' title='bbox 684 1141 766 1171; x_wconf 79' lang='lat' dir='ltr'><strong>latus</strong></span> <span class='ocrx_word' id='word_1_91' title='bbox 780 1150 816 1171; x_wconf 83' lang='lat' dir='ltr'><strong>ac</strong></span> <span class='ocrx_word' id='word_1_92' title='bbox 834 1142 928 1181; x_wconf 73' lang='lat' dir='ltr'><strong>pedes</strong></span> <span class='ocrx_word' id='word_1_93' title='bbox 942 1141 1097 1172; x_wconf 86' lang='lat' dir='ltr'><strong>commode</strong></span> <span class='ocrx_word' id='word_1_94' title='bbox 1110 1143 1195 1179; x_wconf 78' lang='lat' dir='ltr'><strong>sunt,</strong></span> <span class='ocrx_word' id='word_1_95' title='bbox 1209 1140 1291 1171; x_wconf 75' lang='lat' dir='ltr'><strong>nihil</strong></span> <span class='ocrx_word' id='word_1_96' title='bbox 1310 1140 1441 1180; x_wconf 81' lang='lat' dir='ltr'><strong>amplius</strong></span> <span class='ocrx_word' id='word_1_97' title='bbox 1455 1149 1562 1179; x_wconf 83' lang='lat' dir='ltr'><strong>regum</strong></span> <span class='ocrx_word' id='word_1_98' title='bbox 1575 1138 1661 1171; x_wconf 76' lang='lat' dir='ltr'><strong>divi-</strong></span> 
     </span>
     <span class='ocr_line' id='line_1_15' title="bbox 206 1179 1658 1223; baseline 0.002 -14"><span class='ocrx_word' id='word_1_99' title='bbox 206 1179 262 1210; x_wconf 72' lang='lat' dir='ltr'><strong>tia</strong></span> <span class='ocrx_word' id='word_1_100' title='bbox 275 1181 414 1218; x_wconf 82' lang='lat' dir='ltr'><strong>conferre</strong></span> <span class='ocrx_word' id='word_1_101' title='bbox 428 1183 542 1214; x_wconf 81' lang='lat' dir='ltr'><strong>valent.</strong></span> <span class='ocrx_word' id='word_1_102' title='bbox 580 1182 619 1213; x_wconf 80' lang='lat' dir='ltr'><strong>Si</strong></span> <span class='ocrx_word' id='word_1_103' title='bbox 630 1183 721 1220; x_wconf 85' lang='lat' dir='ltr'><strong>sorte</strong></span> <span class='ocrx_word' id='word_1_104' title='bbox 733 1183 818 1214; x_wconf 78' lang='lat' dir='ltr'><strong>inter</strong></span> <span class='ocrx_word' id='word_1_105' title='bbox 832 1184 935 1214; x_wconf 77' lang='lat' dir='ltr'><strong>edulia</strong></span> <span class='ocrx_word' id='word_1_106' title='bbox 947 1192 1084 1223; x_wconf 75' lang='lat' dir='ltr'><strong>possessa</strong></span> <span class='ocrx_word' id='word_1_107' title='bbox 1099 1182 1364 1215; x_wconf 23' lang='lat' dir='ltr'><strong>sobriusquesceris</strong></span> <span class='ocrx_word' id='word_1_108' title='bbox 1379 1181 1511 1213; x_wconf 73' lang='lat' dir='ltr'><strong>oleribus</strong></span> <span class='ocrx_word' id='word_1_109' title='bbox 1527 1184 1557 1212; x_wconf 84' lang='lat' dir='ltr'><strong>et</strong></span> <span class='ocrx_word' id='word_1_110' title='bbox 1573 1181 1658 1220; x_wconf 78' lang='lat' dir='ltr'><strong>legu-</strong></span> 
     </span>
     <span class='ocr_line' id='line_1_16' title="bbox 208 1221 1658 1267; baseline 0.001 -14"><span class='ocrx_word' id='word_1_111' title='bbox 208 1221 352 1265; x_wconf 70' lang='lat' dir='ltr'><strong>minibus,</strong></span> <span class='ocrx_word' id='word_1_112' title='bbox 365 1223 412 1256; x_wconf 78' lang='lat' dir='ltr'><strong>ita</strong></span> <span class='ocrx_word' id='word_1_113' title='bbox 423 1233 517 1265; x_wconf 81' lang='lat' dir='ltr'><strong>porro</strong></span> <span class='ocrx_word' id='word_1_114' title='bbox 531 1225 702 1263; x_wconf 59' lang='lat' dir='ltr'><strong>viduabit,</strong></span> <span class='ocrx_word' id='word_1_115' title='bbox 715 1228 751 1256; x_wconf 74' lang='lat' dir='ltr'><strong>ut</strong></span> <span class='ocrx_word' id='word_1_116' title='bbox 764 1234 832 1256; x_wconf 74' lang='lat' dir='ltr'><strong>sors</strong></span> <span class='ocrx_word' id='word_1_117' title='bbox 845 1228 876 1257; x_wconf 82' lang='lat' dir='ltr'><strong>te</strong></span> <span class='ocrx_word' id='word_1_118' title='bbox 891 1225 1000 1257; x_wconf 75' lang='lat' dir='ltr'><strong>statim</strong></span> <span class='ocrx_word' id='word_1_119' title='bbox 1010 1225 1244 1267; x_wconf 80' lang='lat' dir='ltr'><strong>aureoflumine</strong></span> <span class='ocrx_word' id='word_1_120' title='bbox 1254 1225 1433 1265; x_wconf 75' lang='lat' dir='ltr'><strong>locupletet:</strong></span> <span class='ocrx_word' id='word_1_121' title='bbox 1449 1233 1502 1255; x_wconf 78' lang='lat' dir='ltr'><strong>seu</strong></span> <span class='ocrx_word' id='word_1_122' title='bbox 1514 1223 1658 1265; x_wconf 81' lang='lat' dir='ltr'><strong>quoniam</strong></span> 
     </span>
    </p>
   </div>
   <div class='ocr_carea' id='block_1_7' title="bbox 816 1324 1051 1338">
    <p class='ocr_par' dir='ltr' id='par_1_13' title="bbox 816 1324 1051 1338">
     <span class='ocr_line' id='line_1_17' title="bbox 816 1324 1051 1338; baseline 0 -1"><span class='ocrx_word' id='word_1_123' title='bbox 816 1325 833 1337; x_wconf 67' lang='lat'><em>0</em></span> <span class='ocrx_word' id='word_1_124' title='bbox 838 1324 1051 1338; x_wconf 56' lang='lat' dir='ltr'><strong>”omnm</strong></span> 
     </span>
    </p>
   </div>
   <div class='ocr_carea' id='block_1_8' title="bbox 205 1396 1666 1654">
    <p class='ocr_par' dir='ltr' id='par_1_14' title="bbox 205 1396 1666 1654">
     <span class='ocr_line' id='line_1_18' title="bbox 208 1396 1659 1442; baseline 0.001 -13"><span class='ocrx_word' id='word_1_125' title='bbox 208 1396 327 1438; x_wconf 75' lang='lat' dir='ltr'><strong>primae</strong></span> <span class='ocrx_word' id='word_1_126' title='bbox 349 1398 428 1431; x_wconf 84' lang='lat' dir='ltr'><strong>edd.</strong></span> <span class='ocrx_word' id='word_1_127' title='bbox 455 1399 537 1431; x_wconf 90' lang='lat' dir='ltr'><strong>item</strong></span> <span class='ocrx_word' id='word_1_128' title='bbox 561 1399 662 1432; x_wconf 89' lang='lat' dir='ltr'><strong>Aldd.</strong></span> <span class='ocrx_word' id='word_1_129' title='bbox 685 1401 726 1432; x_wconf 84' lang='lat' dir='ltr'><strong>R.</strong></span> <span class='ocrx_word' id='word_1_130' title='bbox 742 1404 778 1432; x_wconf 87' lang='lat' dir='ltr'><strong>et</strong></span> <span class='ocrx_word' id='word_1_131' title='bbox 796 1401 842 1432; x_wconf 88' lang='lat' dir='ltr'><strong>H.</strong></span> <span class='ocrx_word' id='word_1_132' title='bbox 858 1401 980 1440; x_wconf 82' lang='lat' dir='ltr'><strong>steph.</strong></span> <span class='ocrx_word' id='word_1_133' title='bbox 997 1400 1101 1442; x_wconf 87' lang='lat' dir='ltr'><strong>Crnq.</strong></span> <span class='ocrx_word' id='word_1_134' title='bbox 1117 1404 1151 1431; x_wconf 90' lang='lat' dir='ltr'><strong>et</strong></span> <span class='ocrx_word' id='word_1_135' title='bbox 1164 1403 1309 1431; x_wconf 84' lang='lat' dir='ltr'><strong>recentt.</strong></span> <span class='ocrx_word' id='word_1_136' title='bbox 1325 1409 1398 1439; x_wconf 80' lang='lat' dir='ltr'><strong>quos</strong></span> <span class='ocrx_word' id='word_1_137' title='bbox 1411 1410 1438 1431; x_wconf 84' lang='lat' dir='ltr'><strong>c.</strong></span> <span class='ocrx_word' id='word_1_138' title='bbox 1455 1399 1596 1431; x_wconf 82' lang='lat' dir='ltr'><strong>Ioci.—2</strong></span> <span class='ocrx_word' id='word_1_139' title='bbox 1619 1398 1659 1430; x_wconf 78' lang='lat' dir='ltr'><strong>Si</strong></span> 
     </span>
     <span class='ocr_line' id='line_1_19' title="bbox 205 1441 1660 1483; baseline 0 -12"><span class='ocrx_word' id='word_1_140' title='bbox 205 1441 398 1479; x_wconf 74' lang='lat' dir='ltr'><strong>rectesueris</strong></span> <span class='ocrx_word' id='word_1_141' title='bbox 413 1451 482 1474; x_wconf 87' lang='lat' dir='ltr'><strong>var.</strong></span> <span class='ocrx_word' id='word_1_142' title='bbox 499 1443 580 1474; x_wconf 88' lang='lat' dir='ltr'><strong>lect.</strong></span> <span class='ocrx_word' id='word_1_143' title='bbox 593 1453 648 1483; x_wconf 91' lang='lat' dir='ltr'><strong>ap.</strong></span> <span class='ocrx_word' id='word_1_144' title='bbox 660 1442 683 1475; x_wconf 89' lang='lat' dir='ltr'>J</span> <span class='ocrx_word' id='word_1_145' title='bbox 686 1443 850 1474; x_wconf 77' lang='lat' dir='ltr'><strong>aeck.—-3</strong></span> <span class='ocrx_word' id='word_1_146' title='bbox 866 1444 894 1474; x_wconf 76' lang='lat' dir='ltr'><strong>A</strong></span> <span class='ocrx_word' id='word_1_147' title='bbox 910 1443 989 1474; x_wconf 84' lang='lat' dir='ltr'><strong>Jove</strong></span> <span class='ocrx_word' id='word_1_148' title='bbox 1000 1443 1230 1474; x_wconf 83' lang='lat' dir='ltr'><strong>Schoeuborn.</strong></span> <span class='ocrx_word' id='word_1_149' title='bbox 1241 1445 1273 1473; x_wconf 81' lang='lat'><strong>4.</strong></span> <span class='ocrx_word' id='word_1_150' title='bbox 1289 1442 1370 1473; x_wconf 88' lang='lat' dir='ltr'><strong>Vat.</strong></span> <span class='ocrx_word' id='word_1_151' title='bbox 1381 1444 1413 1472; x_wconf 85' lang='lat'><strong>7.</strong></span> <span class='ocrx_word' id='word_1_152' title='bbox 1429 1442 1508 1472; x_wconf 88' lang='lat' dir='ltr'><strong>Vat.</strong></span> <span class='ocrx_word' id='word_1_153' title='bbox 1520 1441 1616 1472; x_wconf 84' lang='lat' dir='ltr'><strong>Rom.</strong></span> <span class='ocrx_word' id='word_1_154' title='bbox 1626 1443 1660 1471; x_wconf 89' lang='grc'><strong>9.</strong></span> 
     </span>
     <span class='ocr_line' id='line_1_20' title="bbox 206 1477 1656 1526; baseline -0.001 -13"><span class='ocrx_word' id='word_1_155' title='bbox 206 1477 287 1514; x_wconf 82' lang='lat' dir='ltr'><strong>Vat.</strong></span> <span class='ocrx_word' id='word_1_156' title='bbox 304 1483 416 1516; x_wconf 86' lang='lat' dir='ltr'><strong>Palat.</strong></span> <span class='ocrx_word' id='word_1_157' title='bbox 432 1488 464 1516; x_wconf 84' lang='grc'><strong>4.</strong></span> <span class='ocrx_word' id='word_1_158' title='bbox 494 1488 531 1516; x_wconf 90' lang='lat' dir='ltr'><strong>et</strong></span> <span class='ocrx_word' id='word_1_159' title='bbox 550 1484 707 1526; x_wconf 85' lang='lat' dir='ltr'><strong>Angelic.</strong></span> <span class='ocrx_word' id='word_1_160' title='bbox 723 1487 820 1517; x_wconf 76' lang='grc'><strong>3.-4</strong></span> <span class='ocrx_word' id='word_1_161' title='bbox 846 1486 991 1525; x_wconf 81' lang='lat' dir='ltr'><strong>Cuning.</strong></span> <span class='ocrx_word' id='word_1_162' title='bbox 1014 1494 1056 1516; x_wconf 85' lang='lat' dir='ltr'><strong>ex</strong></span> <span class='ocrx_word' id='word_1_163' title='bbox 1080 1485 1227 1525; x_wconf 84' lang='lat' dir='ltr'><strong>ingenio,</strong></span> <span class='ocrx_word' id='word_1_164' title='bbox 1248 1493 1352 1515; x_wconf 85' lang='lat' dir='ltr'><strong>rerum</strong></span> <span class='ocrx_word' id='word_1_165' title='bbox 1373 1484 1424 1514; x_wconf 79' lang='lat' dir='ltr'><strong>cui</strong></span> <span class='ocrx_word' id='word_1_166' title='bbox 1448 1482 1656 1523; x_wconf 59' lang='lat' dir='ltr'><strong>summit—5</strong></span> 
     </span>
     <span class='ocr_line' id='line_1_21' title="bbox 207 1524 1660 1567; baseline 0 -12"><span class='ocrx_word' id='word_1_167' title='bbox 207 1524 304 1556; x_wconf 82' lang='lat' dir='ltr'><strong>Vatt.</strong></span> <span class='ocrx_word' id='word_1_168' title='bbox 318 1529 352 1557; x_wconf 85' lang='lat'><strong>9.</strong></span> <span class='ocrx_word' id='word_1_169' title='bbox 363 1529 414 1558; x_wconf 78' lang='lat'><strong>15.</strong></span> <span class='ocrx_word' id='word_1_170' title='bbox 425 1527 502 1559; x_wconf 82' lang='lat' dir='ltr'><strong>Vat.</strong></span> <span class='ocrx_word' id='word_1_171' title='bbox 518 1527 613 1559; x_wconf 86' lang='lat' dir='ltr'><strong>Rom.</strong></span> <span class='ocrx_word' id='word_1_172' title='bbox 631 1531 662 1559; x_wconf 87' lang='grc'><strong>9.</strong></span> <span class='ocrx_word' id='word_1_173' title='bbox 674 1527 822 1559; x_wconf 88' lang='lat' dir='ltr'><strong>Chisian.</strong></span> <span class='ocrx_word' id='word_1_174' title='bbox 834 1531 866 1559; x_wconf 90' lang='lat'><strong>5.</strong></span> <span class='ocrx_word' id='word_1_175' title='bbox 881 1528 1063 1567; x_wconf 86' lang='lat' dir='ltr'><strong>Bamberg.</strong></span> <span class='ocrx_word' id='word_1_176' title='bbox 1078 1533 1114 1558; x_wconf 90' lang='lat' dir='ltr'><strong>et</strong></span> <span class='ocrx_word' id='word_1_177' title='bbox 1129 1525 1360 1559; x_wconf 87' lang='lat' dir='ltr'><strong>Schoenborn.</strong></span> <span class='ocrx_word' id='word_1_178' title='bbox 1373 1528 1403 1557; x_wconf 83' lang='lat'><strong>3.</strong></span> <span class='ocrx_word' id='word_1_179' title='bbox 1419 1525 1660 1565; x_wconf 76' lang='lat' dir='ltr'><strong>lateripedibus-</strong></span> 
     </span>
     <span class='ocr_line' id='line_1_22' title="bbox 206 1566 1658 1608; baseline 0.001 -11"><span class='ocrx_word' id='word_1_180' title='bbox 206 1574 266 1606; x_wconf 70' lang='lat' dir='ltr'><strong>que</strong></span> <span class='ocrx_word' id='word_1_181' title='bbox 279 1567 351 1599; x_wconf 77' lang='lat' dir='ltr'><strong>sine</strong></span> <span class='ocrx_word' id='word_1_182' title='bbox 365 1572 488 1601; x_wconf 54' lang='lat' dir='ltr'><strong>estu-⁷</strong></span> <span class='ocrx_word' id='word_1_183' title='bbox 498 1570 684 1602; x_wconf 62' lang='lat' dir='ltr'><strong>Aristemius</strong></span> <span class='ocrx_word' id='word_1_184' title='bbox 696 1570 927 1602; x_wconf 84' lang='lat' dir='ltr'><strong>Schoenborn.</strong></span> <span class='ocrx_word' id='word_1_185' title='bbox 940 1573 1036 1601; x_wconf 84' lang='grc'>4.-8</span> <span class='ocrx_word' id='word_1_186' title='bbox 1058 1570 1141 1600; x_wconf 83' lang='lat' dir='ltr'><strong>Vat.</strong></span> <span class='ocrx_word' id='word_1_187' title='bbox 1164 1572 1195 1600; x_wconf 83' lang='lat'><strong>3.</strong></span> <span class='ocrx_word' id='word_1_188' title='bbox 1218 1578 1238 1600; x_wconf 89' lang='lat' dir='ltr'><strong>a</strong></span> <span class='ocrx_word' id='word_1_189' title='bbox 1260 1578 1304 1599; x_wconf 88' lang='lat' dir='ltr'><strong>m.</strong></span> <span class='ocrx_word' id='word_1_190' title='bbox 1330 1578 1382 1608; x_wconf 89' lang='lat' dir='ltr'><strong>pr.</strong></span> <span class='ocrx_word' id='word_1_191' title='bbox 1405 1569 1452 1599; x_wconf 75' lang='lat' dir='ltr'><strong>sic</strong></span> <span class='ocrx_word' id='word_1_192' title='bbox 1466 1567 1557 1598; x_wconf 70' lang='lat' dir='ltr'><strong>vivis.</strong></span> <span class='ocrx_word' id='word_1_193' title='bbox 1578 1566 1658 1598; x_wconf 84' lang='lat' dir='ltr'><strong>vat.</strong></span> 
     </span>
     <span class='ocr_line' id='line_1_23' title="bbox 209 1608 1666 1654; baseline -0.001 -13"><span class='ocrx_word' id='word_1_194' title='bbox 209 1608 309 1642; x_wconf 86' lang='lat' dir='ltr'><strong>Rom.</strong></span> <span class='ocrx_word' id='word_1_195' title='bbox 324 1613 356 1642; x_wconf 83' lang='grc'><strong>7.</strong></span> <span class='ocrx_word' id='word_1_196' title='bbox 372 1621 393 1643; x_wconf 84' lang='lat' dir='ltr'><strong>a</strong></span> <span class='ocrx_word' id='word_1_197' title='bbox 403 1621 447 1644; x_wconf 88' lang='lat' dir='ltr'><strong>m.</strong></span> <span class='ocrx_word' id='word_1_198' title='bbox 463 1621 516 1653; x_wconf 86' lang='lat' dir='ltr'><strong>pr.</strong></span> <span class='ocrx_word' id='word_1_199' title='bbox 530 1613 575 1644; x_wconf 80' lang='lat' dir='ltr'><strong>sie</strong></span> <span class='ocrx_word' id='word_1_200' title='bbox 587 1614 671 1644; x_wconf 69' lang='lat' dir='ltr'><strong>vives</strong></span> <span class='ocrx_word' id='word_1_201' title='bbox 682 1612 855 1653; x_wconf 78' lang='lat' dir='ltr'><strong>proximus.</strong></span> <span class='ocrx_word' id='word_1_202' title='bbox 876 1613 1000 1654; x_wconf 81' lang='lat' dir='ltr'><strong>angg.</strong></span> <span class='ocrx_word' id='word_1_203' title='bbox 1018 1617 1098 1644; x_wconf 86' lang='lat' dir='ltr'><strong>ante</strong></span> <span class='ocrx_word' id='word_1_204' title='bbox 1114 1611 1228 1643; x_wconf 86' lang='lat' dir='ltr'><strong>Bentl.</strong></span> <span class='ocrx_word' id='word_1_205' title='bbox 1243 1610 1462 1651; x_wconf 54' lang='lat' dir='ltr'><strong>protinus—9</strong></span> <span class='ocrx_word' id='word_1_206' title='bbox 1487 1608 1666 1647; x_wconf 62' lang='lat' dir='ltr'><strong>Confestim,</strong></span> 
     </span>
    </p>
   </div>
   <div class='ocr_carea' id='block_1_9' title="bbox 856 1706 996 1739">
    <p class='ocr_par' dir='ltr' id='par_1_15' title="bbox 856 1706 996 1739">
     <span class='ocr_line' id='line_1_24' title="bbox 856 1706 996 1739; baseline -0.007 0"><span class='ocrx_word' id='word_1_207' title='bbox 856 1706 996 1739; x_wconf 82' lang='lat' dir='ltr'><strong>NOTAE</strong></span> 
     </span>
    </p>
   </div>
   <div class='ocr_carea' id='block_1_10' title="bbox 186 1767 910 2907">
    <p class='ocr_par' dir='ltr' id='par_1_16' title="bbox 186 1767 910 2658">
     <span class='ocr_line' id='line_1_25' title="bbox 208 1767 906 1810; baseline 0.006 -12"><span class='ocrx_word' id='word_1_208' title='bbox 208 1767 301 1806; x_wconf 81' lang='lat' dir='ltr'><strong>visa;</strong></span> <span class='ocrx_word' id='word_1_209' title='bbox 325 1768 539 1810; x_wconf 77' lang='lat' dir='ltr'><strong>triangularis</strong></span> <span class='ocrx_word' id='word_1_210' title='bbox 561 1769 681 1802; x_wconf 84' lang='lat' dir='ltr'><strong>formae</strong></span> <span class='ocrx_word' id='word_1_211' title='bbox 703 1775 777 1802; x_wconf 85' lang='lat' dir='ltr'><strong>est:</strong></span> <span class='ocrx_word' id='word_1_212' title='bbox 800 1770 906 1802; x_wconf 88' lang='lat' dir='ltr'><strong>habet</strong></span> 
     </span>
     <span class='ocr_line' id='line_1_26' title="bbox 206 1816 907 1862; baseline 0.007 -15"><span class='ocrx_word' id='word_1_213' title='bbox 206 1816 242 1847; x_wconf 86' lang='lat' dir='ltr'><strong>in</strong></span> <span class='ocrx_word' id='word_1_214' title='bbox 265 1818 412 1850; x_wconf 85' lang='lat' dir='ltr'><strong>circuitu</strong></span> <span class='ocrx_word' id='word_1_215' title='bbox 437 1820 511 1860; x_wconf 85' lang='lat' dir='ltr'><strong>plus</strong></span> <span class='ocrx_word' id='word_1_216' title='bbox 534 1830 632 1862; x_wconf 88' lang='lat' dir='ltr'><strong>quam</strong></span> <span class='ocrx_word' id='word_1_217' title='bbox 656 1825 815 1852; x_wconf 79' lang='lat' dir='ltr'><strong>sexcenta</strong></span> <span class='ocrx_word' id='word_1_218' title='bbox 832 1830 907 1862; x_wconf 85' lang='lat' dir='ltr'><strong>pas-</strong></span> 
     </span>
     <span class='ocr_line' id='line_1_27' title="bbox 208 1867 905 1907; baseline 0.009 -11"><span class='ocrx_word' id='word_1_219' title='bbox 208 1874 304 1898; x_wconf 78' lang='lat' dir='ltr'><strong>suum</strong></span> <span class='ocrx_word' id='word_1_220' title='bbox 317 1867 444 1907; x_wconf 85' lang='lat' dir='ltr'><strong>millia;</strong></span> <span class='ocrx_word' id='word_1_221' title='bbox 466 1870 613 1901; x_wconf 86' lang='lat' dir='ltr'><strong>omnium</strong></span> <span class='ocrx_word' id='word_1_222' title='bbox 629 1870 729 1901; x_wconf 83' lang='lat' dir='ltr'><strong>maris</strong></span> <span class='ocrx_word' id='word_1_223' title='bbox 743 1871 905 1901; x_wconf 80' lang='lat' dir='ltr'><strong>mediter-</strong></span> 
     </span>
     <span class='ocr_line' id='line_1_28' title="bbox 207 1915 906 1957; baseline 0.009 -11"><span class='ocrx_word' id='word_1_224' title='bbox 207 1915 302 1947; x_wconf 77' lang='lat' dir='ltr'><strong>ranei</strong></span> <span class='ocrx_word' id='word_1_225' title='bbox 317 1917 524 1957; x_wconf 83' lang='lat' dir='ltr'><strong>amplissima</strong></span> <span class='ocrx_word' id='word_1_226' title='bbox 539 1924 717 1951; x_wconf 82' lang='lat' dir='ltr'><strong>censetur:</strong></span> <span class='ocrx_word' id='word_1_227' title='bbox 741 1919 906 1952; x_wconf 82' lang='lat' dir='ltr'><strong>frumenti</strong></span> 
     </span>
     <span class='ocr_line' id='line_1_29' title="bbox 208 1965 907 2010; baseline 0.009 -14"><span class='ocrx_word' id='word_1_228' title='bbox 208 1965 294 1997; x_wconf 85' lang='lat' dir='ltr'><strong>adeo</strong></span> <span class='ocrx_word' id='word_1_229' title='bbox 320 1965 429 2007; x_wconf 80' lang='lat' dir='ltr'><strong>ferax,</strong></span> <span class='ocrx_word' id='word_1_230' title='bbox 445 1974 484 1999; x_wconf 88' lang='lat' dir='ltr'><strong>ut</strong></span> <span class='ocrx_word' id='word_1_231' title='bbox 505 1969 663 2000; x_wconf 84' lang='lat' dir='ltr'><strong>horreum</strong></span> <span class='ocrx_word' id='word_1_232' title='bbox 691 1971 808 2010; x_wconf 90' lang='lat' dir='ltr'><strong>populi</strong></span> <span class='ocrx_word' id='word_1_233' title='bbox 838 1970 907 2002; x_wconf 84' lang='lat' dir='ltr'><strong>Ro-</strong></span> 
     </span>
     <span class='ocr_line' id='line_1_30' title="bbox 210 2015 907 2051; baseline 0.007 -5"><span class='ocrx_word' id='word_1_234' title='bbox 210 2015 302 2047; x_wconf 76' lang='lat' dir='ltr'><strong>mani</strong></span> <span class='ocrx_word' id='word_1_235' title='bbox 316 2015 498 2048; x_wconf 78' lang='lat' dir='ltr'><strong>diceretur.</strong></span> <span class='ocrx_word' id='word_1_236' title='bbox 532 2018 604 2049; x_wconf 88' lang='lat' dir='ltr'><strong>Cic.</strong></span> <span class='ocrx_word' id='word_1_237' title='bbox 627 2019 728 2050; x_wconf 83' lang='lat' dir='ltr'><strong>Verr.</strong></span> <span class='ocrx_word' id='word_1_238' title='bbox 749 2029 800 2050; x_wconf 91' lang='lat' dir='ltr'><strong>1v.</strong></span> <span class='ocrx_word' id='word_1_239' title='bbox 825 2021 834 2037; x_wconf 93' lang='lat'>‘</span> <span class='ocrx_word' id='word_1_240' title='bbox 848 2020 907 2051; x_wconf 83' lang='lat' dir='ltr'><strong>Sa·</strong></span> 
     </span>
     <span class='ocr_line' id='line_1_31' title="bbox 209 2066 907 2107; baseline 0.003 -10"><span class='ocrx_word' id='word_1_241' title='bbox 209 2066 309 2106; x_wconf 84' lang='lat' dir='ltr'><strong>piens</strong></span> <span class='ocrx_word' id='word_1_242' title='bbox 333 2066 389 2097; x_wconf 87' lang='lat' dir='ltr'><strong>ille</strong></span> <span class='ocrx_word' id='word_1_243' title='bbox 412 2066 461 2097; x_wconf 91' lang='grc' dir='ltr'><strong>Μ.</strong></span> <span class='ocrx_word' id='word_1_244' title='bbox 477 2067 562 2098; x_wconf 86' lang='lat' dir='ltr'><strong>Cato</strong></span> <span class='ocrx_word' id='word_1_245' title='bbox 586 2069 761 2107; x_wconf 85' lang='lat' dir='ltr'><strong>penariam</strong></span> <span class='ocrx_word' id='word_1_246' title='bbox 785 2068 907 2100; x_wconf 86' lang='lat' dir='ltr'><strong>cellam</strong></span> 
     </span>
     <span class='ocr_line' id='line_1_32' title="bbox 210 2115 907 2158; baseline 0.009 -13"><span class='ocrx_word' id='word_1_247' title='bbox 210 2115 312 2156; x_wconf 86' lang='lat' dir='ltr'><strong>Reip.</strong></span> <span class='ocrx_word' id='word_1_248' title='bbox 336 2119 476 2155; x_wconf 76' lang='lat' dir='ltr'><strong>nostrae,</strong></span> <span class='ocrx_word' id='word_1_249' title='bbox 492 2116 662 2148; x_wconf 87' lang='lat' dir='ltr'><strong>nutricem</strong></span> <span class='ocrx_word' id='word_1_250' title='bbox 686 2117 795 2158; x_wconf 86' lang='lat' dir='ltr'><strong>plebis</strong></span> <span class='ocrx_word' id='word_1_251' title='bbox 811 2119 907 2151; x_wconf 83' lang='lat' dir='ltr'><strong>Rom.</strong></span> 
     </span>
     <span class='ocr_line' id='line_1_33' title="bbox 209 2164 586 2197; baseline 0.003 -1"><span class='ocrx_word' id='word_1_252' title='bbox 209 2164 358 2196; x_wconf 86' lang='lat' dir='ltr'><strong>Siciliam</strong></span> <span class='ocrx_word' id='word_1_253' title='bbox 377 2165 586 2197; x_wconf 67' lang='lat' dir='ltr'><strong>nominavit!</strong></span> 
     </span>
     <span class='ocr_line' id='line_1_34' title="bbox 216 2214 907 2257; baseline 0.01 -13"><span class='ocrx_word' id='word_1_254' title='bbox 216 2235 218 2238; x_wconf 90' lang='lat'>-</span> <span class='ocrx_word' id='word_1_255' title='bbox 253 2214 338 2250; x_wconf 71' lang='lat' dir='ltr'><strong>Quos</strong></span> <span class='ocrx_word' id='word_1_256' title='bbox 351 2215 488 2255; x_wconf 76' lang='lat' dir='ltr'><strong>colligis]</strong></span> <span class='ocrx_word' id='word_1_257' title='bbox 510 2215 615 2248; x_wconf 86' lang='lat' dir='ltr'><strong>Velut</strong></span> <span class='ocrx_word' id='word_1_258' title='bbox 631 2222 832 2257; x_wconf 87' lang='lat' dir='ltr'><strong>procurator</strong></span> <span class='ocrx_word' id='word_1_259' title='bbox 848 2222 907 2250; x_wconf 86' lang='lat' dir='ltr'><strong>aut</strong></span> 
     </span>
     <span class='ocr_line' id='line_1_35' title="bbox 209 2265 905 2309; baseline 0.007 -14"><span class='ocrx_word' id='word_1_260' title='bbox 209 2270 347 2296; x_wconf 79' lang='lat' dir='ltr'><strong>coactor</strong></span> <span class='ocrx_word' id='word_1_261' title='bbox 375 2265 418 2296; x_wconf 86' lang='lat' dir='ltr'><strong>ab</strong></span> <span class='ocrx_word' id='word_1_262' title='bbox 440 2265 596 2306; x_wconf 86' lang='lat' dir='ltr'><strong>Agrippa</strong></span> <span class='ocrx_word' id='word_1_263' title='bbox 618 2267 836 2309; x_wconf 80' lang='lat' dir='ltr'><strong>constitutus,</strong></span> <span class='ocrx_word' id='word_1_264' title='bbox 862 2269 905 2301; x_wconf 91' lang='lat' dir='ltr'><strong>ad</strong></span> 
     </span>
     <span class='ocr_line' id='line_1_36' title="bbox 209 2315 906 2358; baseline 0.006 -12"><span class='ocrx_word' id='word_1_265' title='bbox 209 2315 417 2356; x_wconf 85' lang='lat' dir='ltr'><strong>colligendos</strong></span> <span class='ocrx_word' id='word_1_266' title='bbox 437 2315 570 2351; x_wconf 82' lang='lat' dir='ltr'><strong>fructus</strong></span> <span class='ocrx_word' id='word_1_267' title='bbox 590 2326 633 2348; x_wconf 83' lang='lat' dir='ltr'><strong>ex</strong></span> <span class='ocrx_word' id='word_1_268' title='bbox 650 2317 740 2358; x_wconf 84' lang='lat' dir='ltr'><strong>agris</strong></span> <span class='ocrx_word' id='word_1_269' title='bbox 755 2316 906 2350; x_wconf 86' lang='lat' dir='ltr'><strong>fructua-</strong></span> 
     </span>
     <span class='ocr_line' id='line_1_37' title="bbox 210 2365 905 2410; baseline 0.006 -15"><span class='ocrx_word' id='word_1_270' title='bbox 210 2365 281 2404; x_wconf 73' lang='lat' dir='ltr'><strong>riis,</strong></span> <span class='ocrx_word' id='word_1_271' title='bbox 300 2365 449 2406; x_wconf 83' lang='lat' dir='ltr'><strong>pascuis,</strong></span> <span class='ocrx_word' id='word_1_272' title='bbox 464 2366 699 2406; x_wconf 85' lang='lat' dir='ltr'><strong>vectigalibus.</strong></span> <span class='ocrx_word' id='word_1_273' title='bbox 746 2368 835 2399; x_wconf 91' lang='lat' dir='ltr'><strong>Sunt</strong></span> <span class='ocrx_word' id='word_1_274' title='bbox 850 2370 905 2410; x_wconf 89' lang='lat' dir='ltr'><strong>qui</strong></span> 
     </span>
     <span class='ocr_line' id='line_1_38' title="bbox 206 2414 910 2458; baseline 0.006 -12"><span class='ocrx_word' id='word_1_275' title='bbox 206 2414 303 2447; x_wconf 79' lang='lat' dir='ltr'><strong>Iccio</strong></span> <span class='ocrx_word' id='word_1_276' title='bbox 328 2415 469 2448; x_wconf 79' lang='lat' dir='ltr'><strong>donatos</strong></span> <span class='ocrx_word' id='word_1_277' title='bbox 495 2416 539 2447; x_wconf 90' lang='lat' dir='ltr'><strong>ab</strong></span> <span class='ocrx_word' id='word_1_278' title='bbox 565 2416 723 2458; x_wconf 86' lang='lat' dir='ltr'><strong>Agrippa</strong></span> <span class='ocrx_word' id='word_1_279' title='bbox 752 2423 910 2451; x_wconf 80' lang='lat' dir='ltr'><strong>assei-ant</strong></span> 
     </span>
     <span class='ocr_line' id='line_1_39' title="bbox 211 2466 902 2508; baseline 0.007 -13"><span class='ocrx_word' id='word_1_280' title='bbox 211 2474 321 2505; x_wconf 77' lang='lat' dir='ltr'><strong>agroS.</strong></span> <span class='ocrx_word' id='word_1_281' title='bbox 365 2466 492 2497; x_wconf 85' lang='lat' dir='ltr'><strong>Verum</strong></span> <span class='ocrx_word' id='word_1_282' title='bbox 508 2466 598 2508; x_wconf 88' lang='lat' dir='ltr'><strong>quod</strong></span> <span class='ocrx_word' id='word_1_283' title='bbox 621 2467 669 2498; x_wconf 81' lang='lat' dir='ltr'><strong>ait</strong></span> <span class='ocrx_word' id='word_1_284' title='bbox 685 2466 902 2506; x_wconf 58' lang='lat' dir='ltr'><strong>Poetmsrue-</strong></span> 
     </span>
     <span class='ocr_line' id='line_1_40' title="bbox 210 2515 906 2557; baseline 0.009 -12"><span class='ocrx_word' id='word_1_285' title='bbox 210 2516 268 2556; x_wconf 78' lang='lat' dir='ltr'><strong>ris,</strong></span> <span class='ocrx_word' id='word_1_286' title='bbox 281 2515 411 2548; x_wconf 85' lang='lat' dir='ltr'><strong>indicat</strong></span> <span class='ocrx_word' id='word_1_287' title='bbox 422 2516 528 2557; x_wconf 83' lang='lat' dir='ltr'><strong>magis</strong></span> <span class='ocrx_word' id='word_1_288' title='bbox 540 2516 789 2549; x_wconf 81' lang='lat' dir='ltr'><strong>usumfructum</strong></span> <span class='ocrx_word' id='word_1_289' title='bbox 799 2517 906 2551; x_wconf 80' lang='lat' dir='ltr'><strong>fuisse</strong></span> 
     </span>
     <span class='ocr_line' id='line_1_41' title="bbox 210 2566 905 2608; baseline 0.009 -13"><span class='ocrx_word' id='word_1_290' title='bbox 210 2574 421 2606; x_wconf 81' lang='lat' dir='ltr'><strong>concessum,</strong></span> <span class='ocrx_word' id='word_1_291' title='bbox 435 2566 469 2597; x_wconf 91' lang='lat' dir='ltr'><strong>id</strong></span> <span class='ocrx_word' id='word_1_292' title='bbox 488 2571 551 2607; x_wconf 78' lang='lat' dir='ltr'><strong>est,</strong></span> <span class='ocrx_word' id='word_1_293' title='bbox 566 2568 626 2608; x_wconf 79' lang='lat' dir='ltr'><strong>jus</strong></span> <span class='ocrx_word' id='word_1_294' title='bbox 651 2568 768 2599; x_wconf 86' lang='lat' dir='ltr'><strong>utendi</strong></span> <span class='ocrx_word' id='word_1_295' title='bbox 791 2568 905 2601; x_wconf 83' lang='lat' dir='ltr'><strong>fruen-</strong></span> 
     </span>
     <span class='ocr_line' id='line_1_42' title="bbox 186 2613 771 2658; baseline 0.01 -13"><span class='ocrx_word' id='word_1_296' title='bbox 186 2626 192 2630; x_wconf 78' lang='grc'><strong>-</strong></span> <span class='ocrx_word' id='word_1_297' title='bbox 210 2613 314 2656; x_wconf 82' lang='lat' dir='ltr'><strong>dique</strong></span> <span class='ocrx_word' id='word_1_298' title='bbox 329 2615 370 2646; x_wconf 90' lang='lat' dir='ltr'><strong>iis</strong></span> <span class='ocrx_word' id='word_1_299' title='bbox 387 2625 463 2657; x_wconf 79' lang='lat' dir='ltr'><strong>quae</strong></span> <span class='ocrx_word' id='word_1_300' title='bbox 477 2615 642 2658; x_wconf 83' lang='lat' dir='ltr'><strong>Agrippae</strong></span> <span class='ocrx_word' id='word_1_301' title='bbox 659 2623 771 2652; x_wconf 82' lang='lat' dir='ltr'><strong>erant.</strong></span> 
     </span>
    </p>

    <p class='ocr_par' dir='ltr' id='par_1_17' title="bbox 208 2665 906 2907">
     <span class='ocr_line' id='line_1_43' title="bbox 252 2665 906 2710; baseline 0.008 -14"><span class='ocrx_word' id='word_1_302' title='bbox 252 2669 271 2696; x_wconf 87' lang='lat'><strong>5</strong></span> <span class='ocrx_word' id='word_1_303' title='bbox 296 2665 333 2696; x_wconf 73' lang='lat' dir='ltr'><strong>Si</strong></span> <span class='ocrx_word' id='word_1_304' title='bbox 358 2666 458 2697; x_wconf 72' lang='lat' dir='ltr'><strong>ventri</strong></span> <span class='ocrx_word' id='word_1_305' title='bbox 481 2665 565 2705; x_wconf 83' lang='lat' dir='ltr'><strong>bene,</strong></span> <span class='ocrx_word' id='word_1_306' title='bbox 586 2666 655 2708; x_wconf 57' lang='grc' dir='ltr'><strong>δῖα]</strong></span> <span class='ocrx_word' id='word_1_307' title='bbox 680 2669 716 2700; x_wconf 90' lang='lat' dir='ltr'><strong>Si</strong></span> <span class='ocrx_word' id='word_1_308' title='bbox 732 2669 827 2700; x_wconf 87' lang='lat' dir='ltr'><strong>cibus</strong></span> <span class='ocrx_word' id='word_1_309' title='bbox 844 2679 906 2710; x_wconf 89' lang='lat' dir='ltr'><strong>po-</strong></span> 
     </span>
     <span class='ocr_line' id='line_1_44' title="bbox 209 2715 905 2759; baseline 0.009 -14"><span class='ocrx_word' id='word_1_310' title='bbox 209 2718 331 2756; x_wconf 80' lang='lat' dir='ltr'><strong>tusque</strong></span> <span class='ocrx_word' id='word_1_311' title='bbox 347 2715 512 2756; x_wconf 79' lang='lat' dir='ltr'><strong>suppetit,</strong></span> <span class='ocrx_word' id='word_1_312' title='bbox 528 2716 557 2746; x_wconf 83' lang='lat' dir='ltr'><strong>si</strong></span> <span class='ocrx_word' id='word_1_313' title='bbox 570 2721 711 2749; x_wconf 81' lang='lat' dir='ltr'><strong>stratum</strong></span> <span class='ocrx_word' id='word_1_314' title='bbox 725 2723 762 2750; x_wconf 86' lang='lat' dir='ltr'><strong>et</strong></span> <span class='ocrx_word' id='word_1_315' title='bbox 778 2719 905 2759; x_wconf 83' lang='lat' dir='ltr'><strong>cubile,</strong></span> 
     </span>
     <span class='ocr_line' id='line_1_45' title="bbox 209 2765 906 2806; baseline 0.01 -11"><span class='ocrx_word' id='word_1_316' title='bbox 209 2765 238 2795; x_wconf 82' lang='lat' dir='ltr'><strong>si</strong></span> <span class='ocrx_word' id='word_1_317' title='bbox 260 2774 381 2806; x_wconf 83' lang='lat' dir='ltr'><strong>equus,</strong></span> <span class='ocrx_word' id='word_1_318' title='bbox 396 2765 450 2796; x_wconf 88' lang='lat' dir='ltr'><strong>vel</strong></span> <span class='ocrx_word' id='word_1_319' title='bbox 473 2765 587 2806; x_wconf 89' lang='lat' dir='ltr'><strong>potius</strong></span> <span class='ocrx_word' id='word_1_320' title='bbox 613 2768 718 2800; x_wconf 80' lang='lat' dir='ltr'><strong>calcei</strong></span> <span class='ocrx_word' id='word_1_321' title='bbox 743 2779 783 2801; x_wconf 87' lang='lat' dir='ltr'><strong>ac</strong></span> <span class='ocrx_word' id='word_1_322' title='bbox 808 2770 906 2801; x_wconf 92' lang='lat' dir='ltr'><strong>indu-</strong></span> 
     </span>
     <span class='ocr_line' id='line_1_46' title="bbox 208 2814 904 2858; baseline 0.01 -13"><span class='ocrx_word' id='word_1_323' title='bbox 208 2820 335 2846; x_wconf 82' lang='lat' dir='ltr'><strong>menta.</strong></span> <span class='ocrx_word' id='word_1_324' title='bbox 378 2814 470 2846; x_wconf 85' lang='lat' dir='ltr'><strong>Hinc</strong></span> <span class='ocrx_word' id='word_1_325' title='bbox 486 2816 603 2847; x_wconf 88' lang='lat' dir='ltr'><strong>volunt</strong></span> <span class='ocrx_word' id='word_1_326' title='bbox 619 2817 755 2858; x_wconf 89' lang='lat' dir='ltr'><strong>quidam</strong></span> <span class='ocrx_word' id='word_1_327' title='bbox 774 2820 904 2852; x_wconf 90' lang='lat' dir='ltr'><strong>Iccium</strong></span> 
     </span>
     <span class='ocr_line' id='line_1_47' title="bbox 208 2864 903 2907; baseline 0.009 -13"><span class='ocrx_word' id='word_1_328' title='bbox 208 2864 391 2904; x_wconf 84' lang='lat' dir='ltr'><strong>perstringi</strong></span> <span class='ocrx_word' id='word_1_329' title='bbox 415 2864 510 2897; x_wconf 82' lang='lat' dir='ltr'><strong>velut</strong></span> <span class='ocrx_word' id='word_1_330' title='bbox 538 2865 755 2907; x_wconf 88' lang='lat' dir='ltr'><strong>Epicureum.</strong></span> <span class='ocrx_word' id='word_1_331' title='bbox 812 2869 903 2902; x_wconf 85' lang='lat' dir='ltr'><strong>Quin</strong></span> 
     </span>
    </p>
   </div>
   <div class='ocr_carea' id='block_1_11' title="bbox 958 1768 1661 2697">
    <p class='ocr_par' dir='ltr' id='par_1_18' title="bbox 959 1768 1659 1860">
     <span class='ocr_line' id='line_1_48' title="bbox 959 1768 1659 1812; baseline -0.004 -10"><span class='ocrx_word' id='word_1_332' title='bbox 959 1770 1060 1802; x_wconf 89' lang='lat' dir='ltr'><strong>immo</strong></span> <span class='ocrx_word' id='word_1_333' title='bbox 1075 1771 1176 1812; x_wconf 87' lang='lat' dir='ltr'><strong>paulo</strong></span> <span class='ocrx_word' id='word_1_334' title='bbox 1191 1775 1271 1812; x_wconf 84' lang='lat' dir='ltr'><strong>post</strong></span> <span class='ocrx_word' id='word_1_335' title='bbox 1283 1769 1416 1801; x_wconf 88' lang='lat' dir='ltr'><strong>Stoicus</strong></span> <span class='ocrx_word' id='word_1_336' title='bbox 1429 1768 1533 1800; x_wconf 85' lang='lat' dir='ltr'><strong>fuisse</strong></span> <span class='ocrx_word' id='word_1_337' title='bbox 1546 1772 1659 1800; x_wconf 81' lang='lat' dir='ltr'><strong>osten·</strong></span> 
     </span>
     <span class='ocr_line' id='line_1_49' title="bbox 960 1818 1645 1860; baseline -0.006 -8"><span class='ocrx_word' id='word_1_338' title='bbox 960 1821 1063 1860; x_wconf 78' lang='lat' dir='ltr'><strong>ditur,</strong></span> <span class='ocrx_word' id='word_1_339' title='bbox 1075 1830 1114 1852; x_wconf 89' lang='lat' dir='ltr'><strong>ac</strong></span> <span class='ocrx_word' id='word_1_340' title='bbox 1131 1830 1242 1851; x_wconf 88' lang='lat' dir='ltr'><strong>rerum</strong></span> <span class='ocrx_word' id='word_1_341' title='bbox 1258 1819 1450 1851; x_wconf 87' lang='lat' dir='ltr'><strong>sublimium</strong></span> <span class='ocrx_word' id='word_1_342' title='bbox 1465 1818 1645 1850; x_wconf 84' lang='lat' dir='ltr'><strong>studiosus.</strong></span> 
     </span>
    </p>

    <p class='ocr_par' dir='ltr' id='par_1_19' title="bbox 958 1867 1661 2256">
     <span class='ocr_line' id='line_1_50' title="bbox 1003 1867 1657 1911; baseline -0.006 -9"><span class='ocrx_word' id='word_1_343' title='bbox 1003 1873 1023 1902; x_wconf 83' lang='lat'>8</span> <span class='ocrx_word' id='word_1_344' title='bbox 1050 1870 1178 1911; x_wconf 68' lang='lat' dir='ltr'><strong>Ustica]</strong></span> <span class='ocrx_word' id='word_1_345' title='bbox 1208 1869 1300 1901; x_wconf 88' lang='lat' dir='ltr'><strong>Plin.</strong></span> <span class='ocrx_word' id='word_1_346' title='bbox 1327 1878 1406 1901; x_wconf 78' lang='lat' dir='ltr'><strong>xxr.</strong></span> <span class='ocrx_word' id='word_1_347' title='bbox 1430 1871 1481 1900; x_wconf 85' lang='lat'><strong>15.</strong></span> <span class='ocrx_word' id='word_1_348' title='bbox 1509 1869 1518 1886; x_wconf 90' lang='lat'>‘</span> <span class='ocrx_word' id='word_1_349' title='bbox 1535 1867 1657 1899; x_wconf 89' lang='lat' dir='ltr'><strong>Urtica</strong></span> 
     </span>
     <span class='ocr_line' id='line_1_51' title="bbox 958 1916 1658 1961; baseline -0.003 -11"><span class='ocrx_word' id='word_1_350' title='bbox 958 1920 1128 1961; x_wconf 84' lang='lat' dir='ltr'><strong>incipiens</strong></span> <span class='ocrx_word' id='word_1_351' title='bbox 1160 1920 1253 1951; x_wconf 83' lang='lat' dir='ltr'><strong>nasci</strong></span> <span class='ocrx_word' id='word_1_352' title='bbox 1293 1929 1384 1960; x_wconf 84' lang='lat' dir='ltr'><strong>vere,</strong></span> <span class='ocrx_word' id='word_1_353' title='bbox 1414 1929 1482 1950; x_wconf 89' lang='lat' dir='ltr'><strong>non</strong></span> <span class='ocrx_word' id='word_1_354' title='bbox 1512 1916 1658 1958; x_wconf 81' lang='lat' dir='ltr'><strong>ingrato,</strong></span> 
     </span>
     <span class='ocr_line' id='line_1_52' title="bbox 959 1967 1660 2008; baseline -0.004 -8"><span class='ocrx_word' id='word_1_355' title='bbox 959 1970 1076 2000; x_wconf 80' lang='lat' dir='ltr'><strong>multis</strong></span> <span class='ocrx_word' id='word_1_356' title='bbox 1098 1969 1203 2000; x_wconf 84' lang='lat' dir='ltr'><strong>etiam</strong></span> <span class='ocrx_word' id='word_1_357' title='bbox 1218 1969 1376 2008; x_wconf 80' lang='lat' dir='ltr'><strong>religioso</strong></span> <span class='ocrx_word' id='word_1_358' title='bbox 1392 1969 1427 1999; x_wconf 93' lang='lat' dir='ltr'><strong>in</strong></span> <span class='ocrx_word' id='word_1_359' title='bbox 1443 1968 1519 1999; x_wconf 90' lang='lat' dir='ltr'><strong>cibo</strong></span> <span class='ocrx_word' id='word_1_360' title='bbox 1535 1972 1599 2006; x_wconf 84' lang='lat' dir='ltr'><strong>est,</strong></span> <span class='ocrx_word' id='word_1_361' title='bbox 1614 1967 1660 1997; x_wconf 82' lang='lat' dir='ltr'><strong>ad&#39;</strong></span> 
     </span>
     <span class='ocr_line' id='line_1_53' title="bbox 960 2016 1657 2058; baseline -0.001 -10"><span class='ocrx_word' id='word_1_362' title='bbox 960 2017 1136 2058; x_wconf 86' lang='lat' dir='ltr'><strong>pellendos</strong></span> <span class='ocrx_word' id='word_1_363' title='bbox 1151 2017 1255 2048; x_wconf 73' lang='lat' dir='ltr'><strong>totius</strong></span> <span class='ocrx_word' id='word_1_364' title='bbox 1269 2017 1349 2048; x_wconf 87' lang='lat' dir='ltr'><strong>anni</strong></span> <span class='ocrx_word' id='word_1_365' title='bbox 1366 2016 1524 2048; x_wconf 89' lang='lat' dir='ltr'><strong>morbos.&#39;</strong></span> <span class='ocrx_word' id='word_1_366' title='bbox 1569 2016 1657 2047; x_wconf 86' lang='lat' dir='ltr'><strong>Vide</strong></span> 
     </span>
     <span class='ocr_line' id='line_1_54' title="bbox 961 2065 1661 2098; baseline 0.003 -2"><span class='ocrx_word' id='word_1_367' title='bbox 961 2071 997 2097; x_wconf 83' lang='lat' dir='ltr'><strong>et</strong></span> <span class='ocrx_word' id='word_1_368' title='bbox 1022 2065 1215 2097; x_wconf 86' lang='lat' dir='ltr'><strong>Dioscorid.</strong></span> <span class='ocrx_word' id='word_1_369' title='bbox 1240 2075 1290 2097; x_wconf 83' lang='lat' dir='ltr'><strong>iv.</strong></span> <span class='ocrx_word' id='word_1_370' title='bbox 1306 2068 1359 2097; x_wconf 85' lang='grc'><strong>94.</strong></span> <span class='ocrx_word' id='word_1_371' title='bbox 1405 2066 1497 2096; x_wconf 86' lang='lat' dir='ltr'><strong>Nihil</strong></span> <span class='ocrx_word' id='word_1_372' title='bbox 1520 2065 1562 2096; x_wconf 91' lang='lat' dir='ltr'><strong>ad</strong></span> <span class='ocrx_word' id='word_1_373' title='bbox 1587 2074 1661 2098; x_wconf 86' lang='lat' dir='ltr'><strong>rem</strong></span> 
     </span>
     <span class='ocr_line' id='line_1_55' title="bbox 960 2114 1661 2156; baseline -0.001 -10"><span class='ocrx_word' id='word_1_374' title='bbox 960 2116 1071 2150; x_wconf 84' lang='lat' dir='ltr'><strong>urtica</strong></span> <span class='ocrx_word' id='word_1_375' title='bbox 1103 2115 1284 2156; x_wconf 84' lang='lat' dir='ltr'><strong>pisciculus</strong></span> <span class='ocrx_word' id='word_1_376' title='bbox 1314 2114 1423 2145; x_wconf 86' lang='lat' dir='ltr'><strong>carnis</strong></span> <span class='ocrx_word' id='word_1_377' title='bbox 1451 2114 1661 2152; x_wconf 65' lang='lat' dir='ltr'><strong>tener-dmm,</strong></span> 
     </span>
     <span class='ocr_line' id='line_1_56' title="bbox 960 2163 1656 2205; baseline -0.001 -9"><span class='ocrx_word' id='word_1_378' title='bbox 960 2169 1060 2196; x_wconf 88' lang='lat' dir='ltr'><strong>coctu</strong></span> <span class='ocrx_word' id='word_1_379' title='bbox 1073 2164 1196 2204; x_wconf 84' lang='lat' dir='ltr'><strong>facilis,</strong></span> <span class='ocrx_word' id='word_1_380' title='bbox 1207 2165 1240 2195; x_wconf 93' lang='lat' dir='ltr'><strong>in</strong></span> <span class='ocrx_word' id='word_1_381' title='bbox 1253 2164 1337 2195; x_wconf 89' lang='lat' dir='ltr'><strong>mari</strong></span> <span class='ocrx_word' id='word_1_382' title='bbox 1349 2164 1462 2196; x_wconf 87' lang='lat' dir='ltr'><strong>Siculo</strong></span> <span class='ocrx_word' id='word_1_383' title='bbox 1474 2163 1656 2205; x_wconf 81' lang='lat' dir='ltr'><strong>frequens:</strong></span> 
     </span>
     <span class='ocr_line' id='line_1_57' title="bbox 961 2213 1370 2256; baseline 0 -10"><span class='ocrx_word' id='word_1_384' title='bbox 961 2214 1003 2246; x_wconf 84' lang='lat' dir='ltr'><strong>de</strong></span> <span class='ocrx_word' id='word_1_385' title='bbox 1017 2224 1083 2256; x_wconf 87' lang='lat' dir='ltr'><strong>quo</strong></span> <span class='ocrx_word' id='word_1_386' title='bbox 1100 2214 1226 2245; x_wconf 87' lang='lat' dir='ltr'><strong>Athen.</strong></span> <span class='ocrx_word' id='word_1_387' title='bbox 1242 2213 1300 2245; x_wconf 86' lang='lat' dir='ltr'><strong>lib.</strong></span> <span class='ocrx_word' id='word_1_388' title='bbox 1314 2222 1370 2246; x_wconf 86' lang='lat'>111.</span> 
     </span>
    </p>

    <p class='ocr_par' dir='ltr' id='par_1_20' title="bbox 959 2265 1657 2697">
     <span class='ocr_line' id='line_1_58' title="bbox 1003 2265 1657 2307; baseline -0.002 -10"><span class='ocrx_word' id='word_1_389' title='bbox 1003 2270 1024 2298; x_wconf 88' lang='grc'><strong>9</strong></span> <span class='ocrx_word' id='word_1_390' title='bbox 1046 2267 1147 2298; x_wconf 79' lang='lat' dir='ltr'><strong>Rivus</strong></span> <span class='ocrx_word' id='word_1_391' title='bbox 1169 2266 1310 2307; x_wconf 78' lang='lat' dir='ltr'><strong>inauret]</strong></span> <span class='ocrx_word' id='word_1_392' title='bbox 1334 2265 1465 2297; x_wconf 82' lang='lat' dir='ltr'><strong>Allusio</strong></span> <span class='ocrx_word' id='word_1_393' title='bbox 1481 2269 1534 2297; x_wconf 88' lang='lat' dir='ltr'><strong>est</strong></span> <span class='ocrx_word' id='word_1_394' title='bbox 1549 2265 1592 2297; x_wconf 87' lang='lat' dir='ltr'><strong>ad</strong></span> <span class='ocrx_word' id='word_1_395' title='bbox 1606 2265 1657 2297; x_wconf 85' lang='lat' dir='ltr'><strong>fa-</strong></span> 
     </span>
     <span class='ocr_line' id='line_1_59' title="bbox 960 2315 1656 2357; baseline -0.003 -9"><span class='ocrx_word' id='word_1_396' title='bbox 960 2317 1074 2348; x_wconf 89' lang='lat' dir='ltr'><strong>bulam</strong></span> <span class='ocrx_word' id='word_1_397' title='bbox 1089 2316 1195 2348; x_wconf 83' lang='lat' dir='ltr'><strong>Midae</strong></span> <span class='ocrx_word' id='word_1_398' title='bbox 1211 2315 1371 2357; x_wconf 63' lang='lat' dir='ltr'><strong>Phrygiae</strong></span> <span class='ocrx_word' id='word_1_399' title='bbox 1389 2316 1490 2356; x_wconf 86' lang='lat' dir='ltr'><strong>regis,</strong></span> <span class='ocrx_word' id='word_1_400' title='bbox 1504 2316 1562 2357; x_wconf 87' lang='lat' dir='ltr'><strong>qui</strong></span> <span class='ocrx_word' id='word_1_401' title='bbox 1578 2325 1656 2347; x_wconf 89' lang='lat' dir='ltr'><strong>cum</strong></span> 
     </span>
     <span class='ocr_line' id='line_1_60' title="bbox 961 2366 1657 2408; baseline -0.003 -9"><span class='ocrx_word' id='word_1_402' title='bbox 961 2367 1085 2399; x_wconf 82' lang='lat' dir='ltr'><strong>stolide</strong></span> <span class='ocrx_word' id='word_1_403' title='bbox 1112 2371 1266 2408; x_wconf 79' lang='lat' dir='ltr'><strong>optasset</strong></span> <span class='ocrx_word' id='word_1_404' title='bbox 1291 2366 1325 2397; x_wconf 91' lang='lat' dir='ltr'><strong>in</strong></span> <span class='ocrx_word' id='word_1_405' title='bbox 1355 2375 1470 2396; x_wconf 85' lang='lat' dir='ltr'><strong>aurum</strong></span> <span class='ocrx_word' id='word_1_406' title='bbox 1502 2366 1657 2397; x_wconf 86' lang='lat' dir='ltr'><strong>converti</strong></span> 
     </span>
     <span class='ocr_line' id='line_1_61' title="bbox 959 2414 1655 2458; baseline -0.004 -10"><span class='ocrx_word' id='word_1_407' title='bbox 959 2416 1122 2458; x_wconf 85' lang='lat' dir='ltr'><strong>quicquid</strong></span> <span class='ocrx_word' id='word_1_408' title='bbox 1144 2414 1557 2455; x_wconf 80' lang='lat' dir='ltr'><strong>contrectasset,jamqne</strong></span> <span class='ocrx_word' id='word_1_409' title='bbox 1571 2414 1655 2446; x_wconf 87' lang='lat' dir='ltr'><strong>cibis</strong></span> 
     </span>
     <span class='ocr_line' id='line_1_62' title="bbox 960 2462 1656 2507; baseline -0.006 -10"><span class='ocrx_word' id='word_1_410' title='bbox 960 2464 1290 2507; x_wconf 61' lang='lat' dir='ltr'><strong>paritet-,immutatis</strong></span> <span class='ocrx_word' id='word_1_411' title='bbox 1306 2462 1398 2494; x_wconf 81' lang='lat' dir='ltr'><strong>fame</strong></span> <span class='ocrx_word' id='word_1_412' title='bbox 1415 2463 1564 2503; x_wconf 85' lang='lat' dir='ltr'><strong>periret;</strong></span> <span class='ocrx_word' id='word_1_413' title='bbox 1581 2467 1656 2494; x_wconf 86' lang='lat' dir='ltr'><strong>tan-</strong></span> 
     </span>
     <span class='ocr_line' id='line_1_63' title="bbox 961 2511 1656 2554; baseline -0.007 -6"><span class='ocrx_word' id='word_1_414' title='bbox 961 2516 1038 2547; x_wconf 86' lang='lat' dir='ltr'><strong>dem</strong></span> <span class='ocrx_word' id='word_1_415' title='bbox 1061 2515 1204 2554; x_wconf 85' lang='lat' dir='ltr'><strong>Bacchi,</strong></span> <span class='ocrx_word' id='word_1_416' title='bbox 1224 2513 1279 2544; x_wconf 88' lang='lat' dir='ltr'><strong>vel</strong></span> <span class='ocrx_word' id='word_1_417' title='bbox 1305 2511 1488 2553; x_wconf 83' lang='lat' dir='ltr'><strong>Apollinis,</strong></span> <span class='ocrx_word' id='word_1_418' title='bbox 1513 2512 1656 2544; x_wconf 83' lang='lat' dir='ltr'><strong>consilio</strong></span> 
     </span>
     <span class='ocr_line' id='line_1_64' title="bbox 959 2560 1656 2603; baseline -0.007 -6"><span class='ocrx_word' id='word_1_419' title='bbox 959 2574 1036 2597; x_wconf 83' lang='lat' dir='ltr'><strong>sese</strong></span> <span class='ocrx_word' id='word_1_420' title='bbox 1052 2564 1162 2596; x_wconf 86' lang='lat' dir='ltr'><strong>abluit</strong></span> <span class='ocrx_word' id='word_1_421' title='bbox 1178 2563 1213 2594; x_wconf 86' lang='lat' dir='ltr'><strong>iu</strong></span> <span class='ocrx_word' id='word_1_422' title='bbox 1236 2562 1380 2594; x_wconf 81' lang='lat' dir='ltr'><strong>Pactolo</strong></span> <span class='ocrx_word' id='word_1_423' title='bbox 1395 2560 1545 2603; x_wconf 84' lang='lat' dir='ltr'><strong>flumine,</strong></span> <span class='ocrx_word' id='word_1_424' title='bbox 1563 2561 1656 2603; x_wconf 89' lang='lat' dir='ltr'><strong>quod</strong></span> 
     </span>
     <span class='ocr_line' id='line_1_65' title="bbox 959 2611 1657 2652; baseline -0.007 -6"><span class='ocrx_word' id='word_1_425' title='bbox 959 2614 1083 2646; x_wconf 83' lang='lat' dir='ltr'><strong>exinde</strong></span> <span class='ocrx_word' id='word_1_426' title='bbox 1118 2614 1310 2645; x_wconf 86' lang='lat' dir='ltr'><strong>inauratum</strong></span> <span class='ocrx_word' id='word_1_427' title='bbox 1348 2612 1517 2652; x_wconf 82' lang='lat' dir='ltr'><strong>pretiosas</strong></span> <span class='ocrx_word' id='word_1_428' title='bbox 1550 2611 1657 2652; x_wconf 89' lang='lat' dir='ltr'><strong>coepit</strong></span> 
     </span>
     <span class='ocr_line' id='line_1_66' title="bbox 959 2663 1655 2697; baseline -0.006 0"><span class='ocrx_word' id='word_1_429' title='bbox 959 2674 1078 2697; x_wconf 85' lang='lat' dir='ltr'><strong>arenas</strong></span> <span class='ocrx_word' id='word_1_430' title='bbox 1092 2665 1240 2697; x_wconf 84' lang='lat' dir='ltr'><strong>volvere.</strong></span> <span class='ocrx_word' id='word_1_431' title='bbox 1264 2665 1386 2696; x_wconf 86' lang='lat' dir='ltr'><strong>Cicero</strong></span> <span class='ocrx_word' id='word_1_432' title='bbox 1402 2663 1445 2695; x_wconf 89' lang='lat' dir='ltr'><strong>ad</strong></span> <span class='ocrx_word' id='word_1_433' title='bbox 1460 2663 1655 2694; x_wconf 81' lang='lat' dir='ltr'><strong>Trebatium</strong></span> 
     </span>
    </p>
   </div>
   <div class='ocr_carea' id='block_1_12' title="bbox 958 2714 1710 2755">
    <p class='ocr_par' dir='ltr' id='par_1_21' title="bbox 958 2714 1710 2755">
     <span class='ocr_line' id='line_1_67' title="bbox 958 2714 1710 2755; baseline -0.005 -8"><span class='ocrx_word' id='word_1_434' title='bbox 958 2715 1098 2748; x_wconf 79' lang='lat' dir='ltr'><strong>scribit:</strong></span> <span class='ocrx_word' id='word_1_435' title='bbox 1135 2719 1144 2733; x_wconf 77' lang='lat'>⁸</span> <span class='ocrx_word' id='word_1_436' title='bbox 1162 2715 1267 2747; x_wconf 85' lang='lat' dir='ltr'><strong>Malle</strong></span> <span class='ocrx_word' id='word_1_437' title='bbox 1298 2718 1333 2746; x_wconf 89' lang='lat' dir='ltr'><strong>te</strong></span> <span class='ocrx_word' id='word_1_438' title='bbox 1365 2719 1448 2755; x_wconf 86' lang='lat' dir='ltr'><strong>puto</strong></span> <span class='ocrx_word' id='word_1_439' title='bbox 1478 2723 1498 2745; x_wconf 89' lang='lat' dir='ltr'><strong>a</strong></span> <span class='ocrx_word' id='word_1_440' title='bbox 1517 2714 1654 2745; x_wconf 73' lang='lat' dir='ltr'><strong>Caesare</strong></span> <span class='ocrx_word' id='word_1_441' title='bbox 1706 2747 1710 2750; x_wconf 10' lang='grc' dir='ltr'>ζ</span> 
     </span>
    </p>
   </div>
   <div class='ocr_carea' id='block_1_13' title="bbox 958 2763 1655 2906">
    <p class='ocr_par' dir='ltr' id='par_1_22' title="bbox 958 2763 1655 2906">
     <span class='ocr_line' id='line_1_68' title="bbox 958 2763 1387 2806; baseline -0.012 -8"><span class='ocrx_word' id='word_1_442' title='bbox 958 2765 1085 2798; x_wconf 82' lang='lat' dir='ltr'><strong>consuli</strong></span> <span class='ocrx_word' id='word_1_443' title='bbox 1099 2773 1198 2806; x_wconf 89' lang='lat' dir='ltr'><strong>quam</strong></span> <span class='ocrx_word' id='word_1_444' title='bbox 1215 2763 1387 2796; x_wconf 74' lang='lat' dir='ltr'><strong>inaurari-¹</strong></span> 
     </span>
     <span class='ocr_line' id='line_1_69' title="bbox 1001 2813 1654 2856; baseline -0.006 -9"><span class='ocrx_word' id='word_1_445' title='bbox 1001 2818 1042 2847; x_wconf 88' lang='lat'><strong>10</strong></span> <span class='ocrx_word' id='word_1_446' title='bbox 1070 2815 1126 2847; x_wconf 73' lang='lat' dir='ltr'><strong>Vel</strong></span> <span class='ocrx_word' id='word_1_447' title='bbox 1148 2816 1219 2856; x_wconf 80' lang='lat' dir='ltr'><strong>quia</strong></span> <span class='ocrx_word' id='word_1_448' title='bbox 1241 2818 1397 2855; x_wconf 80' lang='lat' dir='ltr'><strong>naturam,</strong></span> <span class='ocrx_word' id='word_1_449' title='bbox 1418 2813 1487 2855; x_wconf 52' lang='grc' dir='ltr'><strong>δῖα]</strong></span> <span class='ocrx_word' id='word_1_450' title='bbox 1514 2813 1654 2844; x_wconf 87' lang='lat' dir='ltr'><strong>Libera-</strong></span> 
     </span>
     <span class='ocr_line' id='line_1_70' title="bbox 958 2861 1655 2906; baseline -0.01 -6"><span class='ocrx_word' id='word_1_451' title='bbox 958 2867 1024 2900; x_wconf 86' lang='lat' dir='ltr'><strong>lior</strong></span> <span class='ocrx_word' id='word_1_452' title='bbox 1047 2876 1115 2900; x_wconf 89' lang='lat' dir='ltr'><strong>non</strong></span> <span class='ocrx_word' id='word_1_453' title='bbox 1141 2865 1182 2898; x_wconf 82' lang='lat' dir='ltr'><strong>fit</strong></span> <span class='ocrx_word' id='word_1_454' title='bbox 1207 2874 1341 2906; x_wconf 85' lang='lat' dir='ltr'><strong>avarus,</strong></span> <span class='ocrx_word' id='word_1_455' title='bbox 1369 2864 1434 2897; x_wconf 86' lang='lat' dir='ltr'><strong>etsi</strong></span> <span class='ocrx_word' id='word_1_456' title='bbox 1459 2863 1580 2905; x_wconf 83' lang='lat' dir='ltr'><strong>opibus</strong></span> <span class='ocrx_word' id='word_1_457' title='bbox 1605 2861 1655 2894; x_wconf 81' lang='lat' dir='ltr'><strong>as-</strong></span> 
     </span>
    </p>
   </div>
  </div>
 </body>
</html>
