1930 3242
557 273 834 305 SERMONUM
869 273 964 306 ms.
995 274 1047 306 ιι.
1075 265 1118 306 3.
1459 264 1546 307 963

101 364 146 406 N
149 377 201 406 ec
218 356 362 406 studio
381 364 559 407 citharae
578 379 660 408 nec
682 367 826 409 Mnsae
847 367 1022 410 deditus
1043 369 1143 420 ulli;
1461 365 1546 407 105

100 432 151 473 Si
166 432 340 485 scalpra
361 435 404 473 et
422 431 599 483 formas,
621 447 708 474 non
728 438 872 486 sutor3
902 435 1080 477 nautica
1100 436 1212 486 vela,

101 498 303 540 Aversus
323 500 578 540 mercaturis
593 513 604 551 3
634 500 797 542 delirus
812 506 857 542 et
871 514 1019 543 amens

103 566 311 620 Undique
332 567 504 608 dicatur
524 568 696 609 merito.
755 568 846 619 Qui
867 569 1087 623 discrepat
1105 570 1220 620 istis,

102 631 194 683 Qui
214 646 414 675 nummos
435 646 677 689 aurumque
698 637 912 686 recondit,
932 637 1114 678 nescius
1134 637 1199 678 uti

102 698 391 754 Compositis,
408 705 691 755 metuensque
713 703 832 743 velut
848 704 1096 756 contingere
1116 714 1289 746 sacrum
1302 702 1322 742 ‘l

103 767 152 808 Si
172 768 272 821 quis
292 767 349 808 ad
367 767 583 821 ingentem
603 768 807 810 frumenti
829 782 1005 823 semper
1026 782 1232 811 acervum

103 834 342 876 Porrectns
361 835 516 888 vigilet
536 848 636 876 cum
656 837 788 888 longo
806 836 934 885 fuste,
952 849 1094 889 neque
1116 837 1236 878 illinc

102 901 278 943 Audeat
297 902 494 944 esuriens
515 903 718 944 dominus
741 903 992 956 contingere
1013 917 1205 956 granum,

103 967 173 1010 Ac
193 969 345 1022 potius
363 969 487 1011 soliis
506 982 665 1023 parcus
687 974 887 1012 vescatur
906 972 1090 1012 amaris:

103 1035 168 1084 Si,
188 1036 347 1088 positis
366 1037 482 1078 intus
500 1037 602 1078 Chii
621 1039 873 1091 veterisque
891 1037 1067 1078 Falerni

107 1102 235 1143 Mille
256 1102 550 1144 cadis—nihil
572 1109 657 1154 est,
673 1108 915 1146 tercentum
935 1105 1146 1154 millibus,
1165 1118 1263 1146 acre

107 1168 239 1210 Potet
256 1173 456 1221 acetum3
487 1182 581 1222 age,
601 1170 640 1211 si
658 1175 702 1212 et
723 1171 972 1212 stramentis
991 1171 1170 1213 incubet
1190 1171 1324 1213 unde-

1464 702 1550 744 110

1469 1037 1554 1078 115

102 1309 262 1348 pulsanda
275 1314 332 1342 aut
346 1311 439 1343 uilitas
453 1311 578 1344 musice
587 1323 600 1350 ‚⁰
621 1314 650 1344 si
669 1315 791 1354 scalpra
804 1317 835 1345 et
848 1315 971 1353 formas
983 1317 1131 1354 congerat
1155 1315 1209 1354 qui
1233 1324 1294 1345 uon
1308 1317 1355 1345 est
1368 1316 1456 1345 sutor
1464 1323 1478 1350 ,⁹
1498 1315 1555 1344 aut

105 1351 174 1382 vela
186 1353 312 1384 nautica
326 1354 380 1394 qui
393 1363 413 1384 a
426 1358 600 1386 mercatura
614 1356 757 1387 abhorret
766 1366 780 1392 ,·
801 1356 928 1387 insanus
948 1361 979 1387 et
1001 1365 1106 1387 vecors
1123 1357 1163 1387 ub
1183 1356 1322 1387 ommibus
1334 1355 1410 1394 jure
1423 1355 1556 1395 apprue-

107 1395 169 1425 tur.
209 1393 340 1426 Ateuim
355 1396 430 1435 quid
453 1395 512 1430 his,
523 1395 634 1436 differt
650 1397 704 1427 ille
718 1398 771 1436 qm·
793 1407 902 1429 aarum
915 1401 946 1428 et
959 1407 1098 1429 nummos
1111 1399 1295 1435 accumulat,
1315 1399 1464 1436 ignor-m
1478 1397 1554 1427 bene

105 1435 156 1466 uti
168 1437 364 1476 commi-am,
388 1446 425 1467 ac
447 1437 559 1468 timens
577 1438 631 1468 illa
653 1439 834 1477 contingere
849 1439 937 1478 quam·
950 1449 1014 1470 rem
1027 1437 1176 1470 sacram?
1219 1438 1258 1470 Si
1274 1438 1427 1479 quapiam
1441 1438 1555 1476 jacens

104 1477 248 1508 meino
260 1478 389 1509 excubet
409 1488 502 1521 prope
519 1489 667 1518 magnum
688 1480 789 1511 tritici
810 1480 974 1519 carnutum,
996 1485 1136 1512 armatus
1150 1481 1274 1520 ingenti
1284 1482 1387 1519 fuste,
1410 1490 1466 1511 nec
1480 1481 1554 1511 inde

94 1517 262 1556 famelicus
275 1521 388 1551 audeat
413 1529 549 1559 granum
570 1521 708 1561 accipere
722 1522 795 1553 licet
808 1523 961 1560 dominus,
977 1523 1070 1554 immo
1086 1532 1215 1563 parcens
1232 1523 1282 1554 illi
1295 1523 1361 1554 alat
1375 1532 1407 1554 se
1421 1521 1554 1553 oleribus

103 1559 223 1593 acerbis
231 1571 245 1598 ,·
266 1562 295 1593 si
307 1562 442 1594 conditis
455 1563 489 1594 in
503 1564 579 1595 cena
597 1563 672 1594 Chii
686 1566 718 1594 et
734 1564 862 1595 Falerni
876 1565 991 1596 vetusti
1011 1565 1098 1596 cadis
1119 1565 1204 1596 mille
1219 1564 1355 1606 (parum
1376 1568 1436 1604 est,
1462 1564 1554 1598 immo

104 1603 254 1635 trecentis
275 1604 431 1646 nullibus)
455 1615 526 1636 acre
552 1605 637 1636 bibat
662 1609 802 1643 acetum
823 1606 995 1646 quinetiam
1012 1607 1040 1638 si
1065 1607 1099 1638 in
1120 1607 1271 1638 stramine
1285 1607 1446 1638 decumbat
1459 1615 1556 1636 annos

713 1697 955 1710 “num“

106 1763 213 1793 —108
229 1762 315 1798 Quia
328 1762 484 1803 discrepat
496 1762 637 1795 Harm.
651 1765 684 1795 3.
705 1763 823 1794 Lamb.
842 1763 1111 1804 Cruq.‘1¹orrent.
1132 1767 1168 1794 et
1189 1762 1268 1794 edd.
1288 1762 1449 1803 deinceps
1475 1766 1556 1794 ante

106 1803 223 1835 Bentl.
249 1804 314 1840 Qun·
336 1805 492 1845 discrepat
519 1805 619 1837 Harl.
644 1808 675 1837 4.
701 1808 733 1836 6.
759 1815 876 1836 omnes
903 1805 1004 1836 codd.
1028 1806 1189 1846 Bentleii,
1215 1814 1332 1836 omnes
1357 1805 1498 1846 Crnquii
1520 1808 1557 1836 et

105 1845 288 1885 Tot-rentii,
313 1847 392 1878 Vet.
418 1847 532 1878 schol.
552 1847 650 1879 Gott.
675 1848 765 1878 Han.
782 1850 813 1878 1.
836 1848 922 1878 Exc.
946 1847 1025 1878 Sax.
1041 1852 1077 1878 et
1101 1847 1180 1878 edd.
1207 1848 1315 1888 antiq.
1332 1847 1413 1878 item
1439 1847 1556 1877 Bentl.

108 1887 212 1920 But.
237 1888 364 1920 Sanad.
395 1889 550 1925 Francis,
582 1889 690 1921 Gesn.
717 1889 825 1920 Zeun.
857 1889 998 1928 Bipont.
1033 1889 1216 1928 Heindorf,
1248 1890 1394 1921 Wetzel.
1420 1887 1557 1919 Wakef.

107 1929 227 1962 Comb.
250 1935 288 1962 et
315 1929 528 1963 Kidd.—112
546 1932 555 1948 ‘
572 1931 738 1962 Porri-caus
756 1931 891 1970 vigilet,-
915 1931 1143 1971 pulcherrima
1169 1931 1331 1971 Enargia.
1377 1931 1557 1962 Bentlcius

109 1971 180 2003 solo
202 1971 335 2013 judicio
360 1982 422 2004 suo
451 1973 554 2012 nisus,
582 1974 711 2005 acriter
739 1973 917 2004 contendit
942 1982 1004 2014 pro
1029 1974 1198 2004 Por-rectus
1223 1974 1290 2013 legi
1317 1972 1444 2004 debere
1474 1973 1556 2003 Pro-

100 2012 228 2051 jectan
258 2023 335 2046 cum
357 2019 478 2046 contra
499 2015 594 2046 nobis
618 2016 786 2046 Porrectus
818 2015 927 2056 (quod
960 2020 1024 2050 est,
1057 2016 1148 2046 humi
1170 2014 1316 2056 cubans)
1351 2015 1555 2046 couvenien-

111 2055 179 2085 tius
195 2055 348 2088 videatur
368 2056 433 2088 hoc
456 2057 529 2088 loco
546 2057 747 2088 vocabulum
772 2058 933 2096 vigilanti,
957 2062 994 2088 et
1015 2057 1233 2089 delitescenti
1260 2067 1329 2088 cum
1352 2058 1444 2096 longo
1457 2057 1561 2096 fuste,

111 2105 210 2137 quatu
239 2097 424 2136 Proiectus!
458 2097 562 2129 Baxt.
617 2099 787 2129 Porrectus
821 2100 921 2130 etiam
961 2099 1058 2131 Gott.
1085 2099 1202 2132 Zarot.
1237 2101 1378 2131 Venett.
1414 2099 1558 2130 Mediol.

112 2142 149 2170 et
177 2139 221 2170 sl.
249 2138 331 2171 edd.
358 2143 444 2171 vett.
500 2140 697 2172 Bentleium
727 2146 864 2172 secutus
887 2147 941 2172 est
967 2141 1073 2174 Kidd.
1096 2146 1135 2174 ut
1164 2140 1237 2173 fere
1266 2151 1412 2184 semper.
1468 2142 1557 2180 longo

767 2234 906 2267 NOTAE

111 2296 260 2338 globutis
288 2297 454 2338 exemplis
483 2298 678 2339 explicatur
711 2298 806 2329 avari

112 2347 253 2379 insania.
295 2347 364 2380 Qui
391 2348 552 2389 pecunias
569 2358 644 2389 quae
665 2353 744 2379 sunt
763 2347 806 2378 ad

111 2405 222 2436 usum,
236 2401 273 2429 et
287 2395 433 2438 χρήματα
452 2398 595 2438 proinde
610 2398 742 2429 Graecis
756 2397 807 2428 di-

115 2451 251 2487 cuntur,
270 2455 396 2487 magno
419 2447 531 2479 studio
554 2448 718 2488 congerit,
743 2457 807 2478 nec

114 2495 157 2527 iis
178 2496 296 2532 utitur,
319 2506 452 2537 prorsus
475 2501 529 2528 est
543 2497 659 2528 similis
680 2496 806 2528 homini

114 2545 263 2578 cittium
277 2547 485 2588 comparanti
500 2556 583 2589 quas
598 2547 736 2589 pulsare
751 2555 810 2578 ne-

94 2612 98 2615 -
118 2594 196 2634 scit,
209 2597 274 2626 διο.

162 2646 225 2675 106
238 2644 368 2685 &alpi-a
379 2646 553 2688 etsormas]
577 2647 810 2679 Instrumenta

119 2693 262 2732 sutoris,
272 2694 409 2734 cultros,
424 2695 527 2735 pedes
543 2697 680 2738 ligneos,
694 2700 760 2728 ὅτε.

150 2744 227 2774 ’114
252 2742 347 2773 Foliis
358 2743 486 2784 uniaris]
510 2745 575 2776 Vel
589 2747 810 2787 sylvestribus

119 2792 280 2832 oleribus,
295 2801 372 2833 quae
395 2793 605 2827 hortensibus
625 2801 704 2828 sunt
720 2806 809 2828 ama·

859 2298 972 2337 riora;
990 2298 1043 2329 vel
1059 2299 1147 2330 male
1163 2298 1321 2339 conditis,
1333 2304 1370 2331 et
1383 2299 1462 2330 hinc
1478 2298 1558 2329 insi-

861 2347 950 2389 pidis
965 2351 1002 2379 et
1017 2349 1160 2393 acerbis.

903 2400 965 2430 115
991 2398 1081 2440 Chii]
1104 2399 1184 2430 Vini
1200 2398 1360 2440 exquisiti
1383 2407 1426 2428 ex
1450 2396 1560 2427 insula

861 2447 957 2488 Chio,
977 2457 1034 2479 111.
1052 2448 1121 2480 Od.
1137 2451 1189 2479 19.
1206 2452 1239 2479 ⁵.
1273 2446 1420 2485 Falerni,
1440 2453 1465 2476 1.
1487 2444 1556 2476 Od.

860 2499 915 2528 20.

903 2549 966 2578 117
985 2547 1132 2586 Acetum]
1156 2546 1283 2576 Vinum
1299 2551 1471 2580 acescens,
1484 2551 1558 2575 cm·-

861 2595 1009 2636 ruptioni
1024 2596 1226 2635 proximum.

905 2645 1094 2676 Str-amentis
1118 2642 1257 2682 incubet]
1289 2643 1407 2674 Strato
1433 2643 1488 2674 vili
1517 2652 1557 2674 ac

861 2695 958 2735 duro,
967 2704 1043 2726 eum
1055 2694 1181 2725 habeat
1194 2694 1362 2726 molliores
1375 2693 1556 2734 ungulas,

863 2745 1114 2787 peristromata,
1129 2745 1193 2778 &c-
