1904 3256
610 308 883 340 GARM1NUM
922 309 1014 340 mu.
1046 310 1111 340 ιν.
1140 302 1182 341 9.
1538 302 1623 344 603

401 399 572 450 CrineS,
594 404 640 441 et
660 413 813 442 aurum
833 402 1030 444 vestibus
1050 402 1211 444 illitum

455 467 638 516 Mirata,
652 469 906 522 regalesque
926 470 1086 518 cultus,

511 533 569 574 Et
589 534 791 584 comites,
814 535 990 576 Helene
1012 535 1232 586 Lacaena3

379 601 382 604 ’
399 600 630 640 Primusve
651 600 824 642 Teucer
843 603 931 644 tela
951 602 1156 656 Cydonio

398 666 582 708 Direxit
602 678 732 708 arcu:
763 681 851 709 non
872 670 1012 711 semel
1034 670 1144 711 Ilios

453 732 654 775 Vexata:
684 746 770 775 non
790 737 1005 790 pugnavit
1026 737 1181 789 ingens

507 799 773 843 Idomeneus
798 802 1089 844 Sthenelusve
1109 802 1230 843 solus

1567 471 1624 511 15

1564 800 1622 842 20

167 914 326 956 Spartana
339 918 498 950 adamavit
509 929 604 960 pexos
618 920 727 951 moechi
741 920 879 961 capillos,
895 920 1054 952 admirata
1075 925 1174 952 vestes
1194 929 1272 951 auro
1288 919 1463 959 distinctae,
1477 921 1621 950 ornatum

166 959 300 998 regium,
314 960 530 1002 ingentemque
543 962 734 994 comitatum.
780 963 849 994 Nec
875 962 991 994 Teucer
1003 963 1123 1003 primus
1135 963 1272 1002 sagittas
1285 963 1435 994 contorsit
1449 971 1524 992 arcu
1545 962 1621 991 Cre-

167 1001 257 1033 tensi.
300 1002 401 1034 Haud
425 1013 490 1036 una
509 1004 576 1036 vice
598 1005 689 1044 Troja
703 1004 774 1043 fuit
798 1008 990 1046 expugnata.
1037 1006 1113 1038 Non
1137 1007 1221 1038 solus
1243 1007 1350 1037 audax
1365 1006 1547 1037 Idomeneus
1566 1006 1622 1034 aut

772 1087 813 1100 ΟΦ
814 1088 1012 1101 ΟΟΟΟΟΟΟΟΟ

166 1139 232 1169 sola
254 1138 356 1171 crines
375 1142 455 1172 arsit
476 1142 645 1182 adulteros,
671 1142 870 1175 Markland.
895 1143 937 1174 ad
960 1143 1064 1175 Statii
1087 1143 1181 1183 Sylv'.
1205 1151 1230 1174 1.
1260 1145 1292 1173 3.
1321 1143 1464 1173 64.—16
1498 1139 1621 1172 Helena

166 1178 296 1219 Acron,
319 1181 413 1222 Lips.
440 1186 470 1214 1.
501 1185 695 1216 Helmstad.
720 1190 756 1215 et
784 1185 1018 1227 Franeq.—17
1043 1186 1230 1225 Primusque
1254 1184 1353 1215 Harl.
1369 1187 1400 1215 3.
1415 1187 1447 1214 5.
1471 1183 1620 1214 Mentel.

166 1221 261 1262 Lips.
277 1225 310 1253 3.
325 1227 360 1254 et
376 1224 478 1255 Baxt.
520 1226 684 1257 Primum-e
700 1226 799 1257 Harl.
817 1230 848 1258 1.
863 1230 896 1259 2.
911 1229 944 1259 4.
958 1230 991 1258 6.
1025 1227 1138 1258 Schol.
1155 1232 1190 1258 et
1208 1235 1324 1258 omnes
1344 1225 1450 1257 ceteri
1466 1224 1567 1256 codd.
1584 1230 1620 1255 et

166 1263 243 1294 edd.
284 1265 427 1304 Cydoneo
455 1267 687 1298 Mentel.—18
710 1268 805 1307 Lips.
831 1271 863 1299 4.
898 1272 929 1299 et
952 1278 1013 1299 non
1040 1270 1141 1299 semel.
1191 1269 1305 1299 Bentl.
1331 1267 1366 1298 in
1392 1267 1448 1298 ed.
1474 1266 1617 1298 Cantab.

169 1304 274 1342 Ilion;
288 1306 322 1336 in
338 1306 416 1338 edd.
434 1317 515 1339 vero
533 1309 624 1350 Lips.
644 1309 818 1341 Ilios.—19
836 1311 930 1342 Unus
946 1310 1162 1351 Bersmanni,
1179 1310 1250 1342 Alt.
1264 1313 1296 1342 2.
1312 1309 1461 1340 Helmst.
1474 1314 1510 1340 et
1521 1308 1621 1340 Harl.

167 1349 199 1378 2.
214 1349 246 1378 3.
260 1351 294 1378 6.
315 1357 371 1379 nec
389 1350 644 1388 pugnavit.-20
666 1351 863 1388 Idumeneus,
889 1352 1080 1386 Montium,
1102 1358 1138 1383 et
1159 1361 1238 1383 mox
1263 1352 1440 1391 Sthelenus,
1463 1351 1619 1390 &helen-r,

164 1388 345 1425 Schema,
371 1389 512 1422 Stenelus
538 1391 710 1423 variantes
737 1402 794 1433 ap.
820 1392 914 1425 Jani.
959 1393 1183 1433 Sthenelusque
1212 1394 1308 1434 Lips.
1335 1395 1367 1424 l.
1394 1395 1427 1423 8.
1462 1393 1562 1423 Desa.
1586 1395 1618 1423 2.

816 1473 962 1506 NOTAE

163 1535 249 1577 quit,
272 1535 412 1567 fuerunt
427 1540 463 1567 et
486 1536 560 1568 aliae
581 1536 743 1569 mulieres
758 1537 862 1569 bello·

162 1594 237 1616 rum
254 1594 388 1626 causae,
413 1595 490 1627 quae
514 1593 627 1618 tamen
650 1587 862 1628 ignorantur,

160 1636 242 1677 quia
267 1637 377 1668 nullus
399 1637 544 1678 scriptor
573 1647 614 1669 ea
638 1638 746 1670 literis
772 1648 862 1670 com-

162 1685 347 1718 mendavit.
391 1687 478 1718 Vide
495 1686 621 1720 Athen.
642 1696 726 1720 xut.
748 1691 779 1721 1.
802 1688 861 1720 nbi

161 1735 268 1767 multa
281 1740 407 1777 praeter
419 1736 600 1777 Trojanum
617 1737 707 1768 bella
718 1741 861 1778 propter

160 1785 321 1817 mulieres
337 1786 506 1818 exarsisse
523 1786 683 1819 adductis
695 1787 860 1828 exemplis

159 1836 323 1867 ostendit.

205 1888 246 1917 16
269 1886 391 1918 Helene
406 1885 556 1926 Lacaena]
591 1886 647 1917 De
670 1886 747 1926 hac,
771 1886 861 1927 ejus-

160 1945 228 1977 que
240 1936 397 1967 adultero
415 1935 552 1972 Paride,
568 1945 594 1968 1.
607 1935 674 1967 0d.
688 1939 740 1967 15.
752 1940 788 1967 et
801 1945 858 1968 ιιι.

159 1985 229 2018 Od.
245 1988 278 2018 3.
321 1986 442 2017 Aurum
456 1985 675 2025 Mirata‚8sc.]
697 1985 860 2018 Insolitns

159 2045 283 2077 nempe
298 2036 474 2077 Spartanis
490 2037 602 2068 cultus
621 2041 656 2068 et
669 2037 779 2068 luxus.
811 2037 860 2069 At

160 2089 281 2116 contra
309 2085 452 2126 Phrygii
482 2095 547 2116 acu
574 2090 687 2116 vestes
717 2085 859 2126 pingere

160 2143 310 2176 auroque
325 2144 489 2166 exornare
503 2135 602 2175 primi
623 2135 858 2168 instituerunt.

159 2183 253 2215 Hinc
283 2183 418 2215 Helena
445 2183 597 2224 corporis
626 2185 800 2226 neglectui
822 2191 859 2218 et

156 2233 374 2274 parsimoniae
386 2234 553 2265 innutrita
564 2234 700 2266 Paridis
715 2235 859 2276 ejusque

153 2283 321 2315 comitum
332 2284 478 2324 regalem
491 2293 648 2325 pompam
662 2284 857 2317 demiratur.

159 2332 263 2366 Ovid.
290 2333 400 2374 Epist.
431 2333 568 2364 Paridis
599 2333 642 2365 ad
666 2334 856 2367 Helenam:

157 2382 214 2415 ‘0
231 2384 366 2425 quoties
390 2383 504 2415 dices:
530 2393 630 2425 quam
654 2393 787 2426 pauper
811 2384 857 2416 A-

161 2433 257 2465 chaia
281 2438 398 2465 nostra
416 2435 490 2465 est!
506 2456 514 2464 .
531 2455 541 2465 .
555 2456 564 2465 .
581 2454 590 2463 .
604 2434 717 2465 Parca
729 2434 788 2466 sed
806 2439 859 2466 est

157 2482 302 2524 Sparte:
327 2487 364 2515 tu
391 2485 486 2515 cultu
514 2482 623 2515 divite
647 2483 765 2524 digna.
801 2484 856 2516 Ad

160 2533 261 2565 talem
285 2532 428 2564 formam
451 2542 518 2564 nou
549 2531 633 2564 facit
655 2533 720 2565 iste
749 2535 856 2566 locus.

160 2582 244 2614 Cum
267 2583 383 2614 videas
409 2583 519 2614 cultus
543 2587 660 2614 nostra
684 2583 727 2614 de
753 2590 856 2623 gente

159 2631 318 2672 virorum,
331 2633 459 2666 Quales
472 2632 666 2664 Dardanias
678 2633 789 2664 credis
800 2633 857 2663 ha·

164 2677 245 2710 bere
258 2690 362 2712 nurus
372 2682 380 2712 ἔ
391 2681 400 2694 ’

205 2730 244 2759 1‘1
269 2729 430 2762 Primusve
453 2732 579 2771 Teucer,
599 2730 669 2771 θα]
703 2731 856 2762 Telamo-

163 2777 212 2808 nis
227 2776 285 2808 ille
300 2777 398 2815 iilius,
414 2779 529 2820 Ajacis
542 2781 664 2820 frater,
675 2781 717 2812 ab
731 2781 857 2812 Home-

163 2836 200 2858 ro
216 2830 284 2859 tam
301 2827 490 2860 celebratus
511 2830 554 2862 ob
570 2836 677 2863 artem
705 2836 741 2862 et
771 2832 857 2872 peri·

918 1537 1000 1570 tiam
1006 1537 1198 1579 jaculandi,
1210 1547 1276 1570 non
1291 1542 1405 1570 tamen
1417 1537 1482 1570 fuit
1494 1538 1619 1580 primus

917 1598 958 1620 ea
974 1589 1115 1620 solertia
1138 1589 1304 1630 insignis:
1329 1589 1444 1620 eximii
1467 1589 1617 1621 extitere

916 1642 996 1670 ante
1023 1638 1116 1669 illum
1132 1639 1353 1679 jaculatores.
1403 1639 1452 1670 At
1469 1638 1505 1670 hi
1520 1638 1619 1669 mini-

916 1697 970 1719 me
985 1691 1066 1718 sunt
1082 1688 1178 1724 clari,
1204 1688 1285 1729 quia
1309 1697 1467 1728 praecone
1487 1692 1523 1719 et
1538 1692 1618 1719 vate

916 1740 1113 1768 caruerunt.
1158 1736 1301 1767 Homer.
1318 1736 1418 1767 Iliad.
1438 1739 1475 1766 Θ.
1492 1736 1617 1776 primos

915 1795 1067 1827 quosque
1107 1785 1330 1825 Trojanornm
1367 1795 1448 1817 arcu
1485 1786 1618 1817 Teucer

915 1835 1044 1877 perdit,
1067 1834 1182 1876 ibique
1207 1839 1285 1867 octo
1311 1835 1529 1866 nominantur
1544 1835 1618 1875 ejus

914 1885 1052 1925 sagittis
1066 1885 1240 1926 prostrati.
1285 1884 1375 1916 Vide
1391 1889 1427 1917 et
1439 1884 1497 1917 lib.
1508 1894 1534 1916 1.
1548 1885 1617 1917 Od.

913 1936 946 1965 7.
963 1934 1027 1965 sub
1043 1933 1157 1965 finem.

959 1984 1099 2025 Cydonio
1114 1983 1204 2024 arcu]
1227 1983 1329 2025 Apud
1344 1983 1520 2025 Cydonem
1534 1984 1616 2016 Cre-

914 2037 958 2064 tae
972 2033 1090 2066 insulae
1100 2035 1278 2066 civitatem
1293 2043 1392 2066 arcus
1405 2034 1459 2065 vel
1473 2034 1616 2073 inventi,

914 2083 967 2114 vel
998 2083 1122 2124 optimi
1150 2083 1282 2115 fiebant
1308 2095 1316 2113 ε
1349 2088 1442 2124 aptae
1480 2093 1615 2125 quoque

912 2133 1039 2166 ibidem
1056 2134 1098 2165 ad
1116 2134 1262 2174 sagittas
1277 2143 1410 2166 cannae.
1454 2133 1616 2165 Meminit

912 2184 1034 2225 Virgil.
1050 2185 1125 2216 Ecl.
1142 2193 1177 2215 x.
1197 2187 1252 2216 59.

956 2236 996 2264 18
1021 2234 1095 2265 Non
1108 2234 1200 2265 semel
1213 2234 1289 2265 Ilios
1307 2233 1445 2275 Vexata]
1469 2234 1544 2266 Arx
1557 2234 1616 2266 illa

912 2283 1026 2324 Trojae
1042 2283 1167 2324 saepius
1189 2293 1250 2324 pro
1273 2284 1349 2324 ipsa
1371 2284 1455 2315 urbe
1474 2294 1613 2326 usurpa·

913 2337 980 2364 tur.
1025 2333 1230 2374 Expugnata
1247 2332 1313 2364 fuit
1324 2334 1428 2374 Troja
1444 2334 1553 2374 primo
1569 2334 1612 2365 ab

911 2382 1078 2423 Hercule,
1101 2382 1223 2414 deinde
1238 2383 1280 2415 ab
1297 2383 1537 2424 Amazonibus,
1554 2384 1612 2415 de-

910 2433 1014 2473 nique
1044 2442 1063 2463 a
1094 2432 1239 2465 Graecis.
1284 2433 1406 2465 Priora
1428 2438 1542 2465 tamen
1572 2443 1613 2464 ea

910 2482 1001 2513 bella
1012 2486 1048 2513 et
1063 2482 1198 2514 excidia
1211 2483 1267 2513 vix
1282 2488 1364 2514 nota
1378 2488 1476 2514 sunt:
1501 2486 1614 2522 poste-

911 2532 980 2563 rius
998 2541 1078 2563 vero
1096 2541 1194 2572 quam
1214 2532 1354 2563 celebre
1378 2541 1440 2571 per
1467 2531 1613 2564 Homeri

910 2592 1046 2614 carmen
1060 2583 1067 2613 !
1115 2582 1204 2613 Vide
1220 2591 1275 2614 ιιι.
1292 2582 1359 2613 Od.
1375 2585 1406 2613 3.
1421 2585 1474 2614 25.

952 2634 994 2663 20
1020 2629 1214 2669 Idomeneus]
1251 2631 1356 2661 Filius
1394 2630 1611 2663 Deucalionis

910 2681 981 2720 ille,
996 2681 1070 2711 Rex
1087 2680 1314 2716 Cretensium,
1337 2680 1463 2712 Minois
1481 2690 1608 2722 nepos:

909 2735 1058 2763 armatus
1080 2728 1219 2770 fulguri,
1241 2739 1393 2772 pugnans
1410 2740 1494 2771 apro
1516 2741 1607 2764 com-

910 2786 1049 2823 paratur
1063 2779 1106 2812 ab
1122 2780 1285 2817 Homero,
1299 2780 1398 2813 Iliad.
1413 2786 1453 2812 N.

953 2830 1134 2872 Sthenelus]
1149 2830 1184 2863 Is
1203 2831 1414 2873 ‘impavidus
1429 2837 1466 2865 et
1481 2841 1603 2874 pugnae
