1904 3256
362 294 448 337 ⁹782

832 310 875 345 Q.
906 306 1111 336 noRATil
1147 303 1313 334 lumem

365 397 572 438 Moestum
594 410 646 438 ac
668 397 883 438 solicitum
905 401 973 436 est
994 395 1179 435 cantoris
1200 397 1334 435 morte
1353 393 1535 447 Tigelli;

364 461 542 515 Quippe
561 463 769 513 benignus
788 466 905 514 erat:
937 452 1090 500 contra
1106 460 1190 509 hic,
1211 473 1265 501 ne
1285 451 1486 513 prodigus
1507 473 1604 501 esse

370 528 563 577 Dicatur,
581 531 792 574 metuens,
813 526 932 578 inopi
953 525 1054 566 dare
1074 525 1186 566 nolit
1205 527 1362 574 amico,
1751 527 1780 566 5

364 593 520 645 Frigus
541 605 625 644 quo
643 591 875 642 duramque
892 590 1049 631 famem
1071 590 1285 644 depellere
1301 591 1454 645 possit.

364 658 498 698 Hunc
518 657 556 696 si
576 656 857 708 perconteris,
878 657 948 705 avi
971 669 1046 696 cur
1066 661 1194 709 atque
1215 657 1404 710 parentis

361 723 625 764 Praeclaram
643 721 812 772 ingrata
831 722 1012 774 stringat
1031 722 1169 762 malus
1188 723 1376 775 ingluvie
1395 735 1499 770 rem,

363 861 467 892 tristes
480 865 509 892 et
522 862 610 892 anxii
625 862 661 891 ob
675 865 801 892 mortem
815 862 940 900 Tigellii
953 863 1088 893 cantoris
1098 873 1109 893 .-
1130 873 1200 894 mim
1213 864 1372 904 vnunificus
1386 867 1452 895 erat
1468 873 1542 902 erga
1555 863 1632 894 illos.
1666 863 1694 892 E
1709 871 1781 892 con-

362 904 460 950 trurio
482 903 533 933 ille
554 903 665 934 timens
686 904 790 934 haberi
807 904 969 944 prodigus,
989 905 1082 935 etiam
1102 906 1198 935 arnico
1220 906 1323 944 egenti
1338 907 1429 937 nollet
1442 906 1575 936 tribuere
1588 905 1665 936 uude
1677 906 1781 934 arceat

353 943 461 981 thgus
470 947 501 974 et
515 954 626 975 soevam
638 945 766 981 samem.
802 946 901 976 Istum
912 946 939 975 si
953 946 1331 986 interroges,quamobre1n
1346 948 1397 978 uvi
1409 948 1565 987 patrisque
1579 955 1705 985 magnas
1711 954 1781 984 opes

358 993 517 1024 perperam
533 986 670 1016 absumat
684 987 848 1017 voracitate
862 987 1037 1025 injucunda.
1049 996 1146 1019 emens
1154 989 1244 1028 dapes
1254 988 1400 1029 quaslibet
1413 989 1581 1028 exquisitas
1587 987 1714 1028 pecunia
1720 985 1780 1024 [α’-

956 1081 993 1094 ee
997 1079 1188 1092 ooeaeaeeeoee

362 1144 381 1172 3
408 1142 528 1181 Tigilli,
553 1146 589 1173 et
607 1142 719 1181 Tigelli
733 1142 766 1173 in
781 1142 944 1179 codd.-6
967 1143 1107 1174 Plurimi
1132 1148 1167 1175 et
1189 1145 1309 1184 optimi
1333 1144 1513 1178 Torrentii,
1532 1142 1627 1174 Harl.
1641 1145 1673 1174 3.
1695 1143 1782 1173 Exc.

361 1184 439 1214 sax.
461 1184 601 1214 Venett.
617 1186 710 1215 1477.
727 1187 820 1215 1478.
837 1187 930 1216 1479.
946 1187 1039 1215 1490.
1056 1188 1150 1216 1492.
1173 1185 1315 1216 Locher.
1335 1186 1413 1216 Vet.
1429 1185 1545 1216 Comb.
1561 1184 1711 1223 Cuning„
1725 1183 1783 1213 Sa-

360 1225 438 1255 nad.
451 1225 599 1263 Towers,
615 1225 763 1263 Francis,
785 1224 962 1257 Heindorf.
978 1230 1013 1256 et
1027 1226 1160 1258 Wakef.
1173 1228 1357 1267 propellere;
1382 1226 1526 1257 Bentleii
1551 1225 1664 1256 Graev.
1687 1222 1785 1264 Mag-¹

362 1265 428 1298 dal.
445 1267 572 1298 Battel.
587 1272 622 1298 et
636 1267 756 1298 Trinit.
771 1276 885 1298 omnes
901 1267 1054 1307 Cruquii‚
1078 1269 1224 1299 nonnulli
1241 1269 1395 1299 Torrent.
1412 1273 1446 1298 et
1461 1268 1600 1298 aliorum
1615 1275 1689 1298 curn
1706 1266 1783 1296 edd.

361 1306 432 1339 fere
449 1314 526 1348 post
541 1308 676 1344 Aldum,
691 1309 913 1348 depellam—7
937 1309 1032 1340 Hunc
1051 1310 1079 1340 si
1098 1311 1303 1349 percuncteris
1319 1310 1501 1341 Larum—8
1523 1308 1616 1340 Unus
1633 1307 1720 1339 Han.
1737 1308 1784 1337 in·

1008 1392 1145 1423 NOTAE

362 1451 553 1483 blaterones
566 1453 702 1494 proprie
713 1453 796 1484 dicti
812 1459 902 1493 sunt,
916 1463 935 1484 a
950 1454 1047 1485 blati-

362 1502 462 1541 endo,
473 1501 506 1532 id
521 1507 584 1541 est,
601 1503 791 1543 vaniloqui:
826 1503 965 1542 Triplex
990 1503 1046 1534 hic

361 1555 495 1591 etymon
520 1551 631 1582 vides:
656 1560 795 1591 quorum
812 1552 947 1582 tertium
970 1552 1047 1582 mihi

359 1599 466 1639 magis
479 1599 689 1639 probaretur.
727 1600 811 1630 Sunt
824 1600 879 1640 qui
891 1609 910 1630 a
923 1599 1048 1638 βαλάζω

360 1649 530 1680 deducant
544 1650 750 1680 balatronem
762 1650 856 1689 quasi
872 1651 882 1667 ‘
895 1650 1048 1690 aquario-

361 1697 428 1728 lum
440 1696 461 1735 ;'
475 1697 527 1728 vel
542 1707 561 1727 a
574 1696 707 1732 βάλλειν
717 1702 752 1728 et
762 1696 937 1737 βαλλίζειν,
954 1698 1047 1737 quasi

360 1746 369 1762 ‘
386 1746 604 1777 saltatorem.’
647 1746 732 1777 Inde
759 1755 838 1777 vero
864 1755 929 1777 non
952 1746 1050 1776 dubi-

361 1800 430 1826 tem
455 1804 530 1826 esse
554 1797 736 1826 vernacula
759 1795 831 1826 haec
853 1795 1049 1833 nostra‚bal,

361 1844 451 1879 balet,
467 1844 571 1876 baller.
615 1844 737 1875 Coelius
759 1843 903 1883 Rhodig.
920 1852 979 1874 xv.
995 1847 1048 1874 25.

361 1893 407 1924 itu
421 1893 558 1924 scribit:
583 1893 789 1923 balatronem
805 1892 938 1922 invenio
955 1901 1047 1922 scur-

360 1951 431 1973 ram
460 1941 563 1972 fuisse
593 1942 805 1975 virulentum,
828 1941 916 1971 unde
930 1937 1046 1972 'Hora-

361 1992 447 2023 tius:
473 1996 482 2009 ‘
495 1991 624 2022 balano
638 1991 845 2031 suspendens
861 1989 970 2019 omnia
990 1999 1046 2019 na-

362 2040 422 2072 so!
465 2041 509 2071 Et
523 2040 558 2072 S.
577 2040 716 2071 Hieron.
738 2041 748 2056 ‘
764 2039 816 2069 Ne
829 2048 880 2068 me
896 2043 996 2078 putes
1014 2039 1048 2068 in

359 2089 491 2120 modum
507 2089 621 2119 rustici
635 2087 817 2119 balatronis
833 2091 955 2118 cuncta
971 2086 1048 2116 Ori-

361 2139 456 2179 genis
475 2138 676 2178 reprobare.’
732 2137 873 2168 Constat
899 2136 1046 2167 balatro-

361 2197 436 2228 nem
463 2187 530 2218 dici
554 2187 718 2218 hominem
743 2185 850 2225 nihili,
870 2194 1044 2224 nugacem,

359 2245 501 2277 nequam
520 2246 529 2274 ;
561 2236 658 2267 Italis
681 2235 843 2273 balatroni,
870 2235 976 2266 Gallis
998 2234 1050 2265 ὑέ-

359 2286 442 2324 litre,
464 2292 501 2316 nt
528 2287 640 2325 placet
661 2285 851 2323 nonnullis5
873 2294 970 2325 quam
985 2293 1047 2324 ego

358 2335 592 2375 etymologiam
609 2333 761 2374 explodo.

402 2386 420 2414 3
445 2381 574 2424 Tigelli]
594 2383 647 2419 M.
664 2382 822 2421 Tigellius
853 2391 871 2412 e
893 2381 1046 2412 Sardinia

359 2431 530 2469 oriundus,
545 2431 689 2462 moribus
715 2430 802 2462 haud
826 2430 949 2471 probis,
971 2439 1046 2470 per-

360 2481 439 2512 inde
453 2490 490 2511 ac
507 2480 558 2511 sui
578 2480 863 2520 populares,male
875 2479 1045 2510 audiebat.

359 2531 395 2562 Is
412 2535 522 2562 tamen
538 2530 581 2562 ob
597 2530 683 2561 sales
702 2535 738 2561 et
754 2531 850 2571 jocos
869 2528 966 2560 valde
983 2529 1047 2560 fes-

361 2580 459 2616 tivos.
475 2580 644 2621 praecipue
658 2588 737 2610 vero
759 2579 803 2610 ob
819 2579 974 2610 eximiam
991 2587 1047 2609 vo-

361 2638 446 2669 cem,
475 2629 636 2669 gratiosus
659 2628 836 2660 admodum
861 2627 927 2659 fuit
954 2627 1046 2660 Julio

360 2678 497 2716 Caesari,
508 2678 672 2719 Augusto,
684 2678 886 2718 Cleopatra.
930 2675 984 2707 Ab
995 2676 1046 2706 bis

359 2731 589 2758 remuneratus
605 2728 637 2757 in
664 2737 734 2758 snae
759 2726 875 2757 farinae
897 2725 1045 2756 homines

361 2776 528 2816 copiosius
544 2776 642 2807 etiam
659 2774 854 2807 effundebat
878 2783 916 2805 ac
932 2773 1043 2814 prodi-

1099 1455 1198 1494 gebat
1211 1456 1299 1486 ultro
1310 1464 1389 1495 quas
1406 1463 1486 1494 opes
1503 1453 1696 1492 collegerat.
1733 1453 1783 1483 Eo

1097 1503 1230 1534 nomine
1245 1503 1287 1534 ab
1302 1503 1446 1534 Horatio
1459 1502 1607 1541 carpitur
1622 1501 1690 1541 hic,
1703 1502 1783 1531 item

1101 1553 1210 1583 Satira
1226 1561 1279 1583 111.
1302 1558 1335 1582 et
1353 1561 1388 1583 x.
1412 1560 1484 1592 seq.
1504 1551 1592 1592 quia,
1617 1556 1654 1582 nt
1679 1550 1785 1587 aiunt,

1090 1602 1173 1641 ejus
1196 1610 1307 1631 vei-sus
1334 1601 1425 1631 velut
1453 1609 1569 1640 parum
1594 1599 1806 1629 numerosos‘

1100 1658 1140 1679 ac
1153 1650 1340 1680 modulatos
1354 1649 1496 1679 dixerat.
1539 1647 1622 1688 Ejus
1645 1647 1693 1677 ita
1718 1655 1786 1677 me·

1101 1698 1194 1727 minit
1211 1698 1280 1729 Cic.
1303 1698 1410 1737 Epist.
1428 1706 1491 1728 vn.
1507 1698 1560 1727 24.
1585 1706 1659 1737 quae
1674 1700 1726 1726 est
1742 1695 1785 1726 ad

1100 1747 1150 1778 M.
1178 1747 1258 1778 Fab.
1290 1747 1447 1778 Gallum:
1477 1745 1626 1776 ‘Amoris
1650 1745 1784 1786 quidem

1101 1796 1163 1832 tui,
1184 1805 1314 1836 quoquo
1338 1805 1388 1826 me
1413 1795 1512 1834 verti,
1537 1794 1698 1834 vestigia:
1730 1793 1783 1822 vel

1101 1846 1251 1884 proxime
1269 1846 1309 1875 de
1325 1844 1470 1884 Tigellio
1487 1864 1584 1874 .....
1608 1842 1647 1873 ld
1663 1850 1727 1882 ego
1749 1842 1783 1871 in

1098 1892 1199 1922 lucris
1216 1902 1302 1931 pono
1317 1902 1381 1922 non
1406 1891 1496 1923 ferre
1521 1891 1684 1923 bominem
1712 1900 1784 1930 pes·

1099 1941 1302 1971 tilentiou-em
1325 1941 1434 1980 patria
1458 1950 1516 1971 sna
1529 1960 1622 1971 .....
1649 1940 1709 1970 Ille
1727 1949 1783 1970 au-

1099 1995 1166 2020 tem
1191 1989 1246 2028 qui
1274 1989 1379 2020 sciret
1408 1998 1444 2019 se
1471 1994 1628 2029 nepotem
1659 1988 1782 2018 bellum

1098 2038 1266 2069 tibicinem
1283 2037 1419 2073 habere,
1443 2041 1479 2068 et
1495 2040 1547 2068 sat
1561 2036 1680 2067 bonum
1704 2045 1785 2066 unc·

1099 2093 1219 2122 torem,
1231 2087 1386 2118 discessit
1397 2097 1416 2117 a
1430 2096 1496 2124 me,
1506 2091 1544 2117 ut
1558 2085 1638 2116 mihi
1651 2085 1784 2116 videba-

1099 2137 1302 2175 tur,iratior.
1349 2136 1462 2167 Habes
1485 2135 1610 2166 Sardos
1639 2135 1786 2172 venales,

1095 2187 1194 2217 alium
1218 2187 1282 2216 alio
1297 2185 1517 2226 nequiorem,'
1538 2184 1729 2226 (Tigellium
1742 2189 1781 2214 et

1098 2235 1166 2274 ejus
1188 2234 1364 2273 nepotem)
1389 2236 1398 2252 ¹
1417 2233 1568 2274 cognosti
1585 2241 1689 2263 meam
1705 2241 1783 2262 cnu-

1098 2293 1180 2321 sam,
1195 2288 1231 2314 et
1248 2284 1342 2314 istius
1359 2283 1529 2313 salaconis
1551 2279 1783 2321 iniquitatem!

1097 2333 1290 2364 Salaconem
1306 2337 1427 2362 vocant
1442 2331 1585 2370 mollem,
1596 2334 1631 2360 et
1644 2333 1783 2370 propter

1098 2391 1177 2422 opes
1191 2380 1402 2412 insolentem.

1139 2432 1159 2460 4
1195 2430 1310 2460 Contra
1341 2427 1404 2467 hic]
1448 2427 1576 2458 Avarus
1607 2426 1783 2467 quispiam,

1098 2479 1195 2519 longe
1217 2489 1238 2508 a
1260 2477 1402 2516 Tigellio
1421 2476 1631 2515 dissentiens,
1645 2476 1678 2505 in
1704 2484 1784 2506 con·

1099 2527 1237 2558 trarium
1254 2526 1368 2557 vitium
1382 2525 1548 2565 impingit.
1823 2561 1829 2564 -

1142 2579 1162 2607 8
1195 2576 1326 2615 Ingrata
1353 2575 1490 2614 stringat
1523 2575 1620 2604 multu
1647 2573 1783 2612 ingluvie

1099 2624 1178 2664 rem]
1202 2625 1296 2655 Bona
1311 2633 1371 2655 sna
1399 2623 1491 2654 velut
1518 2622 1552 2653 in
1574 2630 1673 2653 unam
1696 2621 1783 2661 pilu-

1098 2675 1163 2705 lam
1187 2674 1307 2704 stricta
1330 2679 1367 2704 et
1390 2681 1584 2712 compressa
1606 2669 1782 2711 deglutiat.

1097 2723 1197 2764 Apud
1235 2722 1355 2754 Amen.
1384 2731 1431 2753 iv.
1465 2724 1515 2753 18.
1544 2730 1586 2752 ex
1614 2718 1780 2751 Alexide:

1092 2773 1100 2789 ‘
1108 2772 1276 2807 Diodorus
1288 2773 1380 2802 lurco
1391 2770 1625 2811 patrimonium
1638 2767 1721 2800 fecit
1731 2766 1781 2807 pi·
