1930 3242
362 272 443 314 890

361 375 448 417 Aut
465 377 588 417 valeo
609 380 738 424 stare,
759 380 833 415 aut
847 375 951 414 novi
972 374 1122 414 civilia
1134 374 1262 427 jura;

901 438 936 486 51
968 439 1144 479 Dubius
1170 453 1264 480 sum
1284 440 1389 494 quid
1415 441 1589 491 faciam,
1609 441 1774 495 inquit3

361 441 416 483 Et
437 455 619 495 propero
640 453 725 493 quo
744 440 843 479 scis.

839 286 884 323 Q·
915 283 1122 314 HORA'I'll
1159 281 1329 311 FLACGI

1715 378 1772 420 39

359 507 478 548 Tene
498 508 750 558 relinquam,
772 517 824 544 an
844 517 947 544 rem.
995 504 1125 555 51Me,
1140 506 1285 547 sodes.
1315 506 1350 555 51
1374 507 1476 547 Non
1490 507 1662 557 faciam,
1674 509 1772 560 ille3
1822 555 1827 558 ,

360 573 418 614 Et
438 571 676 626 praecedere
696 570 844 622 coepit.

360 640 470 680 Cum
491 634 679 689 victore)
696 648 865 688 sequor.

901 571 994 623 Ego
1012 571 1083 625 (ut
1103 572 1359 614 contendere
1375 573 1525 614 durum
1546 577 1614 613 est

922 637 958 686 51
990 637 1217 679 Maecenas
1235 639 1451 693 quomodo
1473 640 1646 680 tecum?

362 706 481 746 Hinc
500 702 668 755 repetit.
706 701 741 749 51
762 702 1008 743 Paucorum
1023 704 1258 753 hominum,
1274 709 1317 745 et
1331 705 1489 745 mentis
1504 706 1612 746 bene
1630 717 1748 747 sanae

361 771 505 811 Nemo
530 767 753 808 dexterius
774 768 947 809 fortuna
961 773 1027 810 est
1045 782 1166 811 usus,

1223 769 1259 818 51
1290 770 1488 810 Haberes
1720 771 1777 811 45

361 835 567 886 Magnum
590 832 843 886 adjutorem,
863 837 1012 887 posset
1031 835 1106 887 qui
1125 835 1233 877 ferre
1252 835 1479 885 secundas,

357 959 420 989 scio
440 960 522 997 leges
542 959 665 991 civiles:
687 962 764 992 adde
786 962 863 1000 quod
878 961 999 999 festino
1015 961 1087 992 illuc
1101 971 1157 1001 quo
1182 962 1274 994 nosti.

1320 963 1396 994 nam
1407 962 1458 993 ille
1472 962 1534 993 ait.-
1557 962 1698 993 Incertus
1709 970 1776 992 sum

357 1001 430 1047 quid
444 1011 556 1040 agam;
580 1012 621 1032 an
645 1006 675 1032 te
696 1003 845 1042 deseram,
859 1013 899 1033 an
923 1004 1019 1034 litem.
1065 1004 1124 1034 Cui
1138 1013 1214 1042 ego.-
1237 1004 1305 1043 Me,
1321 1013 1378 1042 me,
1393 1004 1521 1034 obsecro.
1566 1004 1776 1043 Nequaquam,

357 1044 457 1081 znquit
471 1043 543 1081 iste,
557 1047 586 1073 et
601 1044 691 1083 coepit
708 1045 828 1083 praeire.
872 1045 953 1083 Ego,
970 1044 1112 1084 quoniam
1137 1055 1203 1075 cum
1217 1044 1346 1082 fortiori
1361 1054 1499 1084 pugnare
1513 1045 1640 1075 arduum
1655 1047 1712 1082 est,
1731 1053 1778 1075 te·

357 1093 443 1122 quor.
486 1085 562 1115 Inde
575 1094 645 1115 vero
659 1094 824 1116 sermonem
838 1086 890 1116 ille
903 1088 1040 1116 resumit.
1078 1086 1233 1116 Moecenm
1245 1087 1392 1125 quomodo
1407 1089 1504 1116 tecum
1524 1085 1592 1124 agit
1603 1089 1616 1116 2

1658 1086 1779 1116 Pauco-

357 1125 468 1156 amicos
483 1127 607 1166 recepit,
620 1126 741 1166 inquam
751 1137 762 1157 :
784 1131 814 1157 et
827 1130 908 1158 certe
919 1127 1011 1166 sapit.
1053 1126 1129 1158 Ille.-
1153 1127 1249 1158 Nemo
1263 1137 1394 1166 unquam
1407 1136 1479 1158 usus
1489 1130 1536 1158 est
1548 1125 1680 1164 fortuna
1693 1125 1780 1156 calli—

357 1166 426 1197 dius
439 1177 528 1207 quam
543 1172 590 1200 tu.
632 1169 694 1200 Nae
708 1178 851 1207 magnum
865 1169 1081 1200 auxiliatorem
1095 1167 1232 1208 haberes,
1243 1169 1389 1200 secundas
1410 1168 1530 1208 quidem
1550 1171 1653 1208 partes
1666 1166 1780 1206 agendi

953 1261 1184 1274 ΜΝΜΟ

357 1324 541 1395 mess'nquit,
554 1328 733 1357 antam—42
749 1326 927 1357 'Meliores
944 1325 1039 1357 codd.
1055 1330 1125 1357 tum
1139 1325 1251 1375 alieni,
1261 1335 1363 1374 'qu-am
1379 1325 1496 1362 nostri,
1506 1324 1540 1356 in
1552 1324 1672 1370 quibua
1684 1323 1782 1356 Leid-

358 1371 394 1436 ῗῗ
411 1406 420 1422 ι
435 1367 1412 1448 3:322513‘3235253332153‘2flxsddzsszffz?”zzffzsssssssffssm
1424 1367 1566 1438 ,Τίἷξὲῑϊ
1579 1366 1718 1438 52¹3?
1727 1374 1780 1438 Est

359 1455 385 1477 1.
401 1447 468 1479 Od.
486 1452 537 1479 24.
556 1451 686 1480 19.--44
709 1449 719 1466 ‘
733 1450 773 1480 In
790 1450 856 1480 Ms.
871 1449 1085 1490 Gottingensi
1113 1454 1165 1480 est
1186 1453 1222 1480 ut
1237 1450 1347 1480 mentis
1367 1449 1439 1480 bene
1458 1458 1553 1487 sanoe,
1578 1447 1666 1489 quod
1683 1447 1779 1478 valde

358 1489 493 1527 placet:
517 1490 564 1520 sic
586 1491 673 1520 enim
695 1491 781 1522 ratio
797 1490 969 1531 reddatur,
992 1500 1051 1522 cur
1069 1500 1233 1531 paucorum
1249 1491 1401 1522 hominum
1417 1490 1462 1521 sit
1477 1490 1660 1521 Maecenas.
1703 1489 1779 1520 Me-

347 1539 430 1560 <mor
451 1531 610 1562 videlicet
633 1530 717 1562 vafri
740 1532 825 1563 illius
843 1532 960 1572 Siculi,
976 1533 1034 1574 qui
1050 1536 1178 1563 temere
1195 1542 1252 1563 nos
1268 1537 1361 1563 vetat
1376 1531 1540 1571 credere,’
1553 1533 1616 1563 ἄιε.
1642 1531 1779 1562 Genu.—

357 1573 397 1601 45
421 1571 431 1588 ‘
448 1572 548 1603 Nemo
559 1573 692 1603 deterius
706 1573 846 1604 Medici.
864 1576 946 1605 1477
951 1596 959 1605 .
980 1574 1129 1605 notabile
1143 1573 1314 1614 sphalma.’
1337 1574 1521 1604 Idem—48
1543 1572 1720 1604 Bentleius
1735 1580 1778 1602 ex

1007 1667 1037 1698 N
1044 1666 1145 1698 OTAE

360 1728 492 1768 injure,
508 1737 564 1758 seu
580 1728 786 1760 contendere
799 1739 840 1761 ac
852 1729 1045 1770 depugnare

360 1782 477 1808 contra
490 1777 729 1817 adversarium,
741 1784 777 1809 ut
793 1778 924 1810 faciunt
936 1779 1045 1812 Juris-

360 1826 517 1863 consulti,
533 1827 678 1865 patroni,
695 1827 863 1858 causidici.

402 1876 443 1904 39
465 1873 531 1904 Aut
555 1875 624 1905 novi
644 1875 747 1905 civilia
764 1875 855 1914 jura]
880 1876 957 1906 Non
973 1885 1043 1906 sum

362 1921 501 1953 idonens
518 1921 559 1951 ad
575 1922 783 1961 suggerenda
801 1922 863 1953 tibi
880 1922 981 1953 verba
998 1924 1044 1953 le-

361 1972 414 2011 gis
429 1979 467 2001 ac
475 1970 562 2010 juris
577 1979 686 2001 causae
701 1976 766 2000 tuae
782 1969 932 2002 faventia
947 1982 954 2002 :
972 1981 1045 2013 pro-

361 2019 504 2060 indeque
523 2019 583 2049 tibi
599 2018 716 2049 adesse
731 2028 872 2060 nequeo.

403 2072 444 2100 40
460 2069 596 2108 Propero
606 2078 663 2108 quo
676 2068 751 2108 scis]
766 2069 852 2100 Volo
870 2069 974 2100 visere
987 2069 1045 2100 ho-

362 2118 485 2150 minem
505 2118 664 2157 quendam,
685 2121 722 2148 nt
744 2122 823 2148 ante
842 2118 924 2158 dixi,
939 2128 1045 2159 prope

361 2168 477 2199 hortos
508 2167 650 2198 Caesaris
684 2166 904 2198 habitantem.
948 2168 1045 2198 Viam

362 2218 478 2258 itaque
493 2222 544 2247 sat
558 2217 688 2256 longam
706 2215 798 2246 obire
815 2225 972 2256 propero.

402 2269 443 2297 41
467 2266 533 2305 Me,
556 2265 657 2304 sodes]
678 2265 737 2295 Me
766 2265 916 2306 relinque
932 2267 1045 2307 potius

363 2326 461 2358 quam
478 2325 544 2346 rem
559 2320 663 2346 tuam.

405 2365 478 2395 Non
495 2365 628 2404 faciam]
649 2363 788 2395 Minime
805 2374 884 2395 vero
901 2368 933 2395 te
949 2364 1047 2395 relin-

364 2424 474 2455 quam.
503 2413 640 2444 Scilicet
652 2413 808 2453 sperabat
824 2414 975 2453 garrulus
987 2424 1047 2454 per

364 2463 540 2495 Horatium
571 2461 711 2502 adipisci
731 2462 930 2493 Maecenatis
955 2462 1047 2493 fami-

362 2513 555 2550 liaritatem,
591 2511 680 2552 quod
717 2511 822 2552 pluris
859 2511 1047 2544 aestimabat

364 2560 539 2600 perdenda
554 2561 625 2592 lite.

406 2612 447 2639 43
473 2610 625 2640 Maecenus
635 2610 776 2650 quomodo
788 2611 900 2651 tecum]
917 2610 1046 2653 Serm07

365 2658 565 2690 cinationem
592 2659 669 2690 inde
693 2659 818 2699 repetit
838 2660 916 2690 ille:
943 2659 1046 2690 Estne

365 2715 497 2746 temper
513 2707 633 2738 amicus
649 2707 711 2739 tibi
732 2708 922 2739 Maecenas?

407 2757 448 2787 44
470 2755 643 2787 Paucorum
657 2756 823 2796 hominum]
852 2757 927 2788 Non
943 2756 1046 2788 cuivis

1098 1739 1133 1760 se
1161 1729 1359 1760 familiarem
1385 1728 1543 1760 exhibet:
1578 1737 1700 1768 paucos
1726 1727 1780 1759 ad·

1097 1779 1203 1810 mittit
1223 1780 1255 1810 in
1278 1788 1369 1810 suam
1390 1777 1584 1810 amicitiam.
1628 1776 1780 1808 Macrob.

1095 1828 1265 1859 Saturnal.
1288 1836 1345 1858 m.
1367 1830 1419 1859 16.
1442 1828 1452 1845 ‘
1466 1827 1654 1858 Paucorum
1673 1826 1778 1857 homi-

1095 1885 1174 1906 num
1189 1881 1243 1906 est
1258 1876 1322 1906 iste
1338 1874 1537 1916 acipenser!
1577 1876 1630 1906 Ex
1645 1875 1780 1907 cicero-

1095 1933 1152 1964 ne,
1168 1923 1209 1955 de
1225 1925 1320 1956 Fato.

1136 1975 1176 2003 45
1202 1973 1301 2003 Nemo
1315 1973 1471 2004 dexterius
1488 1972 1619 2010 fortuna
1632 1975 1678 2004 ese
1694 1972 1781 2013 usus]

1094 2021 1145 2051 Tu
1171 2021 1260 2052 belle
1282 2021 1460 2052 admodum
1481 2031 1558 2052 uuus
1582 2030 1619 2052 es
1635 2020 1781 2056 fortuna,

1094 2069 1151 2110 qui
1159 2070 1382 2101 Maecenatem
1393 2069 1441 2101 ita
1454 2069 1666 2101 demerueris.
1681 2069 1779 2103 Quod

1097 2120 1125 2150 si
1154 2129 1207 2150 me
1238 2119 1280 2150 ad
1308 2120 1416 2160 ipsum
1447 2119 1663 2160 perduceres,
1681 2120 1780 2160 juva-

1097 2177 1166 2199 rem
1193 2172 1228 2199 te
1254 2168 1372 2199 mirum
1400 2168 1434 2198 in
1459 2168 1614 2199 modum:
1638 2177 1700 2199 nec
1714 2167 1781 2207 pri-

1097 2226 1166 2247 mas
1190 2220 1269 2247 ante
1292 2221 1326 2247 te
1348 2221 1522 2256 captarem
1544 2225 1701 2256 unquam,
1717 2224 1779 2247 nec

1098 2266 1224 2306 uspiam
1247 2265 1310 2296 tibi
1347 2264 1539 2296 officerem:
1571 2265 1671 2296 immo
1697 2265 1779 2296 alios

1098 2325 1211 2347 omnes
1231 2315 1292 2345 hoc
1315 2318 1414 2355 pacto
1430 2314 1528 2345 facile
1543 2316 1780 2354 summoveres,

1099 2365 1304 2407 primumque
1326 2364 1433 2394 locum
1459 2368 1495 2394 tu
1517 2364 1782 2405 consequen-eris.

1101 2415 1187 2446 Haec
1202 2413 1350 2454 garrulus
1363 2411 1404 2442 ad
1421 2411 1611 2443 Horatium.

1140 2465 1182 2494 46
1205 2462 1312 2493 Posset
1325 2460 1376 2500 qui
1389 2460 1478 2498 serre
1492 2460 1652 2500 secundus]
1669 2461 1779 2493 Meta-

1099 2513 1203 2553 phora
1223 2520 1243 2542 a
1261 2509 1408 2541 Scenicis
1433 2509 1521 2540 ludis
1536 2515 1572 2540 et
1595 2510 1777 2542 actoribus.

1101 2561 1175 2593 Hac
1191 2560 1316 2601 pariter
1326 2559 1434 2590 utitur
1450 2559 1570 2590 Cicero
1585 2552 1778 2592 Divina-in

1098 2611 1250 2646 Verrem,
1263 2618 1294 2639 n.
1317 2611 1368 2639 48.
1389 2612 1425 2638 et
1441 2608 1518 2638 liuic
1531 2608 1605 2639 loco
1620 2608 1716 2640 dabit
1729 2610 1780 2640 lu·

1099 2667 1182 2690 cem.
1203 2659 1211 2674 ‘
1225 2657 1290 2690 Qui
1305 2657 1460 2696 princeps
1472 2656 1505 2687 in
1521 2657 1652 2697 agendo
1662 2663 1715 2689 est
1727 2668 1779 2690 or-

1099 2707 1287 2738 natissimus
1303 2711 1339 2737 et
1351 2706 1580 2745 paratissimus
1591 2716 1664 2738 esse
1674 2707 1778 2740 debet

1140 2756 1315 2797 Apuleium
1326 2764 1397 2786 esse
1409 2755 1503 2786 video
1512 2756 1695 2796 proximum
1705 2757 1777 2789 sub·
