1936 3236
559 279 831 310 mammon
868 279 963 309 ΜΒ.
997 278 1063 308 lv.
1092 269 1134 309 4.
1492 267 1578 309 567

406 373 642 427 Vernique‚
655 374 751 428 jam
770 374 928 415 nimbis
947 373 1142 423 remotis,
1192 405 1196 409 .

462 440 673 482 Insolitos
693 440 884 491 docuere
902 441 1029 481 nisus

346 507 483 549 Venti
503 511 763 561 paventem3
795 519 904 548 mox
922 507 966 548 in
986 506 1125 548 ovilia

344 575 539 616 Demisit
558 575 725 615 hostem
749 574 924 615 vividus
943 573 1166 627 impetus;
1521 573 1578 613 10

403 641 537 682 Nunc
556 641 601 682 in
615 641 878 682 reluctantes
901 640 1118 682 dracones

459 707 562 761 Egit
581 719 702 748 amor
721 707 853 760 dapis
874 710 1006 760 atque
1026 719 1208 760 pugnae:

114 837 263 871 imbribus
277 840 422 872 timidum
444 843 574 873 docuere
595 846 723 873 conatus
742 842 902 877 insuetos,-
923 850 996 872 mox
1016 843 1122 871 autem
1146 839 1195 870 vis
1218 838 1371 870 «cerr-ima
1384 837 1531 875 infestum
1543 834 1577 865 in

115 879 211 913 ovilia
233 883 385 924 perpulit,
399 884 510 916 deinde
534 885 652 924 praedoe
674 895 711 916 ac
732 883 913 916 certaminis
938 883 1076 914 aviditas
1090 882 1239 913 incitavit
1259 882 1410 912 adversus
1428 880 1578 910 dracones

725 979 967 993 eeeeeeeeeee

111 1041 263 1082 propium,
274 1044 407 1083 protulit
423 1044 576 1076 nonnulli
590 1046 707 1078 Lamb.
723 1051 760 1078 et
775 1047 882 1088 Cruq.
898 1046 1013 1086 plures
1025 1045 1183 1076 Torrent.
1199 1039 1382 1075 Pnlmauni
1394 1038 1579 1072 Gemblac.

119 1085 149 1114 Ι.
165 1087 201 1115 et
215 1084 344 1116 Beller.
357 1087 436 1118 Sax.
454 1087 556 1120 Fran.
572 1089 664 1129 Lips.
676 1091 707 1121 l.
724 1091 756 1120 3.
774 1089 854 1120 Zar.
871 1089 989 1120 Basili.
1003 1087 1139 1119 Fabric.
1151 1086 1261 1118 Colin.
1276 1085 1419 1116 Vascos.
1439 1081 1578 1122 {tropum

115 1125 183 1157 duo
195 1127 289 1159 vait,
306 1128 426 1161 Ριξξι-ιι.
443 1130 521 1161 Urs-
536 1131 662 1172 aliique
679 1138 827 1172 quatuor
842 1131 962 1163 Lamb.
983 1130 1052 1162 duo
1076 1128 1225 1161 Blandd.
1248 1132 1284 1160 et
1309 1126 1366 1158 alii
1384 1125 1490 1165 Cruq.
1506 1129 1578 1155 tre-s

115 1167 215 1218 ἵζοι-τ.
229 1169 375 1203 Mentel.
391 1171 489 1204 Harl.
503 1175 534 1203 1.
548 1175 580 1204 2.
597 1177 628 1205 3.
641 1177 672 1206 4.
685 1178 715 1204 5.
729 1177 760 1205 6.
782 1174 878 1214 Lips.
891 1176 925 1205 2.
940 1177 971 1206 4.
989 1173 1087 1204 Dess.
1104 1176 1136 1204 2.
1158 1171 1246 1203 Altt.
1264 1173 1294 1201 1.
1310 1173 1343 1201 2.
1358 1167 1506 1200 Helmst.
1531 1166 1578 1197 Et

115 1218 168 1243 stc
181 1210 308 1244 Scholt.
321 1213 463 1247 Venett.
481 1215 622 1247 Locber.
640 1217 784 1247 Ascens.
796 1216 913 1247 Lamb.
926 1216 1030 1256 Cruq.
1043 1216 1201 1246 Tou-rent.
1218 1212 1303 1245 Fab.
1323 1211 1442 1242 Heins-
1459 1208 1579 1240 Benu.

116 1250 223 1285 Baxt.
250 1254 337 1286 Cun·
365 1255 446 1286 San.
478 1257 633 1295 Francis,
652 1258 803 1298 Towers,
823 1258 918 1292 Jani,
942 1258 1084 1297 Bipont.
1108 1256 1248 1288 Mitsch.
1275 1253 1421 1285 Wetzel.
1443 1249 1578 1282 Wakef-

118 1294 242 1327 Comb.
255 1301 291 1327 et
305 1296 413 1329 Kidd.
435 1298 444 1315 ‘
460 1298 524 1328 Est
543 1304 580 1329 et
604 1299 738 1330 doctior
760 1305 797 1330 et
823 1298 945 1331 fortior
969 1297 1098 1330 lectio?
1120 1297 1277 1329 Jani.—⁷
1305 1295 1476 1335 Ver-nisque
1490 1302 1578 1324 unus

118 1335 253 1369 Bersm.
269 1338 421 1369 Bentleii
446 1340 544 1371 Leid.
559 1341 719 1371 Petreus.
733 1340 834 1371 Bodl.
849 1343 881 1371 2.
908 1346 944 1371 et
961 1341 1114 1372 Colbert.
1132 1339 1200 1370 duo
1213 1339 1294 1370 Sax-
1311 1337 1411 1368 Harl.
1428 1339 1459 1367 Ι.
1482 1335 1578 1375 Lips.

116 1380 194 1414 201.
209 1377 282 1410 Alt-
296 1379 418 1410 l.item
435 1380 586 1412 Bentleii
600 1381 719 1413 Graev.
732 1387 767 1412 et
783 1382 905 1421 Regin.
921 1386 958 1412 et
973 1382 1066 1421 Lips.
1077 1384 1107 1412 3.
1124 1391 1143 1411 a
1159 1390 1202 1410 m.
1216 1389 1268 1420 pr.
1298 1378 1418 1410 Ver-mis
1429 1377 1578 1409 Mentel.

115 1422 127 1438 ⁸
139 1419 261 1461 Neque
283 1421 386 1452 aliter
410 1431 450 1453 ac
472 1422 587 1453 Vernis
603 1423 724 1463 legisse
740 1422 911 1454 Aen-onem
928 1422 1107 1454 contendit
1122 1421 1239 1453 Bentl.
1257 1420 1302 1452 ob
1329 1420 1418 1450 illius
1439 1424 1577 1450 notam:

115 1461 126 1480 ‘
138 1461 257 1501 Verrii,
275 1467 326 1501 ut,
342 1463 411 1495 ruit
429 1463 640 1496 imbriferum
657 1464 738 1496 ver!
783 1466 852 1496 Sed
867 1466 981 1506 legere
998 1465 1110 1505 potuit
1126 1463 1255 1495 Acron.
1284 1462 1394 1500 Verrii,
1409 1465 1447 1492 et
1462 1466 1577 1492 tamen

117 1513 192 1536 eam
217 1510 345 1546 notam,
361 1506 388 1537 si
405 1506 543 1548 quidem
559 1508 612 1538 vel
637 1508 680 1539 ab
706 1508 783 1547 ipso
802 1512 868 1546 est,
885 1508 939 1538 vel
956 1507 1103 1547 integra,
1126 1506 1310 1543 ascribere.
1328 1509 1366 1536 ut
1382 1503 1578 1535 declararet

115 1553 238 1578 ventos
252 1556 387 1586 vernos,
402 1549 614 1582 cessantibus
631 1550 807 1589 imbribus,
824 1550 948 1590 quibus
964 1560 1023 1582 ver
1038 1551 1072 1581 in
1097 1549 1200 1581 Italia
1221 1546 1388 1580 abundat.
1432 1545 1578 1578 Interim

119 1588 232 1622 Vernis
247 1591 433 1631 praetulere
446 1592 563 1623 Bentl.
581 1592 667 1625 Cun.
685 1593 803 1624 Burin.
823 1592 948 1624 Snnad.
964 1593 1044 1626 Jon.
1071 1597 1108 1624 et
1127 1592 1217 1624 Sivr.
1264 1591 1371 1622 Putat
1395 1589 1513 1621 Bentl.
1529 1588 1579 1620 ita

114 1631 255 1664 liberari
270 1633 416 1665 Poe'tam
433 1634 575 1666 crimine
592 1635 658 1667 isto
673 1636 858 1676 Scaligeri3
882 1646 959 1667 nam
974 1636 1022 1667 sic
1038 1636 1187 1677 aquilam
1205 1638 1329 1666 aestate
1346 1632 1483 1664 demum
1499 1640 1578 1662 evo—

115 1673 188 1706 lare
203 1674 283 1708 dici.
328 1676 394 1708 Sed
411 1686 488 1708 cuin
504 1683 660 1718 apparet,
674 1688 748 1709 esse
764 1679 813 1710 sic
837 1679 978 1719 primaru
1004 1683 1099 1710 certe
1120 1683 1276 1708 aestatem
1304 1673 1578 1714 intelligendam.

115 1725 226 1759 eoque
239 1727 307 1750 non
323 1719 398 1750 tolli
414 1728 589 1751 censuram
607 1721 786 1761 scaligeri,
810 1726 882 1752 tum
906 1722 979 1761 ipsa
1000 1721 1112 1761 prima
1127 1725 1250 1751 aestate
1271 1719 1370 1750 Ver-ni
1385 1717 1477 1748 venti
1491 1715 1579 1747 flare

116 1758 184 1792 diei
200 1766 343 1801 possunt
359 1771 379 1793 a
394 1762 518 1800 Poeta,
533 1763 631 1803 cujus
661 1773 725 1794 non
753 1767 818 1802 est,
844 1764 946 1794 anxie
966 1773 984 1793 e.
1011 1762 1111 1794 fastis
1127 1762 1207 1793 nuni
1234 1761 1333 1792 horas
1350 1759 1576 1790 constituere.

115 1801 231 1842 Addo,
247 1805 429 1844 gratiorem
446 1805 535 1836 haud
551 1805 653 1836 dubie
670 1806 783 1836 sensui
799 1805 936 1846 poetico
948 1805 1059 1836 ideam
1073 1804 1230 1845 praebere
1244 1808 1366 1834 ventos
1378 1811 1510 1837 vernos.
1524 1809 1576 1831 re-

116 1846 217 1877 motis
233 1846 355 1878 nimbis
370 1846 542 1888 hybernis,
570 1858 667 1888 quam
687 1854 805 1880 ventos
820 1848 1036 1888 simpliciter,
1060 1847 1172 1878 vernis
1201 1846 1325 1877 nimbis
1348 1844 1508 1882 remotis;
1534 1852 1578 1874 ne

116 1886 243 1928 dicam,
262 1888 322 1919 hos
344 1889 435 1930 ipsos
457 1890 588 1921 nimbos
613 1899 746 1928 vernos,
764 1891 791 1921 si
807 1892 883 1932 quis
899 1895 1070 1928 aestatem,
1094 1890 1146 1921 vel
1168 1889 1254 1920 adeo
1276 1892 1488 1922 autumnum,
1505 1886 1578 1925 pin·

116 1938 199 1970 gere
215 1930 310 1970 vetit,
324 1932 472 1963 colorem
496 1932 677 1964 admodum
702 1934 849 1964 otiosum
873 1943 961 1972 esse,
985 1942 1152 1973 nusquam
1180 1942 1200 1964 a
1230 1930 1347 1962 Poetis
1373 1928 1576 1961 adhibitum.

115 1972 230 2005 Quare
244 1973 392 2006 omnium
408 1980 600 2007 ceterorum
617 1975 719 2007 codd.
739 1982 843 2017 atque
861 1976 963 2008 editt.
980 1976 1177 2013 lectionem,
1202 1973 1361 2014 ver-nique,
1386 1972 1509 2003 bonam
1537 1971 1577 2001 il-

115 2014 196 2053 lam,
225 2025 350 2057 veram,
377 2022 480 2058 atque
511 2019 720 2058 praeclaram,
747 2020 896 2050 retinere
921 2028 964 2050 ue
989 2018 1196 2050 dubitemus.
1242 2016 1402 2057 Ingratus
1429 2015 1532 2046 etiam
1556 2023 1576 2045 e

118 2057 319 2091 Bentleiana
335 2061 449 2101 prodit
466 2070 598 2100 versus,
621 2061 700 2092 dum
718 2066 771 2092 ter
787 2062 925 2093 auditur
941 2061 1061 2093 eadem
1078 2060 1211 2102 syllaba
1233 2059 1273 2098 is,
1298 2058 1419 2090 eadem
1444 2057 1576 2088 ratione

117 2100 240 2148 longam
263 2102 352 2142 qnod
369 2102 404 2134 in
420 2104 587 2144 exemplis
603 2114 622 2135 a
638 2104 752 2136 Bentl.
765 2105 888 2142 allatis,
901 2114 999 2136 secus
1012 2103 1087 2136 est!
1100 2103 1256 2135 dant-8
1279 2101 1425 2132 Insolitos
1435 2100 1466 2130 d.
1480 2099 1578 2130 nixus

118 2142 212 2184 ans.
226 2146 347 2176 4.-10
371 2145 523 2177 Permisit
536 2146 652 2177 hostem
669 2146 760 2188 Lips.
775 2150 808 2179 4.
832 2147 959 2179 int-idus
973 2147 1107 2188 impetus
1121 2144 1227 2178 Brod.
1245 2144 1338 2186 Lips.
1355 2146 1388 2175 3.
1406 2142 1523 2174 Zarot.
1538 2147 1575 2172 et

772 2231 918 2264 NOTAE

159 2306 181 2336 8
202 2304 352 2337 Insolito:
380 2306 508 2338 docuere
533 2307 635 2350 nisus]
657 2309 818 2340 Volatum
874 2313 910 2340 et
932 2308 1035 2349 longe
1052 2306 1163 2348 fugat,
1177 2304 1317 2337 aemulos
1339 2302 1472 2335 scilicet
1487 2301 1577 2342 rapi-

116 2353 245 2387 docent
273 2355 366 2387 venti
393 2356 566 2388 insolitum
589 2359 754 2390 hactenus
783 2364 819 2392 et
874 2369 947 2392 nae:
974 2363 1010 2390 et
1026 2357 1176 2398 alioquin
1193 2364 1294 2387 unum
1314 2363 1376 2395 par
1391 2352 1577 2394 aquilarum

117 2404 267 2436 nondum
293 2410 486 2438 tentatum:
510 2407 600 2448 binc,
625 2408 667 2440 ad
696 2410 821 2450 primos
873 2419 998 2451 magno
1020 2408 1062 2440 ad
1094 2405 1326 2449 populandum
1349 2408 1464 2435 tractu
1491 2401 1585 2437 indi-¹

115 2452 192 2486 illos
205 2455 305 2495 nisus,
328 2454 399 2487 υἱέι-ἰ
420 2466 456 2487 se
482 2458 696 2490 committere
717 2468 819 2499 expa-
874 2466 946 2501 get,
962 2465 1000 2491 ut
1015 2459 1173 2490 satietur.
1187 2481 1196 2489 .
1211 2479 1220 2488 .
1233 2480 1242 2488 .
1258 2459 1359 2496 rapta
1380 2463 1446 2484 non
1472 2452 1580 2492 proti-

116 2505 227 2537 vescit
249 2506 361 2547 pullus
378 2507 502 2548 aquilae
521 2508 709 2550 alitumque
725 2515 819 2541 cete·
874 2521 936 2542 nus
954 2508 1165 2548 fei-111113sed
1183 2507 1292 2548 primo
1304 2505 1501 2543 deponunt:
1520 2511 1578 2532 ex-

117 2563 245 2588 ¹’⁰¹⁸¹Uss·
872 2566 1052 2602 pertaeque
1076 2558 1209 2598 pondus
1234 2562 1316 2587 tunc
1341 2554 1475 2584 demum
1499 2550 1579 2582 abe-

123 2603 127 2605 ’
161 2607 183 2636 9
205 2606 287 2638 Mox
307 2606 343 2638 in
366 2607 462 2639 ovilia
481 2607 620 2640 Demisit
642 2609 759 2640 hostem
774 2610 822 2641 vi·
874 2609 958 2642 unt.'
1000 2608 1099 2640 Idem
1126 2605 1246 2637 scribit
1272 2603 1417 2635 Aristot.
1441 2601 1576 2633 Hister.

118 2653 365 2697 ouufmpetus]
382 2657 468 2689 Cum
485 2659 631 2699 primum
645 2660 732 2690 vires
746 2669 822 2690 suas
875 2659 1024 2690 Animal.
1040 2667 1117 2697 cap.
1134 2658 1185 2686 32.

122 2710 283 2744 expertus
311 2710 377 2748 est,
404 2707 438 2738 in
461 2707 564 2739 ovilia
587 2708 740 2749 devolat,
766 2719 821 2749 ag.
921 2711 958 2740 ll
987 2709 1078 2739 Nunc
1094 2707 1127 2736 in
1141 2705 1330 2735 reluctantes
1340 2703 1498 2740 dracones,
1511 2701 1582 2742 eya]

124 2762 272 2797 ¹3¹¹quss
286 2757 388 2798 rapit.
432 2758 524 2792 l'lin.
538 2768 614 2791 mox
630 2760 689 2791 cit.
707 2760 766 2791 lib.
784 2769 821 2791 x.
878 2759 969 2790 Pliu.
987 2758 1046 2789 cit.
1066 2765 1100 2787 x.
1122 2757 1153 2786 4.
1178 2754 1188 2771 ‘
1207 2753 1328 2784 Acrior
1342 2756 1396 2783 est
1411 2761 1489 2783 cum
1501 2751 1579 2781 dra-

122 2804 133 2851 }
150 2801 295 2836 Adultus
323 2807 435 2847 pullos
463 2809 574 2850 aquila
605 2810 823 2852 persequitur
876 2819 964 2842 cone
978 2817 1104 2850 pugna,
1125 2804 1299 2846 multoque
1313 2803 1420 2844 magis
1441 2810 1580 2842 auceps,
