1904 3256
829 294 870 330 Q.
904 291 1104 321 HORATH
1143 289 1315 318 FLACCI

588 384 745 425 Castus
766 383 927 422 sEneas
943 381 1094 434 patriae
1116 385 1336 435 superstes

587 450 789 489 Liberum
808 446 992 486 munivit
1010 446 1106 494 iter,
1127 445 1309 487 daturus
1350 473 1352 475 v

921 510 1056 552 Plura
1076 511 1261 552 relictis:

588 578 646 617 Di
666 577 827 629 probos
845 589 989 616 mores
1010 577 1144 617 docili
1158 577 1370 630 juventae,

591 644 645 682 Di
667 643 878 683 senectuti
897 643 1082 695 placidae
1102 644 1303 695 quietem,

587 708 793 749 Romulae
814 710 928 762 genti
949 709 1048 749 date
1067 722 1238 763 remque
1257 711 1440 764 prolem-

923 787 1019 827 que,
1039 780 1084 815 et
1104 775 1234 816 decus
1255 788 1394 816 omne.

587 839 764 893 Quique
785 853 866 882 vos
882 842 1027 882 bubus
1047 850 1275 882 veneratur
1295 842 1407 883 albis

1727 579 1785 619 45

361 944 497 983 patriam
517 947 616 982 stans,
636 945 784 983 ampliora
803 947 969 976 donaturus
981 955 1070 985 quam
1090 946 1196 977 relicta
1212 946 1363 984 fuerant:
1389 947 1418 976 0
1436 946 1570 977 Numina
1594 947 1664 977 aare
1679 947 1786 977 bonam

362 986 494 1016 indolem
499 986 660 1024 juventuti
664 986 814 1027 flexibili,
830 988 1083 1027 tranquillitatem
1097 989 1257 1025 senectuti,
1279 989 1387 1028 populo
1406 988 1533 1028 deniqne
1550 988 1686 1019 Romano
1706 987 1785 1019 ‹tivi-

361 1027 434 1063 tias,
449 1027 590 1068 sobolem,
601 1028 735 1067 gloriam
748 1028 911 1068 integram.
955 1030 1093 1060 Illustris
1107 1039 1176 1060 vero
1186 1030 1347 1070 progenies
1359 1030 1503 1061 Ant-hisce
1517 1033 1547 1060 et
1565 1029 1704 1065 Veneris,
1719 1038 1786 1070 quoe

968 1109 1198 1123 &efflare

361 1164 1228 1238 exest?³3:³5¹axium&2225155¹³2b333f⁶3³
1237 1164 1403 1237 §teme
1417 1165 1618 1236 Zfflffisszi·
1629 1163 1789 1236 5223?ss

362 1255 406 1276 m.
423 1255 474 1285 pr.
489 1246 593 1277 habet
608 1247 710 1278 etiam
726 1249 853 1286 docilia
875 1248 991 1280 Graev.
1002 1218 1130 1289 ⁸hegin.
1144 1230 1299 1279 ’Colbern
1315 1253 1350 1278 et
1365 1247 1431 1278 duo
1454 1247 1508 1278 alii
1525 1246 1674 1287 ejusdem
1687 1255 1787 1278 senec-

362 1287 450 1318 tutis.
496 1282 551 1319 l‘ta
579 1288 686 1320 edidit
715 1290 820 1322 Kidd.
854 1291 980 1322 Battel.
1009 1291 1122 1329 habet,
1158 1291 1218 1328 Di,
1250 1289 1400 1320 senectuti
1426 1289 1579 1329 placidam
1603 1289 1788 1328 quietem.—

361 1333 403 1360 47
428 1330 583 1361 Romuzeae
594 1331 684 1369 genti
698 1341 769 1363 var.
787 1332 867 1364 lect.
882 1342 936 1372 ap.
952 1333 1143 1365 Kidd.-49
1160 1332 1279 1371 Quique
1293 1331 1406 1362 Zau-ot.
1422 1331 1564 1362 Venett.
1576 1330 1655 1361 Vet.
1670 1329 1789 1361 Comb.

362 1371 526 1402 Priscian.
544 1382 577 1411 p.
593 1375 668 1404 774.
691 1373 830 1404 Mediol.
847 1377 940 1405 1602.
963 1373 1039 1404 Ald.
1063 1379 1099 1404 et
1121 1373 1199 1404 inde
1225 1373 1296 1403 fere
1321 1381 1448 1412 omnes,
1465 1373 1564 1402 etiam
1587 1371 1690 1402 Laud.
1704 1371 1790 1402 Tor-

363 1417 451 1442 rent.
465 1412 596 1443 Talbot.
612 1414 728 1444 Maitt.
746 1415 844 1452 Pine,
854 1414 1004 1454 Sandby‚
1019 1415 1141 1454 Delpb.
1158 1413 1325 1444 Schrevel.
1340 1414 1461 1444 Sanad.
1476 1413 1624 1452 Towers,
1637 1412 1789 1448 Francis,

363 1458 400 1484 et
416 1453 554 1485 Mitscb.
601 1455 735 1494 Qua-que
750 1455 845 1486 Gott.
862 1456 1008 1486 Bentleii
1026 1456 1140 1487 Graev.
1158 1455 1278 1494 Regin.
1295 1464 1314 1485 a
1330 1464 1372 1485 m.
1388 1464 1439 1494 pr.
1454 1458 1488 1486 et
1503 1453 1630 1493 Acron,
1649 1454 1742 1484 Harl.
1758 1457 1789 1484 l.

361 1497 392 1526 2.
408 1497 439 1525 3.
452 1497 483 1526 4.
498 1498 529 1526 6.
553 1496 638 1526 Exc.
654 1497 732 1527 Sax.
748 1496 892 1528 Blandd.
910 1500 983 1528 1.2.
1000 1500 1033 1528 3.
1047 1500 1078 1529 4,
1104 1497 1260 1537 Cruquii,
1284 1497 1342 1527 alii
1365 1496 1476 1527 Pulm.
1489 1495 1620 1526 Bersm.
1644 1500 1678 1526 et
1703 1495 1789 1526 Tor·

362 1541 449 1567 rent.
472 1537 608 1568 Venett.
627 1540 720 1568 1477.
739 1541 832 1569 1478.
848 1541 939 1569 1479.
965 1539 1105 1570 Locher.
1130 1539 1233 1578 Cruq.
1256 1538 1371 1568 Bentl.
1393 1538 1537 1576 Cuning.
1561 1537 1662 1567 Baxt.
1686 1535 1789 1568 Gesn.

362 1578 501 1617 Bipout.
518 1579 660 1609 Wetzel.
676 1579 810 1610 Waket‘.
826 1584 860 1610 et
877 1580 980 1610 Kidd.
999 1581 1008 1598 ‘
1022 1580 1159 1611 Retinui
1174 1580 1353 1610 lectionem
1371 1578 1455 1609 adeo
1479 1579 1604 1609 acriter
1618 1576 1790 1608 defensam

362 1619 531 1657 Bentleio,
546 1624 582 1649 et
597 1620 746 1651 Baxtero
761 1620 949 1660 prohat-am.
992 1621 1059 1652 Sed
1074 1630 1138 1652 nec
1154 1621 1340 1657 dissimulo,
1355 1624 1391 1650 et
1412 1620 1612 1650 auctoritate
1635 1619 1791 1650 tutiorem

362 1660 440 1690 milii
470 1661 590 1698 videri,
615 1666 650 1691 et
680 1671 781 1692 sensu
807 1662 978 1692 meliorem
1002 1663 1154 1698 alteram,
1180 1662 1243 1697 Qui
1264 1665 1438 1699 veneratur,
1460 1661 1494 1692 id
1521 1665 1586 1699 est,
1608 1659 1790 1701 Augustus,

362 1703 502 1740 imperet.
548 1702 764 1734 Credibilene
789 1708 852 1741 est,
875 1713 935 1743 pro
959 1704 1100 1744 imperio
1116 1703 1262 1744 Augusti
1283 1709 1363 1734 vota
1386 1712 1453 1733 nou
1476 1712 1550 1734 esse
1573 1701 1669 1734 facta
1687 1701 1792 1734 Ludis

361 1743 605 1775 Saecularibus?
650 1744 782 1785 Imperet
799 1744 981 1785 Augustus,
1002 1746 1058 1786 qui
1073 1747 1125 1777 ita
1137 1746 1284 1777 clemens
1308 1750 1361 1776 est
1384 1745 1419 1775 in
1443 1744 1608 1783 devictos,
1623 1743 1703 1784 quia
1723 1753 1792 1774 ma-

355 1785 516 1824 jestatem
534 1786 714 1817 Romanam
732 1788 779 1818 ita
795 1791 909 1827 auget.
953 1788 1134 1819 Pulchrum
1148 1793 1184 1819 et
1199 1787 1297 1818 dulce
1314 1790 1366 1818 est
1380 1787 1541 1827 Impetrat,
1555 1790 1696 1827 propter
1713 1785 1791 1821 Qua

362 1836 416 1856 vos
430 1830 611 1858 veneratur:
633 1828 691 1858 sed
717 1829 752 1859 in
777 1838 864 1859 novo
881 1829 1022 1869 imperio
1042 1830 1148 1869 magis
1171 1829 1397 1860 necessarium
1422 1833 1475 1859 eat
1498 1826 1663 1868 Imperet?
1686 1827 1789 1858 Gesn-

362 1869 372 1885 ‘
386 1867 444 1898 Ob
460 1868 604 1899 Gesneri
621 1870 768 1900 rationes
784 1871 940 1902 revocavi
958 1871 1098 1909 plurium
1115 1871 1274 1901 librorum
1292 1869 1495 1900 lectionem!
1508 1870 1606 1900 Zeun.
1650 1867 1746 1899 nari.
1761 1870 1790 1898 1.

362 1912 394 1940 2.
411 1911 442 1940 3.
459 1912 488 1940 4.
504 1912 535 1940 6.
560 1915 596 1941 et
612 1909 678 1940 duo
695 1911 846 1941 Lambini
863 1911 977 1942 bubus.-
1000 1912 1054 1941 alii
1078 1911 1149 1942 fere
1171 1921 1286 1942 omnes
1301 1911 1403 1941 hobus.
1448 1911 1585 1948 Forsan,
1609 1909 1663 1940 ubi
1684 1909 1791 1949 prima

365 1950 438 1991 syll.
454 1951 487 1982 in
502 1951 564 1982 liae
580 1961 661 1983 voce
678 1952 888 1992 producitur,
904 1953 1116 1984 scribendum
1133 1962 1194 1993 per
1209 1953 1327 1983 Crasin
1352 1952 1445 1983 bubus
1454 1962 1466 1989 ;
1489 1957 1618 1992 contra,
1642 1951 1699 1982 ubi
1718 1960 1791 1982 cor—

1007 2035 1038 2066 N
1044 2034 1146 2066 0¹1¹AE

365 2097 472 2129 dunt.’

406 2147 484 2178 Sine
497 2146 627 2186 fraude]
648 2146 804 2186 Impune,
823 2146 894 2178 sine
913 2156 1002 2178 noxa
1017 2151 1052 2178 et

364 2196 485 2226 damno
499 2196 550 2226 sui
566 2201 624 2227 ant
635 2206 782 2228 suorum.
826 2197 912 2228 Vide
924 2206 964 2228 11.
980 2197 1048 2228 Od.

365 2248 417 2276 19.
432 2247 485 2275 20.

405 2297 446 2324 43
470 2294 614 2324 Datur-us
630 2295 729 2326 Plura
741 2295 872 2336 relictis]
891 2295 947 2327 Sic
963 2296 1053 2326 enim

365 2343 455 2374 idem
475 2342 641 2383 Apollinis
664 2345 833 2374 oraculum
851 2346 1053 2383 promiserat

365 2401 427 2433 per
441 2393 533 2423 Deos
554 2392 715 2428 Penates,
737 2392 818 2424 ibid.
844 2393 974 2425 AEneid.
993 2403 1051 2425 in.

366 2447 445 2473 ante
461 2442 520 2473 cit.
536 2442 547 2459 ‘
561 2441 730 2473 Venturos
742 2442 897 2473 tollemus
911 2442 943 2472 in
959 2447 1052 2473 astra

365 2497 518 2533 nepotes,
530 2491 780 2531 Imperiumque
793 2491 867 2523 urbi
876 2491 1049 2523 dabimus:

366 2547 402 2571 tu
423 2541 546 2572 moenia
566 2540 692 2580 mgnis
715 2541 841 2581 Magna
863 2549 946 2580 para
971 2563 980 2572 .
994 2561 1003 2570 .
1019 2562 1028 2571 .
1043 2560 1052 2570 .

366 2591 428 2621 Est
454 2591 560 2630 locus,
586 2589 788 2629 Hesperiam
810 2589 906 2620 Graii
930 2599 1053 2630 cogno-

367 2640 454 2670 mine
480 2640 619 2673 dicunt:
640 2640 746 2670 Terra
765 2639 916 2680 antiqua,
933 2644 1058 2680 potens-

367 2689 467 2720 armis
497 2693 597 2730 atque
623 2688 727 2720 ubere
756 2688 890 2728 glebae!
934 2689 1055 2730 Itaque

366 2739 498 2778 AEneus,
513 2748 552 2769 eo
576 2747 736 2778 responso
757 2737 878 2775 fretus,
902 2738 1054 2778 Trojanis

367 2787 529 2819 militibus
558 2787 704 2828 spondet
729 2787 858 2827 majora
886 2787 919 2819 in
945 2787 1054 2828 Italia,

1105 2106 1202 2138 quam
1227 2106 1303 2137 quae
1326 2096 1360 2127 in
1382 2096 1514 2128 Troade
1536 2096 1741 2137 reliquerant
1756 2101 1792 2128 et

1107 2147 1296 2178 amiserant.

1147 2198 1188 2227 45
1212 2195 1258 2227 Di
1289 2195 1399 2235 probos
1427 2195 1540 2236 mores]
1568 2193 1657 2226 Vide
1691 2204 1791 2236 quam

1107 2249 1202 2276 recta
1228 2248 1264 2275 et
1285 2245 1380 2284 justa
1409 2249 1516 2284 petat.
1560 2243 1659 2277 Qwoo
1681 2249 1794 2276 autem

1105 2295 1262 2325 Romanae
1287 2293 1379 2333 genti
1406 2296 1564 2332 precatur
1587 2293 1704 2329 ‘rann'
1731 2303 1792 2333 seu

1104 2353 1199 2384 opes,
1213 2342 1364 2374 meminit
1379 2351 1436 2371 eas
1452 2350 1527 2371 esse
1544 2341 1637 2381 quasi
1652 2350 1793 2373 nervum

1105 2393 1334 2433 Reipublicae3
1350 2390 1437 2431 quod
1460 2391 1470 2407 ⁸
1484 2389 1636 2430 prolem,'
1653 2390 1790 2430 Imperii

1105 2442 1287 2482 populique
1331 2439 1577 2480 perennitatem
1614 2445 1756 2480 exoptat
1781 2451 1791 2480 3

1105 2491 1193 2531 qaod
1213 2494 1222 2508 ‘
1236 2489 1363 2528 decus,’
1379 2489 1412 2520 id
1439 2489 1610 2530 exprimit,
1631 2489 1719 2530 qnod
1734 2490 1792 2521 ha-

1105 2540 1163 2572 het
1184 2540 1254 2572 Cic.
1270 2548 1331 2580 pro
1347 2539 1421 2578 lege
1436 2538 1554 2570 Manil.
1570 2548 1602 2570 n.
1617 2541 1649 2570 7.
1671 2539 1793 2570 Roma-

1106 2599 1166 2620 nos
1190 2590 1201 2607 ‘
1215 2598 1348 2629 semper
1363 2592 1560 2628 appetentes
1576 2588 1692 2628 glou-im
1707 2597 1795 2628 pren-

1106 2643 1160 2670 ter
1174 2642 1315 2669 caeteras
1338 2641 1453 2676 gentes
1474 2640 1575 2677 atque
1594 2636 1708 2668 avidos
1723 2637 1791 2668 lau-

1105 2687 1157 2719 dis
1169 2687 1178 2701 ’
1194 2687 1360 2717 extitisse.

1148 2739 1190 2769 49
1215 2737 1336 2777 Quique
1349 2746 1401 2768 eos
1418 2735 1512 2767 bubus
1525 2739 1687 2768 veneratu·
1699 2737 1792 2776 albis]

1105 2787 1191 2819 Haec
1203 2786 1387 2827 peculiaria
1399 2789 1478 2817 sunt
1492 2794 1531 2817 ae
1545 2785 1712 2827 sigillatim
1729 2794 1792 2826 pro
