1904 3256
542 311 591 340 lN
628 309 836 340 nonnul
869 308 1099 341 SA'mRAs.
1453 300 1538 341 763

82 403 406 454 praetermiserim,
439 402 546 454 quod
566 402 615 440 ad
638 402 890 440 Grammatici
909 402 1080 440 officium
1099 401 1302 452 pertineat.
1358 402 1480 452 Spero
1498 402 1538 440 id

83 479 269 505 sensuros
289 479 377 504 esse
409 466 608 510 Lectores,
640 479 767 517 neque
792 466 875 516 jam
907 465 1028 503 ullam
1048 464 1334 516 supersuturam
1354 464 1394 502 in
1413 466 1539 504 verbis

84 529 238 568 Horatii
257 529 522 568 difficultatem
539 541 548 566 ε
571 535 612 566 at
630 530 670 566 in
689 529 792 567 hanc
810 542 943 567 curam
962 529 1156 579 praecipue
1175 528 1347 576 incubui,
1366 535 1411 566 ut
1429 541 1542 579 argu-

83 598 230 639 menta,
250 606 339 644 quae
359 598 514 637 tractat,
534 591 794 636 illustrarem
825 593 1032 639 rationum,
1050 605 1149 643 quas
1169 591 1340 641 adhibet,
1361 591 1542 630 solidita-

84 663 162 694 tem
197 655 467 706 indigitarem3
498 662 542 693 ut
570 655 791 706 expedirem
824 656 1009 695 circuitus
1039 662 1079 693 et
1111 656 1309 705 ambageS‚
1342 667 1410 706 per
1441 668 1540 706 quas

86 730 369 769 nonnunquam
389 718 536 757 incedit
556 719 606 756 ad
628 719 774 771 placita
793 733 865 758 sua
889 718 1172 765 confirmanda,
1202 725 1241 756 et
1269 717 1320 755 ad
1349 718 1543 756 contraria

84 781 307 828 refutanda,
340 781 403 820 vel
435 781 655 826 eludenda;
687 789 730 821 ut
759 783 960 821 veritatem
980 782 1238 820 assertionum
1255 781 1376 832 ipsius
1396 781 1544 819 stabili-

84 857 191 888 rem;
219 851 266 882 ut
297 844 487 882 vafritiem
518 845 616 896 ejus,
648 846 715 883 ubi
734 845 846 896 quasi
865 858 912 883 ex
933 845 1085 883 insidiis
1105 845 1200 896 agit,
1235 858 1323 895 quae
1344 845 1543 883 Lectorem

84 907 303 959 imperitum
318 907 433 945 facile
453 907 591 959 fugiat,
611 907 735 946 oculis
757 920 1016 958 exponerem:
1046 914 1092 945 ut
1120 907 1289 957 denique
1308 907 1349 944 in
1369 907 1543 958 apricum

84 971 296 1023 proferrem
323 970 530 1010 ridiculum
559 971 672 1018 illud,
704 971 811 1022 quod
830 972 870 1009 in
890 971 1069 1009 omnibus
1089 983 1187 1022 quas
1208 977 1410 1022 oppugnat
1427 971 1544 1008 rebus

86 1033 277 1073 adhibuit.
335 1034 436 1073 Haec
453 1040 544 1072 sunt
565 1047 654 1086 quae
674 1035 768 1073 fecit
788 1041 879 1073 ante
899 1049 960 1074 me
979 1047 1106 1073 nemo.
1163 1035 1265 1071 Nam
1285 1040 1328 1071 ut
1346 1040 1408 1071 est
1421 1031 1546 1071 HOra-

86 1097 164 1135 tius
184 1109 298 1136 verus
318 1096 499 1143 Proteus,
530 1110 635 1149 saepe
654 1097 800 1136 formas
819 1098 1022 1146 variando,
1053 1099 1290 1150 Interpretes
1320 1110 1411 1136 suos
1439 1109 1545 1149 saepe

87 1159 239 1210 effugit,
259 1160 326 1211 qui
348 1174 437 1199 cum
451 1161 579 1212 ipsum
593 1161 885 1212 deprehendere
898 1162 1118 1213 nequirent,
1135 1167 1338 1214 stupentes
1354 1161 1544 1207 fecerunt,

87 1221 194 1274 quod
223 1230 448 1274 potuerunt.
505 1225 722 1263 Affixerunt
755 1226 790 1263 ei
821 1238 1089 1277 saepenumero
1119 1238 1278 1264 sensum
1303 1237 1386 1263 non
1420 1224 1546 1263 solum

89 1284 298 1332 diversum,
333 1287 403 1325 sed
436 1288 551 1326 etiam
582 1287 803 1335 adversum,
836 1301 1029 1340 quemque
1059 1290 1143 1340 ipse
1174 1301 1221 1326 eo
1252 1287 1340 1326 loco
1372 1287 1548 1326 refellere

87 1349 223 1389 voluit.
280 1350 369 1388 Non
390 1350 496 1401 quod
514 1363 590 1401 ego
609 1351 817 1401 quicquam
831 1351 1050 1396 detractum
1070 1352 1124 1388 eis
1144 1351 1273 1397 velim,
1288 1350 1355 1400 qui
1374 1357 1465 1388 ante
1483 1363 1546 1388 me

90 1411 254 1450 Horatio
289 1412 523 1450 illustrando
555 1413 729 1451 laborem
761 1426 876 1451 suum
909 1413 1158 1451 contulerunt
1175 1426 1186 1450 ι
1226 1412 1348 1450 laudo
1380 1420 1546 1451 conatus

86 1472 252 1520 illorum,
273 1473 329 1511 illi
347 1473 442 1512 mihi
460 1475 562 1512 viam
585 1481 832 1524 aperuerunt.
888 1475 929 1514 Si
947 1487 1026 1526 qua
1043 1474 1082 1512 in
1102 1487 1142 1513 re
1158 1487 1232 1525 ego
1249 1474 1338 1512 illos
1354 1475 1545 1526 superavi,

87 1548 201 1575 omne
218 1535 316 1574 illud
337 1544 542 1588 acceptum
561 1538 686 1576 refero
706 1538 861 1589 magnis
880 1538 967 1577 istis
987 1551 1035 1576 ex
1055 1537 1288 1589 antiquitate
1310 1538 1416 1585 viris,
1445 1550 1546 1590 quos

87 1598 230 1650 majore
243 1607 334 1638 cum
350 1612 456 1646 cura,
470 1601 614 1651 majore
628 1609 733 1639 certe
748 1602 843 1648 otio,
856 1600 949 1653 legi,
970 1602 1182 1639 Homerum
1202 1601 1305 1648 dico,
1324 1601 1546 1648 Platonem,

88 1662 354 1711 Aristotelem,
381 1663 559 1716 aliosque
592 1671 673 1703 tam
701 1664 878 1712 Graecos,
907 1677 1026 1715 quam
1056 1664 1230 1710 Latinos,
1259 1676 1359 1714 quos
1389 1663 1547 1702 assidue

87 1731 183 1773 tero,
214 1732 260 1765 ut
288 1727 340 1766 ad
371 1739 506 1765 eorum
537 1733 698 1779 gustum
729 1729 933 1767 reformem
963 1740 1107 1774 meum,
1134 1738 1345 1777 eorumque
1373 1726 1546 1764 fontibus

88 1788 241 1840 Ingenii
255 1795 296 1828 et
309 1790 456 1830 ,Iudicii
475 1791 552 1830 mei
571 1791 748 1831 hortulos
767 1792 938 1843 irrigem.

95 1863 97 1865 ·
143 1852 235 1890 Non
267 1852 426 1902 desunt,
455 1854 552 1901 scio,
584 1854 644 1894 his
672 1855 911 1906 temporibus
941 1855 1008 1905 qui
1028 1865 1174 1905 magna
1192 1852 1259 1891 illa
1278 1851 1449 1891 Nomina
1466 1851 1546 1890 risu

89 1915 304 1968 excipiunt,
332 1917 398 1970 qui
426 1917 642 1957 reclamant
661 1917 857 1965 laudibus,
881 1917 1023 1968 quibus
1043 1928 1113 1967 per
1132 1915 1263 1954 omnia
1281 1915 1428 1954 soecula
1445 1913 1548 1952 cele-

89 1977 190 2017 brati
203 1980 412 2031 ornatique
432 1987 537 2027 sunt,
572 1981 715 2032 quique
734 1981 823 2020 illos
844 1980 1014 2032 spoliare
1039 1979 1162 2018 velint
1179 1979 1225 2016 iis
1246 1978 1416 2025 coronis,
1446 1990 1547 2030 quas

92 2046 203 2080 tanto
228 2054 298 2081 suo
316 2043 453 2082 merito
473 2045 520 2082 de
539 2045 813 2083 Tribunalibus
841 2044 941 2083 adeo
972 2043 1150 2095 augustis
1181 2048 1439 2093 reportarunt.
1495 2041 1549 2079 At

92 2106 148 2152 hi,
167 2104 261 2143 dum
278 2106 398 2144 nimio
416 2107 628 2145 efferuntur
648 2107 778 2145 studio
790 2120 876 2146 eam
892 2107 1092 2146 devitandi
1106 2106 1416 2152 admirationem,
1435 2104 1547 2155 cujus

93 2174 219 2207 mater
244 2175 306 2207 est
334 2170 567 2220 ignorantia,
597 2170 864 2223 imprudentes
878 2171 1095 2210 discedunt
1114 2170 1163 2208 ab
1185 2169 1306 2208 altera
1324 2169 1406 2215 illa,
1430 2181 1549 2220 quam

93 2231 210 2270 Plato
228 2239 430 2284 nuncupat
457 2237 468 2255 ⁶
483 2240 646 2272 matrem
666 2234 894 2286 sapientiae,’
923 2247 1090 2286 quaeque
1117 2234 1243 2284 prima
1268 2232 1405 2271 oculos
1422 2231 1550 2270 homi-

93 2294 209 2333 nibus
228 2295 390 2346 aperuit.
447 2296 611 2335 Minime
635 2296 752 2334 miror
776 2295 1103 2348 pulchritudinem
1123 2296 1229 2335 illam
1247 2296 1431 2343 divinam,
1459 2308 1548 2346 quae

94 2357 200 2410 apud
227 2357 446 2409 Scriptores
481 2359 599 2411 longe
629 2360 979 2412 praestantissimos
999 2359 1141 2406 elucet,
1161 2359 1257 2398 istos
1272 2359 1450 2398 homines
1469 2369 1549 2396 non

94 2432 248 2472 capere,
277 2434 405 2472 neque
425 2422 602 2463 trahere:
632 2436 771 2478 nempe
800 2424 1030 2463 infirmiores
1056 2430 1161 2470 sunt,
1194 2435 1312 2474 quam
1342 2428 1388 2459 ut
1414 2420 1549 2459 oeulos

96 2483 214 2522 tantis
243 2484 516 2536 splendoribus
536 2486 708 2525 intentos
728 2487 795 2525 diu
815 2494 947 2526 tenere
965 2494 1138 2538 queant:
1168 2498 1217 2523 ne
1247 2485 1375 2522 dicam
1393 2482 1548 2520 facilem

97 2555 185 2583 esne
201 2557 281 2585 rem
299 2547 492 2599 Antiquos
513 2555 776 2597 contemnere,
797 2550 1034 2588 laboriosam
1050 2561 1142 2587 vero
1156 2546 1389 2596 intelligere.

153 2606 268 2650 Quod
284 2609 336 2647 ad
354 2623 416 2648 me
436 2612 588 2659 attinet,
611 2613 776 2651 Divinos
794 2611 884 2649 illos
900 2611 1017 2648 Viros
1033 2622 1083 2647 ex
1102 2609 1232 2646 animo
1251 2613 1358 2645 totus
1379 2605 1549 2646 admiror

99 2678 348 2720 venerorque.
402 2673 481 2712 Eos
501 2675 592 2713 mihi
613 2688 766 2727 semper
796 2675 846 2712 ob
879 2673 1013 2712 oculos
1042 2683 1161 2724 pono,
1180 2669 1286 2710 velut
1304 2669 1465 2710 Judices
1487 2683 1551 2709 ve-

99 2729 243 2768 rendos
266 2737 308 2769 et
336 2733 594 2787 incorruptos,
627 2738 732 2790 apud
763 2750 862 2789 quos
890 2736 1056 2780 libenter
1073 2735 1179 2786 fingo
1199 2732 1439 2772 reddendam
1457 2732 1549 2771 mihi

101 2805 188 2831 esse
205 2793 433 2844 scriptorum
451 2811 623 2840 meorum
644 2802 847 2841 rationem.

154 2854 304 2907 Magna
334 2856 485 2897 interim
504 2859 625 2900 ducor
642 2863 889 2903 Posteritatis
909 2857 1153 2903 reverentia:
1180 2858 1350 2900 timidior
1369 2871 1486 2910 quam
1504 2858 1550 2896 fi-
