1890 3256
339 259 449 301 1138

807 272 849 308 Q.
882 269 1085 299 nolimu
1120 268 1290 298 rnAccl
1343 270 1348 274 ·

339 362 423 402 Sed
446 373 584 414 neque
604 362 679 414 qui
699 360 852 414 Capua
874 360 1054 400 Romam
1077 360 1198 412 petit,
1219 360 1350 400 imbre
1368 359 1546 413 lutoque

336 426 572 480 Aspersus,
594 427 708 468 volet
726 427 768 466 in
789 437 990 478 caupona
1011 426 1180 475 vivere;
1210 438 1286 466 nec
1307 426 1383 478 qui

338 493 490 545 Frigus
511 493 691 544 collegit,
711 492 859 532 furnos
881 494 922 530 et
942 491 1097 531 balnea
1115 491 1275 539 laudat,

338 559 399 599 Ut
416 558 676 599 fortunatam
696 558 823 610 plene
844 557 1098 610 praestantia
1119 557 1276 607 vitam3

337 623 446 672 Nec,
469 624 505 663 si
527 628 570 663 te
593 623 762 663 validus
775 623 1013 675 jactaverit
1033 621 1192 663 Auster
1209 623 1252 662 in
1274 622 1376 670 alto,

1697 623 1753 667 15

336 689 504 728 Idcirco
524 701 679 728 navem
701 693 820 728 trans
843 688 1044 739 AEgaeum
1065 699 1181 728 mare
1200 687 1382 728 vendas.

276 768 278 770 ·
336 752 550 793 Incolumi
571 753 756 793 Rhodos
777 757 821 793 et
843 753 1050 805 Mitylene
1070 752 1250 804 pulchra
1266 751 1390 800 facit,
1412 751 1530 804 quod

335 818 516 859 Paenula
537 818 737 866 solstitio,
759 822 1000 870 campestre
1019 817 1239 857 nivalibus
1259 816 1390 865 auris,

333 953 380 984 Ae
393 963 447 985 nec
460 954 513 995 qui
530 956 634 995 Capua
651 954 777 985 Romam
798 955 913 994 pergit,
932 956 1036 994 pluvia
1057 957 1087 985 et
1109 963 1191 984 coeno
1213 957 1440 993 conspurcatus,
1452 953 1567 985 niorari
1584 962 1701 994 semper
1718 953 1754 984 ιἰι

332 1003 467 1035 caupona
479 997 566 1031 velit,
579 1006 635 1027 nec
647 996 700 1035 qui
713 997 872 1026 contraxit
884 996 1009 1034 frigus,
1024 996 1129 1026 laudat
1140 995 1257 1032 sur-nos
1271 998 1300 1024 ee
1315 995 1420 1025 balnea
1431 997 1575 1034 tanquam
1585 995 1754 1033 meantia

334 1035 429 1066 eitam
443 1037 562 1068 omnino
575 1037 711 1074 felicem.
756 1038 863 1076 Neque
878 1037 905 1066 si
919 1039 949 1067 te
963 1037 1118 1067 vehemens
1133 1035 1249 1066 Auster
1267 1035 1476 1074 exagitaverit
1495 1037 1528 1065 in
1543 1039 1648 1075 apem
1661 1035 1755 1074 κισ-ἰ,-

332 1076 399 1107 ideo
413 1079 526 1108 vendas
540 1079 641 1109 navim
655 1079 737 1108 ultra
751 1087 837 1108 mare
851 1079 1004 1116 AEgoeum.
1041 1078 1133 1108 Certe
1146 1077 1296 1107 hominem
1309 1086 1393 1107 sane
1411 1076 1523 1107 mentis
1539 1086 1601 1107 uon
1616 1077 1686 1116 pius
1697 1076 1754 1114 ju-

331 1121 384 1148 vat
399 1119 527 1151 Rhodus
540 1123 571 1151 et
585 1121 672 1151 clara
686 1119 849 1159 Mitylene,
862 1128 951 1159 quam
964 1120 1087 1150 lacerna
1100 1117 1136 1150 in
1149 1118 1292 1150 Solstitio
1306 1117 1423 1157 oestivo,
1443 1121 1608 1157 campestre
1626 1120 1754 1158 tempes-

932 1209 1166 1222 OOOOOOONJOO

331 1277 414 1306 -15
439 1274 505 1306 Nee
529 1278 560 1306 ee
584 1275 613 1305 εἰ
629 1275 725 1305 Vatt.
745 1277 771 1304 1.
785 1277 817 1306 9.
839 1277 877 1304 ut
891 1274 999 1305 edidit
1014 1274 1244 1314 Cuning.-—16
1268 1273 1387 1304 Idcirco
1401 1273 1506 1304 navim
1523 1271 1756 1303 Schoenburn.

333 1319 363 1348 3.
410 1316 436 1347 Ι.
451 1319 538 1347 trans
551 1317 604 1347 AE.
619 1325 725 1347 navem
740 1316 916 1348 Barberin.
932 1318 963 1348 2.
983 1317 1095 1347 vendes
1109 1316 1188 1347 Vnt.
1205 1318 1235 1346 1.
1250 1325 1270 1346 a
1284 1325 1326 1346 m.
1352 1317 1489 1355 pr.—-18
1511 1314 1592 1346 Vat.
1609 1313 1704 1346 Rom.
1719 1315 1753 1344 9.

980 1401 1120 1433 NOTAE

375 1477 412 1506 11
438 1467 499 1506 Sed
521 1483 614 1514 neque
633 1475 686 1514 qui
710 1475 787 1514 Cup.
809 1473 878 1513 Bm]
900 1473 964 1504 Vel
979 1483 1016 1505 se

333 1523 406 1563 ipse
416 1522 522 1553 Poeta
540 1523 688 1562 corrigit,
703 1523 756 1552 vel
769 1522 951 1553 Bullatium
964 1530 1016 1552 re-

330 1571 418 1603 fellit
432 1571 650 1602 similitudine
666 1572 879 1612 conglobata.
914 1571 1017 1604 Quasi

331 1621 439 1651 viator
461 1619 495 1650 in
519 1629 672 1659 caupona
699 1628 834 1660 semper
854 1618 1018 1651 diversari

330 1670 412 1700 velit
425 1668 481 1709 qui
495 1669 599 1699 lutum
616 1667 737 1699 itinere
753 1669 932 1699 collectum
948 1667 1019 1699 illic

331 1717 539 1755 absterserit,
555 1716 772 1756 madidasque
789 1717 894 1748 imbre
910 1721 1018 1748 vestes

331 1766 571 1805 exsiccaverit3
592 1771 692 1806 atque
716 1766 868 1797 imbrium
889 1766 1017 1807 latique

330 1815 407 1846 odio
423 1815 508 1845 viam
526 1824 565 1845 ac
581 1814 723 1854 patriam
739 1815 822 1845 nolit
837 1818 1004 1854 repetere.

375 1862 495 1901 Capua]
543 1862 591 1891 De
621 1862 683 1892 hae
713 1862 795 1892 urbe
825 1862 1017 1901 Campaniae

331 1909 513 1950 pra’cipua,
530 1909 639 1947 Epod.
655 1917 730 1939 xvx.
745 1913 780 1938 et
795 1917 820 1939 1.
833 1909 906 1939 Sat.
921 1912 953 1939 5.

375 1958 504 1988 Romam
520 1955 613 1995 petit]
634 1956 748 1994 Longo
764 1956 896 1986 itinere.

375 2007 413 2035 13
436 2004 556 2035 Furnos
577 2006 607 2034 et
627 2003 731 2035 balnea
751 2003 872 2043 laudat]
896 2003 1014 2034 Calida

330 2063 451 2095 nempe
465 2054 549 2085 loca.

374 2107 412 2134 15
442 2102 571 2142 Auster]
619 2102 751 2132 Ventus
788 2101 1014 2132 meridionalis

332 2151 461 2191 pluvius
478 2149 655 2181 admodum
675 2154 709 2180 et
731 2150 948 2190 procellosus.
970 2159 1012 2181 ιι.

334 2199 401 2230 Od.
420 2202 471 2230 14.

374 2251 414 2279 16
442 2248 562 2279 Idcirco
591 2257 697 2278 narem
724 2251 811 2278 trans
838 2249 915 2287 AEg.
944 2247 1015 2288 ξω]

331 2298 435 2328 Velut
451 2306 618 2337 nunquam
634 2296 802 2327 rediturus
817 2297 850 2327 in
863 2297 1018 2337 patriam.

333 2347 438 2377 satius
453 2345 579 2377 ducens
596 2346 628 2375 in
644 2346 781 2386 regione
797 2346 1019 2377 transmarina

332 2395 434 2425 vitam
462 2394 574 2432 finire,
595 2402 690 2434 quam
722 2394 943 2434 navigationis
969 2394 1018 2425 in-

332 2442 507 2474 commoda
531 2446 566 2473 et
590 2442 743 2481 pericula
768 2442 889 2473 iterum
914 2451 1018 2483 expe-

333 2501 405 2522 riri.

374 2541 516 2579 AEgoeum
528 2539 626 2580 mare]
651 2539 730 2570 Vid.
744 2549 783 2570 ιι.
801 2540 867 2573 Od.
882 2543 934 2572 16.

375 2591 414 2620 17
437 2589 588 2619 Incolumi
615 2589 752 2628 Rhodos,
770 2588 841 2629 Sym]
874 2589 935 2619 Vir
965 2597 1014 2620 sa-

333 2636 426 2676 piens
452 2637 494 2667 ad
522 2637 654 2668 beatam
683 2637 786 2668 vitam
814 2646 878 2668 non
907 2638 1014 2678 magis

333 2687 464 2726 expetit
494 2687 647 2718 Rhodum
677 2687 800 2718 aliasve
828 2687 927 2718 urbes
954 2686 1013 2718 flo-

333 2735 551 2774 rentissimas,
574 2746 672 2776 quam
695 2737 856 2777 paenulam
879 2740 1010 2775 aestate,

1068 1476 1132 1505 &c-
1175 1474 1239 1504 Vel
1249 1482 1365 1504 sensus
1377 1477 1450 1504 est:
1477 1471 1754 1512 Quamvisjaeta-

1069 1527 1122 1553 tus
1133 1522 1178 1553 sis
1192 1523 1316 1554 Austro
1332 1526 1368 1553 et
1382 1521 1654 1561 tempestatibus,
1669 1524 1755 1552 atta-

1044 1579 1051 1587 ·’
1069 1579 1143 1602 rnen
1165 1571 1275 1602 salvus
1299 1570 1461 1601 evasisti:
1491 1578 1554 1600 nee
1577 1573 1611 1600 te
1631 1567 1755 1599 morari

1069 1619 1172 1650 debet
1186 1619 1384 1650 incolumem
1400 1617 1548 1656 Rhodus,
1561 1618 1626 1647 ὅτε.
1661 1615 1754 1656 Ergo

1068 1668 1208 1699 Romam
1232 1668 1303 1699 redi
1326 1666 1580 1709 quamprimum,
1597 1665 1676 1696 dnm
1699 1672 1755 1696 vn-

1071 1718 1139 1757 les3
1161 1717 1217 1748 ubi
1234 1717 1322 1757 apud
1345 1726 1404 1748 nos
1420 1716 1532 1756 jactes
1553 1718 1590 1746 et
1611 1712 1752 1745 extollas

1071 1766 1178 1797 Rhodi
1199 1764 1481 1806 pulchritudinem
1502 1773 1541 1794 ac
1565 1763 1755 1802 Mitylenae,

1069 1816 1203 1846 Samum
1220 1815 1322 1845 etiam
1339 1818 1375 1845 et
1389 1814 1521 1851 Chium,
1533 1813 1596 1841 &m

1112 1864 1234 1893 Rhodos
1248 1860 1414 1902 Mitylene]
1433 1860 1557 1890 Insulae
1569 1859 1669 1890 rebus
1683 1868 1753 1890 om-

1069 1910 1165 1940 nibns
1182 1909 1311 1940 felices.
1333 1908 1421 1938 Vide
1436 1916 1462 1938 1.
1477 1907 1545 1938 Od.
1558 1909 1592 1938 7.

1110 1960 1150 1988 18
1173 1957 1303 1987 Poenula
1329 1955 1476 1995 sommo]
1502 1955 1646 1987 Panium
1671 1955 1752 1987 den-

1066 2014 1139 2036 sum
1161 2005 1318 2036 adversus
1344 2004 1467 2036 imbres
1489 2008 1524 2035 et
1545 2003 1664 2044 frigus,
1685 2003 1751 2035 fer-

1066 2058 1166 2085 vente
1181 2058 1276 2089 oestu,
1287 2054 1309 2086 J
1313 2053 1390 2084 unio
1402 2062 1537 2092 mense;
1558 2052 1592 2083 in
1607 2053 1753 2092 solstitio

1067 2102 1197 2139 aestivo,
1219 2111 1294 2133 cum
1317 2101 1367 2132 sol
1389 2102 1478 2132 ultra
1500 2110 1564 2132 non
1581 2101 1752 2142 progredi-

1067 2155 1132 2182 tur.
1155 2151 1306 2182 Macrob.
1317 2150 1429 2181 Somn.
1440 2150 1533 2190 Scip.
1546 2158 1586 2181 n.
1597 2153 1627 2182 7.
1643 2150 1752 2181 ‘Con—

1065 2203 1132 2230 stat
1156 2200 1258 2230 solem
1279 2208 1389 2240 neque
1412 2208 1539 2230 sursum
1563 2200 1653 2230 ultre
1665 2199 1753 2242 Can·

1066 2258 1173 2288 crum,
1182 2257 1288 2288 neque
1301 2249 1389 2278 ultra
1402 2248 1641 2288 Capricornum
1653 2247 1750 2279 deor-

1067 2307 1139 2332 sum
1155 2305 1286 2328 meare:
1310 2296 1368 2326 sed
1386 2305 1460 2326 cum
1477 2295 1518 2326 ad
1533 2296 1749 2335 Tropicornm

1067 2345 1210 2378 confinia
1224 2343 1426 2384 pervenerit,
1439 2353 1517 2374 mox
1533 2345 1674 2376 reverti:
1689 2353 1749 2376 un-

1066 2395 1108 2425 de
1135 2398 1170 2425 et
1200 2392 1343 2424 solstitia
1373 2397 1547 2423 vocantur.
1598 2393 1642 2423 Et
1672 2393 1750 2433 qui·

1067 2443 1203 2474 aestivus
1219 2440 1378 2480 Tropieus
1405 2444 1602 2480 temperate
1624 2445 1748 2473 nostrie

1066 2492 1226 2523 terminus
1242 2495 1304 2529 est,
1319 2489 1394 2520 ideo
1409 2498 1486 2520 cum
1501 2490 1552 2520 sol
1573 2489 1617 2520 ed
1637 2490 1748 2530 ipsum

1066 2540 1164 2572 finem
1179 2539 1322 2576 venerit,
1335 2537 1417 2570 facit
1432 2539 1528 2570 nobis
1543 2539 1679 2570 oestivos
1693 2548 1748 2573 esf

1066 2591 1166 2629 lares,
1180 2587 1223 2618 de
1245 2587 1354 2618 vicino
1376 2596 1476 2619 urens
1500 2595 1600 2619 seusu
1620 2588 1748 2628 meiere

1067 2636 1243 2678 subjecta!

1109 2685 1299 2726 Campestre]
1318 2685 1566 2726 Subligaenlum
1582 2685 1682 2727 aliqui
1698 2685 1746 2717 iu-

1065 2739 1316 2776 tei-prematur:
1337 2735 1394 2767 alii
1407 2736 1592 2768 tenuiorem
1607 2739 1748 2775 vestem,
