1930 3242
326 266 412 307 888
795 279 839 315 ρ.
872 275 1076 306 HORA'PH
1113 274 1283 303 nacor

331 370 343 389 ‘
366 368 494 408 Hunc
515 381 651 421 neque
671 369 764 408 dira
786 379 950 408 venena
969 378 1045 406 nec
1066 366 1255 406 hosticus
1276 366 1442 408 auferet
1459 368 1575 408 ensis
1592 380 1603 418 ;

332 435 376 475 N
380 446 430 474 ec
448 435 631 474 laterum
649 433 782 480 dolor,
803 438 880 472 aut
900 433 1045 480 tussis,
1065 444 1148 472 nec
1168 432 1294 473 tarda
1314 433 1530 486 podagra3

331 499 540 540 Garrulus
560 498 673 537 hunc
693 497 870 549 quando
889 501 1110 537 consumet
1129 509 1312 551 cumque
1329 511 1340 539 ε
1369 499 1595 551 loquaceS,

330 610 394 639 tuln
403 610 565 648 praesagiit
574 612 718 639 commota
729 618 806 639 urna
821 609 973 640 divinans.
1018 610 1129 648 Istmn,
1142 610 1254 650 aiebat,
1270 620 1323 642 nec
1337 620 1417 642 saeca
1433 610 1548 647 toxica,
1560 619 1613 640 nec
1623 609 1748 648 gladium

330 651 449 682 hostilis
464 650 627 689 interimet,
640 660 694 680 nec
709 652 838 682 laterum
852 651 949 691 dolor,
964 651 1010 682 vel
1024 651 1129 691 tussis,
1144 661 1197 683 nec
1216 651 1297 683 iners
1307 654 1463 692 podagra:
1486 652 1600 682 occidet
1615 660 1686 682 vero
1701 651 1743 682 to-

923 743 1020 756 oeteo
1023 732 1157 755 eeeeeee

326 806 424 847 jubet
441 806 513 845 ipse
524 806 638 837 Deus:
664 806 711 838 sic
723 816 838 847 magna
854 807 1037 847 sacerdos,’
1051 810 1114 840 διο.
1158 808 1226 840 Sed
1242 809 1292 840 vel
1309 809 1370 840 lroc
1386 814 1486 849 pacto
1499 809 1604 840 haeret
1619 807 1750 839 sordet-

333 856 397 887 que
413 852 482 878 tota
497 847 603 878 oratio
620 858 628 878 τ
654 848 733 888 quid
749 849 836 880 enim
851 849 916 880 illis
933 849 1050 889 facias,
1063 854 1145 881 mom
1158 860 1236 881 anus
1248 859 1326 881 urna
1340 851 1466 882 divina?
1480 859 1520 881 an
1537 850 1593 922 ip
1608 849 1650 880 ab
1667 858 1749 880 urna

330 889 364 919 in
380 887 524 919 furorem
538 893 614 920 acta
627 890 702 921 est?
745 891 807 922 Vel
823 891 903 922 illud
919 892 968 922 vis
984 892 1107 932 potius,
1121 897 1210 923 mota
1225 901 1306 923 anus
1320 892 1428 923 cecinit
1450 901 1528 923 urna
1569 891 1664 926 anina,
1678 890 1749 921 sive

330 939 369 959 ex
383 933 478 960 urna?
495 938 535 960 an
551 931 607 961 illa
623 931 656 962 in
673 941 787 963 urnam
803 934 980 973 repserat?
998 933 1098 974 adde,
1113 934 1201 974 quod
1219 933 1289 964 siue
1302 933 1540 974 proepositioue
1554 933 1628 974 ipsa
1642 932 1750 963 dictio

331 975 383 1001 est
397 971 574 1011 utrobique
590 973 721 1005 vitiosa.
758 974 871 1006 Quare
887 975 979 1012 nihil,
996 975 1127 1016 opinor,
1143 975 1259 1006 melius
1276 979 1326 1006 est
1342 975 1503 1010 veriusve,
1517 983 1616 1015 quam
1630 978 1667 1004 ut
1682 972 1749 1004 duo

331 1013 494 1043 vocabula
518 1013 626 1044 locum
648 1015 737 1046 inter
762 1025 797 1046 se
824 1020 1026 1055 permutent,
1048 1017 1133 1046 hunc
1158 1017 1192 1046 in
1216 1016 1371 1047 modurn:
1394 1025 1520 1056 namque
1535 1016 1631 1046 instat
1643 1015 1749 1052 satum

329 1054 406 1084 milri
421 1054 523 1093 triste,
537 1055 659 1087 Sabella
674 1057 763 1091 Quod
776 1067 869 1097 puero
883 1058 995 1088 cecinit
1009 1061 1090 1088 mota
1104 1058 1210 1088 divina
1229 1067 1307 1088 anus
1320 1066 1418 1088 urna.-
1441 1058 1502 1087 boc
1522 1062 1596 1095 est3
1618 1057 1750 1095 Fatum,

331 1096 418 1135 quod
431 1096 563 1128 Sabella
577 1106 670 1133 anus,
686 1097 800 1129 divina
814 1099 885 1129 sive
900 1099 1073 1138 sortilega,
1087 1098 1165 1129 mihi
1181 1107 1286 1138 puero
1301 1098 1435 1134 cecinit,
1450 1102 1623 1140 postquam
1635 1105 1751 1128 urnam

331 1143 494 1168 moverat.
537 1139 628 1169 Urna
641 1139 728 1170 enim
744 1144 844 1179 mota,
858 1145 965 1171 sortes
979 1140 1204 1180 ejiciebantur
1216 1150 1225 1178 ;
1243 1139 1330 1170 uude
1340 1140 1472 1171 Seneca
1482 1138 1606 1170 Troad.
1619 1147 1666 1168 vs.
1676 1139 1751 1168 974.

331 1178 425 1218 Virg.
443 1180 515 1210 AEn.
531 1189 580 1212 vr.
595 1183 671 1212 432.
694 1181 813 1213 Claud.
830 1190 870 1214 ιι.
885 1183 988 1222 Rapt.
1013 1182 1108 1213 Pros.
1125 1184 1199 1213 332.
1222 1181 1348 1213 Noster
1362 1190 1417 1212 ιιι.
1434 1179 1502 1213 Od.
1518 1183 1548 1212 1.
1565 1178 1628 1212 16!
1643 1178 1753 1210 Benael.

974 1254 1115 1286 NOTAE

332 1312 470 1343 eliciens
500 1317 535 1344 et
564 1313 677 1346 firtura
706 1315 905 1355 praedicens.
950 1316 1020 1347 Ista
1073 1317 1177 1348 utitur
1192 1317 1357 1349 sortibus?
1384 1317 1516 1348 Ceteris
1531 1324 1610 1347 vero
1625 1315 1658 1346 in
1674 1314 1755 1345 locis

334 1361 505 1392 divinandi
521 1363 607 1393 ratio
621 1364 725 1402 viguit
739 1369 807 1395 tum
822 1364 911 1404 apud
923 1365 1020 1396 Grae-
1070 1370 1176 1395 sortes
1198 1366 1295 1404 plane
1317 1363 1546 1395 refrixerunt!
1590 1363 1675 1394 Haec
1697 1362 1754 1393 ille

334 1420 403 1450 cos,
419 1415 487 1441 tum
505 1411 593 1450 apud
612 1411 795 1443 Romanos.
838 1413 892 1443 Sic
907 1418 1018 1443 autem

335 1459 573 1500 peragebatur.
597 1460 819 1492 Habebautur
829 1461 936 1492 literae
948 1460 1018 1492 die-

334 1509 509 1549 tionesque
531 1510 727 1549 permultae:
751 1518 826 1551 quae
843 1511 1017 1550 perruixtae

334 1551 369 1587 in
384 1566 477 1596 urna,
491 1561 528 1588 et
543 1567 619 1589 mox
635 1558 767 1589 eductae
783 1559 834 1589 vel
850 1558 977 1595 effusae,
991 1559 1019 1589 si

336 1607 415 1647 quid
432 1608 658 1646 exprimerent
681 1618 760 1640 casu
778 1614 814 1640 et
835 1608 922 1640 forte
941 1618 1020 1640 con-

332 1655 476 1695 jun'ctae,
491 1656 524 1686 id
549 1665 621 1687 esse
644 1657 676 1687 in
699 1656 778 1688 fatis
800 1666 839 1688 ac
859 1657 1020 1688 divinitus

336 1704 588 1744 praemonstrari
616 1705 830 1738 credebatur.
875 1706 1022 1743 ‘Sor-tes,

338 1753 470 1784 taleolae
487 1758 544 1784 aut
559 1755 682 1786 surculi
703 1764 722 1786 e
740 1755 831 1796 ligno
847 1754 940 1787 fuere
955 1766 1022 1787 non

337 1801 501 1841 grandes:
527 1803 647 1843 quibus
673 1804 781 1835 literae
804 1804 846 1836 ad
874 1806 1021 1836 divinan-

337 1850 416 1881 dum
432 1850 622 1890 insculptae,
642 1852 712 1883 sive
730 1857 830 1884 notae.
873 1854 932 1884 1⁴:ae
955 1854 1022 1894 pri-

338 1898 442 1930 vatim
457 1899 581 1930 habitae
595 1909 604 1937 ;
627 1909 675 1930 eae
690 1901 832 1940 publice.
867 1902 933 1932 Sed
947 1911 1021 1942 quae

339 1948 375 1978 in
406 1947 553 1987 publico,
577 1948 609 1978 in
638 1949 750 1988 primis
779 1949 956 1990 religiosae,
986 1954 1022 1981 et

339 2005 423 2027 cana
438 1995 580 2036 quadam
594 1997 738 2027 veritate
755 2006 873 2038 sacrae,
887 1998 920 2029 in
939 2004 1021 2030 tem·

338 2046 403 2086 plis
427 2045 647 2077 servabantur
667 2046 699 2077 iu
720 2057 801 2079 arca
821 2048 1020 2089 reconditae,

337 2094 445 2125 taeniis
460 2094 621 2136 vittisque
645 2095 749 2126 laneis
769 2105 915 2128 seorsum
931 2097 1022 2128 invo-

337 2142 443 2174 lutae!
490 2143 574 2175 Haec
599 2144 633 2176 J.
660 2145 749 2185 Lips.
779 2146 885 2178 Elect.
906 2156 947 2179 11.
971 2150 1022 2179 12.

339 2192 398 2224 ubi
413 2193 422 2210 ‘
435 2197 626 2224 attenuatas
638 2193 646 2206 ’
668 2199 788 2234 sponte
811 2201 918 2227 sortes
934 2197 1024 2237 apud

341 2242 414 2274 Liv.
433 2252 511 2275 mox
532 2243 658 2275 citand.
684 2244 855 2285 ingeniose
876 2246 1027 2287 corrigit,

340 2292 350 2309 ‘
368 2291 595 2328 extaeniatas,’
615 2292 648 2323 id
663 2299 727 2332 est,
743 2294 850 2326 taeniis
867 2296 1028 2337 vittisque

343 2342 480 2372 solutas.
525 2341 640 2372 Sortes
667 2342 843 2374 Praeneste
875 2344 1028 2376 inventas

344 2389 449 2421 refert
469 2390 588 2422 Cicero
604 2390 645 2422 de
660 2391 774 2423 Divin.
791 2401 830 2424 11.
845 2401 878 2424 n.
894 2396 946 2425 85.
970 2394 1028 2424 ubi

343 2439 506 2479 originem
522 2448 635 2469 earum
652 2439 781 2480 pariter
793 2450 832 2472 ac
847 2441 1029 2473 vanitatem

344 2489 486 2520 excutit.
539 2488 641 2519 ‘Hoc
678 2486 782 2528 genus
801 2490 1029 2523 ,divinationis

344 2537 413 2567 vita
434 2537 505 2577 jam
535 2537 716 2568 communis
747 2538 900 2578 explosit.
947 2539 1031 2571 Fani

345 2585 557 2625 pulchritudo
573 2590 608 2617 et
630 2590 779 2617 vetustas
805 2587 1030 2620 Praenestina·

346 2643 419 2664 rum
433 2635 532 2665 etiam
547 2644 636 2666 nunc
657 2636 796 2667 sortium
811 2646 933 2668 nomen
951 2638 1031 2669 reti·

347 2686 417 2721 net,
434 2687 536 2723 atque
558 2684 592 2715 id
608 2685 641 2715 in
659 2686 787 2725 vulgus.
832 2686 915 2720 Quis
941 2687 1029 2718 enim

347 2731 572 2773 magistratus,
603 2738 661 2766 aut
690 2735 764 2775 quis
793 2735 841 2766 vir
868 2735 1029 2767 illustrior

1069 1413 1214 1446 ibidem:
1236 1419 1271 1444 et
1287 1414 1386 1452 paulo
1400 1418 1476 1444 ante
1490 1423 1498 1442 :
1529 1413 1539 1429 ⁴
1554 1411 1642 1443 Quid
1658 1411 1754 1442 sors?

1069 1461 1165 1493 Idem
1175 1461 1414 1502 propemodum
1424 1459 1512 1501 quod
1522 1458 1753 1500 micare,quod

1071 1511 1154 1542 talos
1173 1511 1304 1551 jacere,
1324 1509 1411 1551 quod
1430 1516 1583 1541 tesseras.
1625 1507 1756 1542 Quibus

1074 1561 1244 1592 temeritas
1260 1565 1294 1590 et
1310 1568 1419 1597 casus,
1435 1568 1498 1589 non
1514 1558 1598 1588 ratio
1611 1557 1665 1588 vel
1680 1565 1758 1588 con-

1073 1609 1183 1640 silium
1207 1609 1308 1640 valet.
1350 1609 1436 1639 Tota
1466 1616 1520 1638 res
1544 1611 1596 1638 est
1621 1607 1758 1637 inventa

1074 1657 1230 1696 fallaciis,
1259 1662 1317 1688 aut
1346 1655 1388 1688 ad
1418 1660 1596 1697 quaestum,
1625 1659 1684 1686 aut
1713 1654 1755 1686 ad

1075 1706 1360 1747 superstitionem,
1372 1710 1428 1737 aut
1438 1704 1480 1736 ad
1493 1703 1663 1736 errorem!
1675 1703 1758 1735 Sue-

1075 1762 1145 1789 ton.
1159 1755 1271 1788 Tiber.
1295 1765 1368 1796 cap.
1383 1757 1435 1786 63.
1471 1753 1758 1785 Praenestinarum

1075 1806 1215 1838 sortium
1225 1805 1401 1844 majestate
1408 1803 1604 1834 deterritum
1613 1802 1759 1843 aliquan-

1075 1854 1119 1886 do
1133 1853 1298 1884 Tiberium
1314 1852 1441 1884 scribit.
1466 1851 1577 1883 Livius
1591 1851 1688 1882 iu'itio
1702 1850 1760 1882 lib.

1077 1912 1173 1934 xxn.
1195 1903 1282 1933 inter
1298 1901 1450 1941 prodigia
1465 1899 1617 1941 quaedam
1641 1904 1675 1931 et
1695 1899 1758 1943 hoq

1074 1951 1200 1983 refert:
1223 1952 1232 1969 ‘
1249 1950 1366 1982 Sortes
1390 1959 1449 1980 sua
1469 1955 1588 1990 sponte
1604 1953 1759 1980 attenua-

1075 2005 1138 2039 tas,
1153 2008 1316 2041 unamque
1332 1999 1496 2030 excidisse
1512 1998 1560 2029 ita
1575 1997 1734 2038 scriptam
1748 2008 1758 2028 ε

1071 2056 1218 2080 MAvoas
1238 2056 1362 2079 'rmum
1385 2056 1478 2078 suum
1501 2055 1703 2079 coucu'rrr:
1725 2052 1761 2080 et

1071 2108 1132 2139 per
1147 2098 1234 2129 idem
1246 2101 1379 2137 tempus
1394 2097 1510 2128 Romae
1525 2097 1657 2137 signum
1669 2097 1760 2128 Mar·

1071 2147 1114 2179 tis
1129 2146 1243 2187 Appia
1260 2147 1314 2176 via
1330 2145 1491 2177 sudasse!

1115 2198 1154 2227 al
1185 2195 1280 2226 Hunc
1310 2205 1405 2235 neque
1441 2195 1512 2226 dira
1539 2204 1664 2234 venena,
1688 2194 1759 2235 ξω]

1073 2244 1186 2276 ver-ba
1197 2248 1274 2274 sunt
1286 2243 1431 2274 mulieris
1444 2243 1487 2274 de
1499 2242 1643 2275 Horatio
1654 2251 1760 2284 puero

1073 2293 1296 2326 vaticinantis.

1117 2346 1158 2375 32
1179 2342 1322 2373 Laterum
1343 2340 1444 2380 dolor]
1483 2340 1658 2371 Pleuritis.
1690 2339 1761 2371 Cic.

1080 2391 1122 2423 de
1137 2391 1234 2422 Orat.
1249 2399 1304 2421 ιιι.
1320 2399 1353 2420 n.
1365 2391 1397 2420 6.
1413 2390 1422 2406 ‘
1435 2389 1572 2420 Crassus
1585 2398 1662 2420 cum
1676 2388 1763 2420 febri

1078 2440 1211 2472 domum
1228 2438 1336 2477 rediit,
1351 2437 1472 2478 dieque
1488 2438 1628 2478 septimo
1644 2443 1696 2469 est
1715 2439 1762 2469 la-

1079 2491 1159 2521 teris
1176 2488 1290 2519 dolore
1305 2485 1522 2518 consumtus?

1121 2540 1160 2569 33
1184 2536 1354 2576 Loquaces]
1402 2534 1487 2566 Vide
1519 2535 1690 2567 Plutarch.
1719 2535 1762 2568 de

1080 2586 1307 2618 Garrulitate:
1344 2583 1401 2614 ubi
1429 2584 1543 2615 statim
1569 2584 1664 2616 initio
1686 2593 1764 2626 pro-

1080 2636 1214 2668 nuntiat
1241 2635 1330 2666 illam
1363 2644 1434 2667 esse
1470 2634 1626 2668 morbum
1650 2634 1765 2668 curari

1082 2683 1260 2717 difficilem.
