1956 3236
470 264 555 306 864

935 281 977 316 Q.
1011 278 1215 308 iioRA'ril
1250 276 1420 308 FLAccl

471 369 557 410 Sed
578 383 755 422 puerum
775 374 840 410 est
860 381 991 410 ausus
1006 368 1196 408 Romam
1212 374 1396 422 portare,
1417 370 1656 413 docendum

469 434 616 484 Artes,
638 447 746 488 quas
768 435 925 474 doceat
945 433 1090 485 quivis
1108 433 1256 486 Eques
1276 438 1402 487 atque
1423 435 1611 476 Senator

470 500 618 541 Semet
634 502 890 553 prognatos:
921 501 1079 539 vestem
1097 511 1333 552 servosque
1356 506 1584 554 sequentes

469 566 528 606 In
545 577 696 616 magno
714 567 762 604 ut
783 563 950 616 populo
971 564 1009 604 si
1030 565 1129 616 quis
1146 564 1340 614 vidisset,
1361 567 1479 606 avita

471 633 539 672 Ex
562 644 606 670 re
627 630 810 682 praeberi
831 634 1003 669 sumtus
1025 630 1130 669 mihi
1150 630 1347 671 crederet
1366 631 1478 672 illos.

1841 634 1896 675 80

471 697 574 748 Ipse
595 695 699 735 mihi
721 698 871 736 custos
891 695 1295 748 incorruptissimus
1316 709 1465 738 omnes

472 762 645 802 Circum
666 761 865 801 doctores
887 761 1054 802 aderat.

1116 761 1236 810 Quid
1260 762 1426 803 multa?
1457 763 1660 816 pudicum

469 825 582 879 (Qui
598 826 761 877 primus
782 826 952 866 virtutis
973 825 1132 879 honos)
1149 828 1338 868 servavit
1355 828 1414 868 ab
1431 830 1547 868 omni

473 890 579 931 Non
601 890 740 931 solum
761 891 896 939 sacto,
915 903 1058 931 verum
1080 893 1318 944 opprobrio
1334 905 1508 946 quoque
1528 896 1643 947 turpi
1661 909 1670 935 :

472 955 570 996 Nec
591 955 744 1004 timuit,
764 956 849 995 sibi
869 968 922 995 ne
945 956 1051 995 vitio
1074 957 1174 1008 quis
1194 960 1394 1006 verteret,
1414 959 1519 998 olim
1841 963 1895 1003 85

470 1020 518 1061 Si
538 1033 682 1073 praeco
703 1033 877 1072 parvaS,
899 1025 975 1060 aut
993 1019 1062 1073 (ut
1082 1021 1162 1061 fuit
1181 1020 1300 1074 ipse)
1319 1026 1495 1064 coactor

469 1162 660 1198 reportantes
673 1159 789 1190 lucrum
802 1160 912 1190 Iduum
927 1161 1112 1190 octonarum.
1141 1158 1316 1194 Quinimmo
1331 1169 1391 1190 non
1405 1158 1558 1191 dubitavit
1573 1170 1619 1192 me
1630 1169 1760 1200 puerum
1771 1160 1899 1191 Romam

470 1202 579 1231 ducere
599 1200 824 1238 informandum
837 1200 1020 1239 disciplinis,
1034 1200 1142 1240 quibus
1154 1199 1241 1240 filios
1253 1210 1322 1231 suos
1335 1201 1481 1232 instituat
1494 1201 1619 1241 quilibet
1639 1211 1728 1242 eques
1741 1206 1795 1232 aut
1810 1211 1897 1232 seua-

470 1245 519 1272 tor
529 1254 539 1273 :
561 1244 634 1273 adeo
649 1246 684 1273 ut
699 1242 808 1282 siquis
821 1243 854 1273 in
868 1242 943 1273 urbe
967 1242 1107 1280 populosa
1122 1241 1341 1272 considerasset
1355 1243 1534 1273 vestimenta
1557 1253 1635 1284 mea,
1656 1247 1685 1274 et
1699 1243 1835 1280 famulos
1850 1252 1899 1272 co-

471 1284 627 1323 mitantes,
637 1285 735 1322 facile
757 1284 816 1314 sibi
835 1285 1031 1323 persuaderet
1047 1283 1195 1322 impensas
1209 1283 1285 1314 istas
1308 1284 1382 1314 mihi
1403 1284 1643 1324 suppeditarim
1657 1294 1783 1315 avorum
1795 1284 1899 1321 sacul-

471 1325 597 1356 tatibus.
644 1326 715 1365 Ipse
729 1325 806 1355 mihi
824 1326 1013 1365 paedagogus
1027 1325 1245 1362 integerrimus
1258 1335 1316 1355 non
1330 1326 1501 1356 discedebat
1515 1336 1535 1356 a
1550 1334 1597 1356 mc
1610 1327 1689 1365 apud
1701 1328 1900 1366 praeceptores

472 1376 680 1406 quoscumque.
731 1368 797 1397 Uno
811 1367 912 1404 verbo,
926 1369 1043 1396 castum
1058 1375 1104 1395 me
1122 1365 1273 1404 praestitit
1287 1367 1324 1395 ab
1337 1368 1419 1396 omni
1441 1376 1499 1396 mm
1519 1370 1638 1397 tantum
1654 1368 1773 1397 actione
1795 1368 1847 1397 sed
1869 1369 1899 1395 et

469 1408 640 1446 suspicione
655 1406 764 1444 infami
776 1418 786 1437 :
809 1407 878 1446 (qui
899 1407 1018 1445 primus
1037 1407 1124 1436 decor
1138 1409 1184 1436 est
1199 1406 1360 1446 virtutist)
1386 1417 1479 1446 neque
1494 1408 1680 1444 formidavit
1695 1417 1733 1438 ‘ae
1745 1407 1897 1446 quispiam

470 1449 570 1488 ipsum
593 1449 804 1488 redargueret,
826 1448 855 1479 si
877 1448 1007 1486 exiguas
1019 1447 1170 1477 mercedes
1191 1456 1292 1487 praeco
1306 1449 1353 1478 vel
1367 1451 1498 1487 coactor,
1517 1448 1634 1489 (qualis
1648 1449 1711 1488 ipse
1724 1448 1826 1487 fait)
1840 1447 1897 1478 ali-

1069 1539 1306 1552 ueeoeoem

473 1612 537 1633 non
567 1603 702 1632 damnat
735 1601 900 1640 Zeunius;
925 1607 959 1632 et
988 1603 1036 1632 sic
1066 1603 1188 1633 Sanad.
1213 1608 1249 1634 et
1277 1603 1510 1633 Francis.-⁷9
1533 1603 1709 1634 Bentleius
1734 1611 1775 1632 ex
1802 1602 1901 1633 codd.

475 1643 571 1674 Leid.
596 1649 630 1673 et
656 1644 774 1683 Regin.
810 1644 890 1674 item
923 1643 1095 1674 Blandinis
1118 1644 1254 1683 Cruqnii
1278 1644 1417 1683 aliisque
1442 1644 1586 1673 melioris
1617 1649 1705 1674 notae
1736 1642 1843 1673 edidit
1873 1644 1900 1673 si

473 1686 524 1725 qui
553 1685 688 1715 vidisset.
734 1684 790 1715 Ita
823 1685 925 1715 etiam
955 1684 1048 1715 Harl.
1073 1688 1104 1715 3.
1158 1685 1334 1715 Heindorf.
1358 1684 1492 1715 Wakef.
1521 1691 1554 1714 et
1581 1684 1770 1715 Kidd.——83
1794 1684 1898 1715 Kidd.

474 1726 578 1757 tacite
603 1726 731 1757 virtutis
754 1726 945 1756 honen-84
966 1730 975 1743 ¹
991 1726 1158 1757 Torrentii
1183 1727 1265 1758 Mss.
1292 1735 1366 1757 cum
1387 1725 1464 1756 Vet.
1488 1725 1597 1756 Scliol.
1616 1726 1772 1766 legerunt
1793 1726 1900 1764 obpro-

474 1768 553 1806 brio,
586 1768 673 1808 quod
711 1777 769 1798 nos
803 1768 845 1798 ob
875 1772 1042 1798 vetustam
1075 1767 1275 1808 scripturam
1307 1767 1495 1799 tenuimus:
1531 1767 1630 1798 Baxt.
1687 1768 1696 1784 ‘
1720 1766 1898 1797 Habentur

475 1809 532 1839 ille
563 1810 664 1839 bonos
695 1809 807 1839 libris:
847 1809 946 1839 modo
981 1809 1240 1846 meminerimus,
1266 1810 1365 1839 etiam
1391 1809 1446 1848 qni
1481 1809 1595 1848 primae
1618 1807 1795 1839 vetustatis
1823 1812 1901 1838 snut

474 1849 588 1889 hodie,
629 1859 686 1880 eos
730 1859 834 1880 novos
875 1859 950 1881 esse
996 1855 1156 1890 respectu
1196 1851 1335 1881 aliorum
1373 1854 1687 1891 monumentorum„
1709 1849 1742 1879 in
1778 1848 1898 1889 quibus

1122 1951 1260 1982 NOTAE
1430 1960 1433 1964 v
1455 1965 1460 1971 ι
1607 1934 1627 1960 ’““
1639 1972 1647 1983 ,7

476 2018 538 2049 tris
554 2014 771 2047 exsolvebant
785 2014 968 2053 mercedes,
982 2023 1062 2054 quas
1076 2022 1163 2044 com-

477 2067 588 2108 pletus
617 2074 721 2096 annus
750 2063 868 2094 deberi
892 2061 1000 2098 fecit.’
1041 2062 1164 2093 Melius

476 2115 591 2154 itaque
607 2113 799 2152 intelligunt
820 2111 876 2142 alii
894 2112 1003 2142 locum
1017 2111 1106 2141 hunc
1121 2110 1163 2141 de

477 2164 608 2195 calculo
637 2167 672 2192 et
698 2161 880 2192 rationibus
909 2159 1093 2191 confectis:
1127 2165 1164 2191 ut

478 2213 574 2254 pueri
588 2212 682 2252 quasi
700 2220 836 2251 pensum
850 2219 893 2240 ex
905 2209 1062 2240 mandato
1079 2217 1165 2248 prae-

479 2262 626 2302 ceptoris
655 2260 743 2291 domi
767 2259 962 2299 expeditum
986 2257 1166 2297 referrent,

478 2311 604 2352 scripto
627 2309 840 2340 ostendentes
863 2309 897 2338 in
921 2307 1048 2347 tabula,
1064 2315 1166 2348 quan-

481 2365 552 2392 tum
573 2359 659 2390 lucri
675 2357 809 2389 ‘rediret
838 2357 976 2397 singulis
998 2356 1166 2387 mensibus

482 2419 525 2440 ex
548 2411 642 2440 certa
667 2417 791 2438 summa
817 2406 967 2447 pecuniae
992 2405 1034 2435 ad
1058 2403 1166 2435 foenus

482 2457 622 2490 credita.
667 2456 774 2487 Porro
785 2455 873 2495 quod
889 2453 1005 2485 Idibus
1021 2454 1167 2484 solerent

482 2517 592 2539 usurae
615 2505 738 2546 colligi,
757 2504 831 2535 fuse
851 2503 1016 2544 explicavi
1037 2502 1078 2534 ad
1102 2503 1168 2533 cal·

484 2566 558 2589 cem
581 2554 688 2595 Epod.
711 2563 751 2585 11.
795 2553 915 2584 Iduum
937 2562 1017 2584 vero
1034 2556 1166 2592 etymon

482 2614 534 2637 ιν.
551 2604 617 2636 Od.
633 2607 684 2635 11.
700 2606 751 2634 14.

524 2656 567 2685 76
587 2654 716 2684 Romam
729 2651 866 2692 portare]
891 2651 919 2682 E
935 2650 1043 2691 patria
1056 2650 1167 2680 Venu-

485 2703 534 2733 sio
549 2703 667 2733 minori
687 2701 811 2742 oppido
833 2700 1014 2732 transferre
1030 2700 1166 2730 Romam

485 2751 617 2783 urbium
643 2751 791 2791 reginam
815 2755 852 2783 et
878 2750 997 2782 artium
1022 2748 1167 2781 omnium

1217 2014 1400 2053 emporium
1416 2014 1540 2046 nobile.

1257 2065 1300 2093 78
1326 2063 1450 2101 Vastan
1464 2061 1630 2102 'servosque
1651 2065 1821 2102 sequentes,
1835 2062 1903 2103 asc-J

1217 2111 1365 2151 Populus
1382 2111 1498 2143 videns
1513 2112 1627 2142 Romae
1641 2111 1787 2143 habitum
1801 2110 1900 2141 comi-

1217 2163 1388 2201 tatumque
1410 2160 1558 2198 Horatii,
1579 2169 1658 2191 sune
1680 2160 1770 2191 illum
1786 2159 1901 2190 crede-

1218 2208 1276 2239 bat
1291 2216 1326 2238 re
1344 2207 1496 2239 familiari
1509 2209 1658 2249 copiosa,
1673 2209 1836 2247 avitisque
1851 2206 1900 2237 fa-

1218 2257 1396 2288 cultatibus
1421 2257 1526 2297 probe
1557 2258 1778 2288 instructum:
1815 2255 1899 2286 adeo

1219 2315 1283 2336 non
1300 2305 1373 2336 ullis
1389 2305 1548 2345 parcebat
1565 2303 1727 2335 sumtibus
1742 2307 1850 2343 pater,
1865 2307 1902 2334 ut

1217 2354 1387 2385 honestam
1403 2352 1470 2383 filio
1491 2358 1528 2384 et
1550 2353 1667 2383 bonam
1690 2351 1786 2382 daret
1809 2352 1902 2382 indo-

1219 2404 1296 2442 lem,
1311 2402 1554 2440 educationem,
1569 2401 1789 2442 disciplinam,
1809 2401 1901 2431 insti-

1219 2452 1392 2484 tutionem.

1260 2504 1302 2533 86
1324 2501 1443 2535 Proeco,
1466 2499 1597 2538 coactor]
1628 2498 1747 2528 Praeco
1766 2505 1819 2527 res
1848 2506 1902 2527 ve-

1219 2551 1310 2582 nales
1334 2549 1366 2580 in
1388 2547 1594 2579 auctionibus
1609 2546 1848 2587 proclamabat,
1861 2554 1899 2576 ac

1218 2598 1421 2631 licitantibus
1439 2595 1632 2628 addicebat.

1262 2646 1406 2686 Coactor]
1433 2644 1461 2676 A
1477 2636 1703 2684 cogens-*uni
1718 2641 1900 2684 redigenda

1219 2697 1359 2738 pecunia
1371 2694 1560 2726 nominatus
1571 2695 1680 2724 rerum
1694 2692 1900 2724 venditarum

1221 2747 1365 2787 pretium
1381 2743 1641 2786 prosequebatur
1653 2749 1688 2775 et
1701 2740 1898 2782 colligebat:
