1890 3256
538 292 893 324 EPISTOLARUM
931 293 1022 324 mn.
1055 294 1086 324 1.
1116 283 1161 325 7.
1460 282 1572 324 1117

121 388 157 438 Ἥ
180 388 243 430 Ut
260 388 395 430 libet:
425 387 522 430 haec
541 388 688 442 porcis
709 387 838 429 hodie
859 387 1131 429 comedenda
1151 387 1382 441 relinquis.

122 455 159 506 ἹῘ
181 456 399 508 Prodigus
419 459 462 497 et
479 456 641 496 stultus
662 456 799 497 donat
821 468 921 509 quae
943 456 1108 509 spernit
1127 460 1172 496 et
1193 455 1300 496 odit.

124 523 242 566 Haec
262 536 389 576 seges
408 523 599 575 ingratos
621 525 733 573 tulit,
765 527 809 565 et
830 524 938 564 feret
958 523 1161 564 omnibus
1181 522 1325 563 annis.

123 588 207 630 Vir
227 590 374 630 bonus
394 592 438 630 et
458 589 640 642 sapiens
661 590 805 643 dignis
823 590 886 631 ait
906 602 1005 630 esse
1025 593 1231 642 paratus;

124 655 224 698 Nec
243 660 388 699 tamen
410 656 582 709 ignorat
601 656 706 710 quid
728 656 894 698 distent
915 669 1002 697 aera
1022 656 1199 709 lupinis.

125 723 319 776 Dignum
339 724 560 777 praestabo
582 736 651 764 me
669 724 801 764 etiam
827 737 906 777 pro
927 723 1061 764 laude
1084 723 1302 764 merentis.

126 788 260 840 Quod
282 789 409 830 sime
430 789 554 829 noles
576 801 764 843 usquam
785 789 1028 839 discedere,
1051 789 1208 831 reddes

124 854 262 896 Forte
281 854 584 908 latus‚-nigros
605 859 789 908 angusta
809 856 954 896 fronte
975 856 1192 909 capillos;

1519 454 1576 496 20

1521 791 1578 833 25

122 975 190 1006 με
204 966 344 998 dimittes
357 967 446 999 hodie
465 967 570 999 suibus
582 968 770 999 devoranda.
815 967 972 1005 Profusus
987 970 1017 998 et
1023 967 1137 1005 fatuus
1151 967 1306 1006 elargitur
1321 977 1389 1007 quae
1409 966 1578 997 contemnit

122 1011 154 1040 et
166 1013 330 1041 «vantur
339 1019 350 1040 ε
372 1013 404 1042 et
418 1011 482 1041 hoec
494 1010 600 1041 messis
612 1010 756 1048 ingratos
769 1013 912 1050 procreat
929 1019 1105 1050 semperque
1118 1010 1305 1050 procreabit.
1337 1009 1462 1040 Probus
1475 1011 1580 1040 autem

123 1050 214 1082 viret
235 1052 371 1091 prudens
389 1051 557 1092 profitetur
581 1062 612 1083 se
634 1056 778 1092 paratum
791 1061 857 1083 esse
871 1052 985 1090 largiri
1000 1053 1128 1090 dignis:
1151 1062 1246 1091 ncque
1261 1057 1364 1083 tamen
1385 1051 1482 1082 nescit
1502 1051 1580 1091 quod

122 1093 288 1124 discrimen
310 1093 354 1124 sie
377 1093 463 1124 inter
483 1104 622 1125 nummos
642 1099 674 1125 et
697 1094 831 1134 lupinos.
879 1094 950 1133 Ego
965 1093 1085 1133 quidem
1103 1104 1149 1125 me
1172 1093 1327 1133 praestabo
1348 1095 1478 1132 dignum
1493 1093 1581 1123 laude

122 1135 338 1173 promerentis.
384 1136 475 1172 Quod
495 1136 524 1168 εἰ
538 1145 586 1167 me
605 1145 753 1176 nusquam
767 1135 854 1167 abire
867 1136 1061 1177 permiseris,
1082 1136 1214 1168 restitue
1221 1136 1352 1178 firmum
1367 1135 1471 1171 robur,
1487 1138 1518 1166 et
1531 1134 1582 1165 ni·

735 1218 933 1231 meemeo
937 1219 952 1230 e
956 1218 975 1231 ο

125 1270 357 1304 Schoefiborn.
373 1275 492 1306 4.-19
506 1272 690 1314 Bamberg.
707 1273 936 1306 Schoenborn.
953 1277 984 1306 4.
1011 1273 1108 1304 Harl.
1125 1277 1154 1305 1.
1167 1276 1198 1305 2.
1216 1276 1247 1306 3.
1264 1277 1294 1306 4.
1311 1277 1343 1305 6.
1363 1276 1396 1305 7.
1418 1273 1583 1314 relinques.

126 1315 207 1347 Vat.
223 1317 254 1347 9.
277 1315 427 1348 Chisian.
441 1319 472 1347 5.
490 1320 526 1347 et
543 1316 691 1357 quinque
708 1316 808 1348 codd.
827 1326 881 1357 ap.
898 1317 1028 1347 Valart.
1046 1316 1218 1357 relivtqui35
1242 1316 1291 1348 ita
1306 1317 1385 1348 Zar.
1401 1317 1487 1348 Cnn.
1503 1317 1582 1346 San.

127 1357 279 1397 Met-vill.
297 1357 402 1390 Genu.
418 1358 558 1396 Dorigh.
575 1358 696 1390 Oberl.
714 1358 855 1398 Combe,
871 1359 1007 1390 Wakef.
1023 1359 1133 1390 Wetz.
1149 1363 1183 1390 et
1199 1358 1308 1390 Zeun.
1324 1359 1483 1399 relinquas
1498 1358 1581 1389 edit.

125 1399 213 1448 Ven.
228 1401 326 1449 1⁴92.
347 1400 440 1440 Lips.
457 1403 551 1433 1499.
573 1401 583 1419 ⁶
603 1401 659 1432 Fit
675 1401 765 1433 actio
790 1402 856 1451 illa·
868 1401 1024 1441 vividior,
1040 1407 1077 1457 u’t
1095 1400 1143 1432 ait
1159 1401 1264 1433 Gesn.
1281 1401 1309 1431 si
1326 1402 1475 1439 legamus
1489 1400 1584 1431 relin-

126 1443 626 1524 fflessssffi5225⁶5122¹22252
629 1443 1056 1526 222250¹¹3222i2¹1¹g5¹3¹23Y
1065 1443 1436 1525 ..Cfffieffi'ssssffz
1450 1443 1583 1525 3322:

128 1525 360 1558 schoenborn.
377 1529 409 1558 3.
438 1527 496 1558 Vir
510 1528 608 1558 bonus
628 1531 660 1558 et
681 1528 828 1568 prudens.
873 1527 957 1559 Mox
979 1531 1109 1568 paratus
1131 1526 1212 1559 Vat.
1241 1530 1294 1559 12.
1326 1529 1405 1559 Vat.
1428 1528 1525 1558 Rom.
1553 1529 1585 1557 3.

127 1567 210 1600 Vnt.
227 1568 343 1600 Putat.
359 1572 392 1602 6.
415 1569 472 1600 alii
487 1569 586 1601 codd.
601 1570 692 1610 apud
710 1570 814 1611 Cruq.
830 1570 964 1602 Bet-sm.
981 1571 1029 1602 ita
1045 1570 1178 1602 charis.
1198 1569 1257 1601 lib.
1274 1579 1325 1601 ιν.
1344 1580 1377 1611 p.
1393 1572 1468 1601 239.
1484 1569 1582 1600 Serv.

127 1609 172 1641 ad
197 1611 295 1652 Virg.
322 1611 398 1642 AEn.
424 1621 464 1643 u.
489 1614 562 1642 377.
586 1612 711 1650 probat
738 1612 854 1644 Bentl.
881 1612 960 1643 inde
987 1622 1175 1653 anonymus
1190 1612 1284 1653 Traj.
1301 1613 1343 1643 ad
1362 1612 1470 1643 Rhen.
1489 1613 1584 1642 1713.

127 1651 233 1684 Baxt.
259 1653 345 1684 Cun.
371 1653 452 1685 San.
481 1654 630 1685 Met-vill.
661 1654 751 1685 Phil.
777 1654 884 1686 Gesn.
911 1654 1064 1695 Sandby‚
1091 1655 1186 1686 Batt.
1212 1654 1356 1692 Dorigh.
1373 1654 1449 1684 Val.
1465 1652 1586 1684 Oberl.

129 1693 248 1726 Comb.
258 1694 398 1726 Wakef.
413 1696 519 1726 Wetz.
532 1696 642 1727 Zeun.
656 1697 740 1735 Fea,
750 1696 874 1734 Bothe,
885 1696 1009 1734 Jaeck,
1025 1697 1224 1737 etDoe1·ing.
1243 1695 1584 1736 paralumBatnberg.

129 1735 361 1769 Schoenbom.
377 1740 408 1769 2.
421 1740 453 1768 3.
469 1739 502 1768 4.
525 1739 657 1769 zib—23
681 1739 762 1770 Vat.
779 1738 892 1770 Palat.
904 1742 935 1771 3.
951 1744 986 1770 et
1003 1739 1148 1776 Bodoni,
1163 1739 1236 1778 quid
1250 1739 1382 1770 distant.
1404 1737 1587 1769 Barberin.

129 1779 162 1810 2.
186 1779 240 1819 qui
254 1779 469 1812 «linteum—25
493 1780 600 1814 Codd.
623 1790 678 1822 ap.
704 1781 818 1823 Feam,
836 1782 932 1814 nolles
953 1791 1093 1823 usquam,
1116 1781 1212 1813 nolles
1234 1791 1379 1821 unquam,
1402 1781 1486 1812 noles
1507 1789 1586 1811 nun·

790 1867 932 1899 NOTAE

127 1927 129 1930 ⁴
171 1930 211 1960 81
237 1927 321 1960 Hoee
338 1936 428 1968 seges
443 1927 588 1967 ingratos
603 1928 691 1969 tulit]
717 1929 832 1960 Dona-

131 1977 180 2009 tio
189 1986 302 2008 rerum
315 1986 440 2018 nempe
453 1978 684 2009 vilissimarum
698 1983 831 2019 gratnm

131 2027 279 2059 animum
309 2026 398 2058 haud
425 2032 588 2058 meretur.
643 2027 736 2059 Hinc
766 2037 832 2059 non

132 2077 269 2109 abludit
283 2076 374 2118 quod
391 2077 440 2108 ait
456 2077 641 2115 Isocrates,
662 2078 724 2108 Τὰς
743 2076 832 2118 χάρι-

131 2138 189 2159 τας
201 2126 358 2168 ἀχαρίτως
372 2125 566 2168 χαρίζεσθαι.
610 2126 701 2158 Gall.
717 2128 835 2157 donner

131 2178 171 2208 de
184 2177 214 2208 εἰ
227 2177 383 2208 manniae
401 2186 510 2217 grace,
525 2175 617 2218 qu’mt
631 2175 704 2208 n’en
716 2187 736 2207 a
749 2176 838 2217 point

133 2225 348 2266 d'obligation.

177 2279 221 2308 22
249 2277 307 2309 Vir
320 2277 416 2308 bonus
431 2279 462 2308 et
477 2276 612 2317 sapiens,
626 2275 696 2316 &tt-J
720 2275 768 2307 At
786 2275 837 2306 vir

136 2325 286 2367 prudens
303 2327 337 2357 in
354 2327 476 2365 dando,
502 2335 691 2366 personam,
712 2326 837 2366 locum,

135 2383 270 2418 tempus
283 2377 488 2415 considerat,
509 2386 586 2408 cum
599 2376 737 2407 delectu
752 2376 837 2417 agit,

131 2422 256 2467 'dignos
271 2437 347 2459 cum
364 2427 511 2467 indignis
530 2436 596 2458 non
613 2425 804 2458 confundit.

133 2487 138 2490 ’
179 2478 222 2507 28
245 2477 312 2508 Nec
340 2480 443 2509 tamen
466 2477 593 2517 ignorat
623 2477 697 2517 quid
721 2477 839 2508 distent

139 2536 203 2557 aera
217 2526 348 2567 lupinis]
362 2527 470 2559 Novit
483 2527 692 2568 distinguere
709 2527 836 2568 pretio-

139 2585 212 2607 sum
235 2584 255 2606 a
277 2575 345 2612 vili,
360 2584 476 2607 verum
491 2586 510 2608 a
526 2576 627 2617 falso,
640 2576 776 2617 dignum
793 2575 836 2607 ab

138 2625 292 2666 indigno,
314 2634 466 2656 nnmmos
491 2626 595 2658 bonos
623 2637 642 2658 a
663 2626 772 2662 malis,
788 2626 837 2657 lu·

139 2674 255 2715 dictis,
284 2675 439 2706 scenicis.
483 2675 642 2717 Lupinus
659 2681 711 2708 est
741 2677 837 2716 legu-

139 2735 230 2765 men,
247 2724 336 2766 quod
353 2724 455 2766 aliqui
469 2724 596 2771 dictum
611 2731 733 2768 putant
746 2727 835 2768 qnod

139 2775 255 2814 lupina
279 2774 424 2816 quadam
449 2775 562 2807 indole
580 2783 708 2809 ¹terram
727 2782 835 2809 vot-et.

143 2825 211 2856 Alii
229 2829 341 2856 tamen
354 2825 470 2856 melius
482 2823 542 2856 ἀπὸ
552 2827 607 2863 τῆς
619 2827 730 2865 λύπης·
746 2827 836 2869 quod

886 1930 1016 1962 vultum
1046 1929 1214 1971 gustantis
1250 1927 1475 1960 amaritudine
1506 1938 1586 1959 con·

886 1979 1012 2010 tristet.
1036 1979 1162 2010 Isidor.
1196 1978 1287 2009 Hinc
1304 1978 1425 2018 Vit‘gil.
1441 1977 1545 2009 Geor.
1561 1987 1587 2009 1.

885 2029 895 2046 ‘
910 2028 1042 2060 tristem
1054 2027 1064 2042 '
1087 2027 1239 2068 lupinum
1256 2027 1351 2059 dicit.
1396 2027 1478 2068 Ejus
1494 2028 1589 2067 legu-

886 2077 983 2107 minis
998 2077 1126 2108 semina
1147 2077 1338 2108 orbiculata
1353 2081 1432 2107 sunt
1447 2081 1483 2108 et
1498 2087 1589 2108 com-

889 2135 1026 2166 pressa:
1048 2126 1128 2158 hinc
1157 2126 1236 2156 olim
1269 2126 1308 2156 iis
1339 2126 1524 2157 utebantur
1553 2128 1586 2157 in

888 2175 1067 2206 Comoediis
1081 2175 1122 2217 ad
1135 2174 1316 2206 imitandos
1333 2184 1506 2206 nummos:
1522 2185 1588 2216 qno

889 2225 1012 2258 alludit
1038 2225 1203 2257 Horatius
1232 2225 1295 2255 hoc
1333 2225 1420 2256 loco.
1474 2225 1589 2258 Plant.

891 2275 1024 2308 Poenul.
1041 2277 1145 2306 ιιι.2.
1175 2274 1264 2306 *Λα
1285 2273 1405 2315 Agite,
1419 2275 1592 2315 inspicite,

890 2335 1006 2357 aurum
1027 2329 1091 2356 est.
1136 2324 1221 2356 (ἔοι.
1241 2323 1419 2363 Profecto,
1444 2325 1589 2365 Specta-

891 2381 996 2415 tores,
1009 2374 1196 2406 Comicum.
1242 2374 1423 2405 Macerato
1438 2374 1502 2404 hoc
1518 2375 1589 2413 pin-

891 2435 972 2466 gues
1001 2424 1088 2456 fiunt
1117 2433 1198 2455 auro
1223 2423 1256 2454 in
1283 2423 1451 2454 Barbaria
1474 2423 1589 2455 boves.

889 2476 1018 2506 Verum
1042 2473 1084 2505 ad
1111 2474 1197 2504 hanc
1222 2481 1291 2503 rem
1316 2473 1481 2513 agendam
1508 2472 1588 2503 Phi—

890 2526 1041 2566 lippeum
1055 2522 1132 2555 est-⁹

932 2577 974 2605 26
999 2573 1120 2605 Reddes
1133 2572 1226 2604 Forte
1241 2572 1336 2611 latus,
1349 2570 1417 2611 δῖα]
1435 2570 1589 2611 Oportet

891 2630 929 2657 ut
955 2625 1036 2656 mihi
1063 2622 1187 2655 reddas
1210 2622 1340 2663 priores
1364 2631 1404 2653 ac
1430 2622 1588 2654 meliores
1640 2612 1649 2620 ’

891 2684 994 2707 annos
1010 2672 1101 2714 apud
1121 2677 1156 2704 te
1171 2675 1375 2704 consumtus.

935 2725 1055 2764 Nigros
1078 2723 1219 2764 capillos]
1244 2722 1368 2763 Nigros
1384 2722 1462 2754 olim
1479 2723 1513 2754 in
1533 2723 1589 2764 ju-

892 2779 1047 2814 ventute,
1057 2773 1127 2814 jam
1145 2782 1226 2804 vero
1239 2781 1353 2804 canos.

935 2827 1080 2865 Angusta
1095 2823 1220 2864 fronte]
1255 2824 1347 2855 Dum
1364 2824 1590 2865 erantcapilli
