1956 3236
373 259 457 299 814

842 269 886 307 Q.
916 266 1120 298 HORATII
1152 264 1328 295 FLAcct

378 358 652 412 Nominaque
672 360 869 399 invenere
886 371 896 397 z
927 356 1081 395 dehinc
1101 355 1308 395 absistere
1324 355 1452 403 bello,

377 425 554 477 Oppida
573 426 795 476 coeperunt
813 421 989 468 munire,
1009 425 1052 459 et
1071 432 1230 472 ponere
1247 421 1376 472 leges,

1703 422 1784 462 105

376 490 449 531 Ne
469 490 566 543 quis
587 489 654 528 fur
672 491 801 534 esset,
821 498 904 525 neu
922 486 1048 533 latro,
1068 498 1148 526 neu
1169 481 1267 538 quis
1287 486 1462 528 adulter.

377 555 491 596 Nam
511 555 593 594 fuit
611 557 710 592 ante
732 550 954 590 Helenam
975 563 1137 592 cunnus
1156 551 1374 593 teterrima
1394 552 1496 593 belli

375 619 543 660 Causa:
574 617 652 657 sed
671 615 826 667 ignotis
843 616 1054 668 perierunt
1071 616 1278 656 mortibus
1298 617 1377 664 illi,

377 685 502 733 Quos
523 681 736 722 Venerem
755 682 964 722 incertam
983 681 1198 734 rapientes
1218 693 1335 721 more
1354 682 1538 722 ferarum

378 749 557 788 Viribus
575 746 729 786 editior
748 746 963 795 caedebat,
984 751 1032 787 ut
1052 747 1094 786 in
1114 759 1236 799 grege
1257 750 1414 787 taurus.

1705 747 1788 788 110

377 813 407 853 J
410 825 486 852 ura
505 811 679 852 inventa
697 815 813 851 metu
833 811 981 864 injusti
1000 812 1163 851 fateare
1183 823 1358 851 necesse
1373 815 1454 860 est,

376 876 598 929 Tempora
617 876 655 916 si
673 875 898 930 fastosque
921 877 1028 918 velis
1048 877 1246 918 evolvere
1266 876 1427 916 mundi.

377 1021 430 1043 nes
446 1022 528 1044 suas.
572 1014 687 1045 Postea
708 1015 893 1055 incoeperunt
912 1014 985 1045 bello
1003 1014 1164 1049 abstinere,
1183 1015 1271 1045 urbes
1288 1015 1399 1054 nwliri,
1417 1017 1499 1054 legen
1512 1016 1646 1051 condere,
1661 1024 1698 1045 ne
1711 1015 1790 1045 ullus

376 1057 455 1084 esset
468 1053 539 1092 far,
570 1055 659 1095 latro,
683 1057 824 1086 moechus.
876 1057 1002 1086 Etenim
1021 1059 1091 1086 ante
1115 1055 1264 1086 Helenam
1285 1056 1425 1086 mulieres
1437 1056 1570 1093 fuerunt
1589 1066 1679 1086 carisa
1701 1056 1790 1086 bello-

378 1104 447 1125 rum
468 1095 605 1132 funesta.

660 1096 706 1126 At
730 1097 780 1127 illi
808 1097 1027 1127 interciderunt
1048 1096 1171 1126 obscura
1200 1100 1306 1134 morte,
1331 1106 1403 1145 quos
1429 1100 1549 1127 ruentes
1574 1098 1609 1127 in
1637 1097 1792 1127 libidinem

377 1135 506 1174 obviam,
541 1137 706 1167 belluarum
733 1138 844 1176 instar,
872 1137 1082 1185 prosternebat
1117 1137 1234 1167 riribus
1265 1139 1412 1176 superior,
1447 1141 1592 1176 tanquam
1624 1141 1732 1167 taurus
1757 1138 1792 1167 in

376 1180 524 1210 armento.

972 1270 1048 1282 W

565 1178 665 1217 Leges
677 1179 838 1210 institutas
851 1181 958 1210 contra
971 1172 1117 1216 injustum
1138 1177 1312 1218 confitearis
1336 1181 1466 1218 oportet,
1487 1178 1516 1208 si
1536 1178 1642 1209 mundi
1657 1181 1792 1218 tempora

377 1331 508 1371 quisfur
521 1335 612 1372 esset,
625 1343 682 1364 neu
696 1335 776 1364 latro
790 1333 856 1364 duo
869 1333 986 1374 optimi
1002 1333 1101 1364 codd.
1116 1333 1402 1364 Torrentii.—-10⁷
1426 1331 1606 1364 Lambinus
1620 1332 1653 1362 in
1675 1331 1727 1363 ed.
1742 1340 1794 1372 pr.

1021 1435 1050 1465 N
1057 1434 1158 1465 0¹1*AE

379 1515 478 1546 quem
491 1510 560 1536 tum
572 1506 705 1537 nomina
717 1506 925 1538 distribuisse
937 1506 1063 1545 Rebus,

380 1559 416 1585 et
445 1554 523 1585 inde
548 1555 695 1585 homines
719 1555 877 1586 didicisse
900 1555 1064 1586 vocabula

380 1603 499 1642 prima,
528 1603 693 1642 Desipere
720 1608 793 1634 est:
826 1612 903 1633 nam
928 1612 988 1633 cur
1010 1603 1064 1633 hic

381 1654 493 1688 posset
507 1654 630 1680 cuncta
642 1654 759 1681 notare
774 1649 938 1688 Vocibus,
959 1654 995 1681 et
1009 1659 1065 1680 va-

381 1698 447 1729 rios
469 1698 596 1729 sonitus
620 1699 776 1729 emittere
800 1699 943 1738 linguoe3
969 1691 1066 1729 Tem*-

382 1757 464 1788 pore
479 1748 597 1779 eodem
614 1748 670 1779 alii
687 1747 799 1779 facere
823 1748 856 1779 id
878 1758 945 1780 non
960 1748 1066 1789 quisse

381 1796 580 1836 putentur?’
606 1797 651 1827 Et
667 1797 766 1836 paulo
781 1800 857 1836 post
869 1806 879 1826 :
901 1797 911 1814 ‘
926 1797 1065 1827 Postre-

381 1853 436 1874 mo
464 1843 543 1883 quid
566 1844 599 1874 in
626 1844 688 1874 bae
716 1844 866 1875 mirabile
889 1849 1065 1883 tantopere

382 1895 435 1923 est
450 1901 498 1929 re,
512 1892 543 1922 Si
559 1901 663 1932 genus
677 1892 866 1930 humanum,
882 1892 936 1923 cui
951 1901 1015 1922 vox
1031 1895 1066 1922 et

382 1940 496 1979 lingua
519 1940 662 1979 vigetum
685 1939 752 1970 Pro
776 1940 865 1970 vario
891 1949 988 1970 sensu
1010 1949 1065 1970 va-

382 1989 449 2019 rias
465 1997 517 2018 res
533 1997 615 2018 voce
637 1991 789 2026 notaret3
812 1988 895 2018 Cum
918 1988 1065 2028 pecudes

384 2041 497 2076 mutae,
525 2045 600 2067 cum
621 2036 765 2077 denique
795 2038 892 2068 saecla
920 2036 1065 2068 ferarum

386 2084 574 2115 Dissimiles
604 2085 732 2115 soleant
768 2094 865 2116 voces
894 2085 1067 2125 variasque

385 2133 488 2172 ciere,
511 2133 595 2164 Cum
621 2137 730 2163 metus
757 2137 815 2163 ant
839 2133 932 2164 dolor
955 2139 1018 2174 est,
1032 2138 1068 2165 et

383 2191 457 2213 cum
467 2182 536 2222 jam
551 2181 671 2221 gaudia
682 2182 823 2221 gliscunt
837 2182 860 2212 ?’

430 2232 488 2261 105
513 2231 634 2270 Oppida
648 2234 798 2270 coeperunt
814 2230 946 2270 munire]
983 2230 1069 2261 Vide

386 2277 540 2310 Juvenal.
555 2278 627 2310 Sat.
640 2287 700 2309 xv.
717 2281 790 2309 151.
805 2281 871 2310 &c.

433 2326 570 2366 Oppida]
609 2326 660 2357 Ab
691 2335 754 2365 ope
787 2327 955 2366 dicuntur,
982 2326 1070 2367 quod

389 2374 463 2414 opis
491 2384 603 2414 causa,
631 2375 831 2414 tutiorisque
859 2375 1071 2406 habitationis

389 2422 578 2453 muniantur
589 2431 600 2453 ι
612 2431 654 2452 ex
669 2422 820 2454 Varrone
832 2422 874 2453 de
890 2423 982 2461 Ling.
994 2423 1070 2454 Lat.

389 2470 448 2502 lib.
465 2479 513 2502 iv.
558 2471 678 2501 Festus
703 2476 814 2501 autem
837 2480 879 2501 ex
909 2471 1069 2502 Cicerone

390 2519 457 2549 dici
471 2519 530 2555 ait,
545 2518 633 2560 quod
648 2527 746 2559 opem
771 2518 954 2559 praebeant,
968 2518 1071 2560 quod-

392 2579 456 2610 que
470 2580 547 2602 suas
569 2579 650 2611 opes
676 2570 754 2601 illuc
777 2569 951 2602 conferant
971 2570 1074 2602 homi·

395 2629 464 2650 nes.

437 2669 499 2698 106
519 2668 632 2708 Latro]
668 2669 800 2700 Nomen
819 2669 883 2700 hoe
901 2669 956 2699 siii
970 2668 1073 2699 dedu-

394 2720 487 2755 cunt,
509 2726 566 2747 seu
580 2718 666 2758 quod
683 2718 826 2749 latenter
839 2717 975 2749 insidias
988 2721 1072 2748 stru-

1114 1511 1163 1544 at,
1177 1516 1234 1536 seu
1250 1507 1338 1547 quod
1354 1516 1372 1537 a
1390 1507 1496 1538 latere
1518 1507 1690 1538 adoriatur
1712 1515 1795 1546 pree-

1115 1560 1307 1594 terenntes3
1331 1556 1451 1587 Isidor.
1475 1557 1565 1587 Fest.
1587 1555 1693 1586 Prisc.
1730 1554 1797 1585 Alii

1117 1604 1205 1644 quod
1234 1604 1357 1636 ferrum
1383 1604 1426 1635 ad
1448 1605 1537 1635 latus
1561 1603 1695 1637 lrabeat,
1723 1611 1798 1642 pers·

1116 1652 1194 1682 inde
1210 1662 1248 1683 ac
1272 1653 1445 1692 satellites,
1467 1652 1571 1692 Regis
1593 1655 1650 1682 aut
1671 1646 1801 1682 Princi-

1118 1700 1169 1740 pis
1180 1701 1267 1731 latus
1279 1701 1456 1741 stipantes,
1465 1701 1522 1741 qui
1531 1699 1607 1731 inde
1618 1700 1628 1717 ‘
1640 1697 1802 1730 tatronen'

1118 1749 1195 1779 oiim
1210 1749 1302 1789 dicti,
1319 1750 1413 1789 quasi
1431 1750 1441 1767 ‘
1455 1747 1662 1781 lateronesx'
1678 1747 1797 1782 Varro»

1117 1796 1259 1828 Servius.
1288 1797 1351 1828 Alii
1367 1798 1468 1828 etiam
1484 1797 1590 1828 aliter.

1162 1848 1220 1875 107
1245 1847 1329 1876 Nam
1346 1846 1416 1882 suit
1445 1849 1516 1876 ante
1544 1845 1706 1881 Helenam,
1730 1842 1800 1882 ξω]

1119 1894 1171 1924 De
1187 1894 1319 1924 Helena
1338 1894 1474 1932 Trojani
1496 1892 1620 1924 excidii
1640 1900 1750 1929 causa,
1772 1900 1799 1921 ι.

1119 1941 1185 1971 Od.
1199 1943 1250 1971 1⁵.
1293 1941 1424 1980 Saepius
1440 1945 1550 1982 autem
1566 1940 1717 1971 foeminas
1732 1939 1801 1970 bel·

1118 1988 1158 2018 iis
1194 1989 1401 2019 occasionem
1435 1987 1580 2026 dedisse,
1616 1987 1724 2027 liquet
1758 1995 1800 2017 ex

1120 2035 1285 2066 Herodot.
1300 2037 1357 2066 lib.
1374 2045 1398 2066 r.
1422 2036 1545 2066 Athen.
1566 2044 1647 2066 xnr.
1667 2038 1695 2066 1.
1721 2037 1801 2066 item

1120 2094 1162 2114 ex
1176 2083 1285 2115 Sacris
1297 2084 1444 2124 Paginis.
1454 2084 1576 2115 Genes.
1587 2093 1661 2124 cap.
1671 2091 1801 2114 xxxrv.

1118 2133 1230 2165 Judic.
1245 2142 1321 2172 cap.
1338 2141 1420 2164 xrx.
1434 2137 1470 2164 et
1485 2141 1547 2164 xx

1162 2183 1223 2210 108
1245 2181 1368 2218 Ignoti-s
1388 2181 1545 2220 perierunt
1563 2179 1723 2219 mortibus]
1746 2179 1801 2210 In·

1122 2229 1257 2260 tercidit
1280 2238 1393 2259 eornm
1420 2229 1589 2266 memoris,
1601 2228 1680 2268 quia
1693 2225 1802 2258 defuit

1121 2279 1176 2318 qui
1193 2277 1356 2308 scriberet
1371 2277 1538 2308 Historias
1557 2275 1702 2316 priorum
1718 2279 1801 2306 tem·

1123 2337 1250 2368 porum.

1165 2379 1222 2407 111
1245 2377 1327 2406 Jara
1340 2375 1464 2406 inventa
1475 2378 1556 2405 metu
1570 2373 1691 2414 injusti]
1717 2374 1804 2405 Con-

1124 2426 1209 2456 ditas
1225 2425 1317 2465 leges
1331 2424 1372 2454 ad
1387 2423 1587 2454 coercendas
1614 2422 1752 2462 injurias
1766 2425 1802 2453 et

1122 2475 1261 2516 injustas
1284 2474 1443 2509 actiones,
1471 2481 1532 2511 pro
1555 2471 1689 2511 publica
1712 2470 1803 2502 utili-

1123 2527 1195 2556 tate
1209 2527 1245 2554 et
1259 2523 1419 2553 societate
1435 2519 1706 2552 constabilienda.

1166 2574 1226 2602 112
1250 2571 1360 2602 fastos
1381 2569 1528 2608 evolvere]
1553 2567 1715 2598 Evolvere
1741 2564 1804 2598 sci·

1123 2621 1203 2652 lieet
1218 2620 1381 2651 involutas
1404 2623 1439 2650 et
1465 2617 1679 2657 complicatas
1703 2625 1804 2647 mem-

1124 2669 1255 2704 hmanas,
1280 2668 1312 2698 in
1330 2667 1448 2708 quibus
1469 2667 1597 2706 scripta
1619 2665 1707 2697 ratio
1720 2669 1804 2697 tem·

1124 2727 1239 2757 porum
1257 2717 1467 2757 Histoi-inque
1483 2715 1686 2747 continetur.
