1904 3256
623 282 894 314 cARmnuM
930 282 1024 313 mu.
1056 282 1123 312 lv.
1151 272 1194 314 8.

359 376 571 418 Obstaret
583 377 752 418 meritis
771 377 921 419 invida
941 376 1123 419 Romuli
1135 378 1155 418 'i

357 442 567 497 Ereptum
589 443 754 498 Stygiis
774 445 982 486 fluctibus
1001 445 1191 486 AEacum

357 508 514 551 Virtus
532 515 578 551 et
596 511 720 552 favor
738 514 781 552 et
799 511 951 564 lingua
972 511 1215 565 potentium

357 575 522 617 Vatum
543 575 752 618 divitibus
771 581 1000 620 consecrat
1018 578 1192 619 insulis.

357 643 552 696 Dignum
574 643 706 685 laude
726 645 865 686 virum
890 645 1023 687 Musa
1039 648 1161 687 vetat
1180 643 1304 695 mori,

357 708 485 751 Coelo
502 708 636 752 Musa
655 711 772 752 beat.

832 711 907 753 Sic
925 710 954 752 J
958 711 1058 752 ovis
1076 711 1260 752 interest

357 775 538 829 optatis
556 776 701 830 epulis
722 778 905 832 impiger
922 776 1143 818 Hercules
1160 789 1171 818 z

1582 775 1638 816 30

185 908 306 941 diuum
326 909 487 943 silentium
508 912 651 944 obrueret
675 913 782 944 laudes
798 909 949 944 Romuli?
991 911 1049 943 Vis
1071 915 1104 943 et
1122 910 1232 951 gratia
1254 913 1286 942 et
1297 909 1455 949 facundia
1472 909 1640 941 Po'e'tarum

184 952 285 983 valuit
306 953 438 985 AEucum
459 953 590 986 liberare
616 955 792 994 Inferorum
805 953 1005 995 fluminibus,
1020 958 1051 986 et
1072 963 1250 985 consecrare
1271 953 1372 985 beatis
1393 952 1514 984 insulis.
1565 951 1640 983 Viro

183 993 274 1026 laude
291 995 388 1035 digno
402 997 497 1028 Musa
511 997 630 1035 confert
645 997 915 1029 immortalitatem
925 1007 938 1033 ;
961 997 1057 1029 Musa
1071 996 1155 1028 coelis
1165 995 1291 1028 inserit.
1329 996 1383 1027 Ita
1397 994 1488 1027 Jovis
1499 993 1639 1026 convivio

795 1100 989 1114 OOOOO‘OOOO
993 1100 1030 1112 ‘O

185 1163 338 1200 Francis,
352 1164 496 1205 Bipont.
511 1169 547 1197 et
562 1165 788 1197 Mitsch.—25
806 1167 954 1198 Erec-tum
967 1166 1094 1208 Styg-iia
1115 1165 1247 1198 emend.
1261 1165 1351 1197 Sivr.
1365 1165 1397 1196 h.
1414 1174 1447 1196 e.
1461 1163 1641 1196 sedentem

185 1205 220 1236 in
246 1207 331 1238 solio
360 1217 462 1247 super
487 1206 649 1239 fluctibus
674 1209 798 1248 Stygiis
829 1214 957 1240 erecto.
1002 1210 1123 1240 AEucon
1149 1208 1260 1240 edidit
1290 1208 1520 1247 Cuning.—26
1546 1206 1640 1246 Lips-

186 1250 216 1278 1.
265 1248 374 1280 Virtus
398 1252 430 1280 et
454 1252 650 1289 paeon—27
679 1250 794 1281 Vatum
810 1253 841 1281 et
865 1250 1019 1282 divitibus
1034 1251 1114 1282 Vet.
1129 1251 1339 1283 comm—31
1365 1249 1512 1290 Cuuing.
1527 1253 1564 1280 et
1580 1249 1640 1280 Sa.-

837 1342 982 1374 NOTAE

185 1403 310 1445 nebris,
324 1404 388 1436 nisi
401 1404 571 1436 literatum
587 1405 700 1435 lumen
719 1404 884 1435 accessis-

184 1454 261 1494 set,’
270 1454 362 1496 quod
375 1454 423 1485 ait
434 1454 574 1485 Tullius.
587 1453 733 1484 Videtur
742 1453 883 1485 Horati-

183 1515 222 1536 us
237 1504 412 1537 Theocriti
437 1504 642 1535 seutentiam
659 1503 883 1544 expressisse,

183 1554 384 1587 scribentis:
410 1553 518 1587 ‘Quis
541 1553 671 1585 Priami
694 1553 781 1586 filios
804 1563 882 1586 nos-

183 1609 238 1637 set
264 1604 331 1637 nisi
357 1605 446 1636 bella
474 1605 650 1646 eruperint-a
677 1603 883 1636 cecinissent

182 1655 303 1688 Poetae
314 1655 338 1688 ἓ·
371 1655 461 1687 Vide
476 1655 578 1696 Idyll.
593 1664 672 1687 xw.
688 1660 724 1687 et
739 1655 880 1687 Pindar.

184 1705 254 1738 Od.
280 1715 347 1738 vn.
369 1706 470 1738 Nem.
496 1706 546 1737 ait
567 1705 753 1737 ‘maximas
775 1705 882 1736 virtu-

183 1760 236 1787 tes
259 1755 411 1787 tenebris
436 1755 621 1795 obscurari,
642 1754 670 1785 si
693 1754 825 1795 hymnis
845 1758 883 1785 et

182 1802 398 1847 praeconibus
422 1805 666 1844 destituantur,
695 1806 760 1835 &c-
789 1804 883 1835 labo-

182 1864 256 1886 rum
271 1864 354 1888 vero
369 1859 405 1886 et
420 1855 587 1896 praeclare
600 1858 773 1895 gestorum
792 1863 882 1884 sum-

181 1915 269 1938 mam
299 1905 605 1938 remunerationem
635 1913 711 1936 esse
737 1904 882 1945 inclytos

181 1955 368 1988 carminum
385 1954 531 1986 cantus!

223 2006 297 2038 112·oe
311 2005 529 2046 Mavortisque
541 2004 633 2046 puer]
657 2005 712 2036 De
727 2004 790 2036 Ilia
811 2013 881 2036 ma·

182 2058 235 2087 tre
249 2055 398 2095 Romuli,
414 2065 440 2087 1.
456 2055 524 2087 Od.
540 2058 572 2087 2.
588 2057 640 2086 17.
657 2054 700 2085 de
723 2054 880 2094 Romulo,

186 2113 214 2136 ι.
237 2103 307 2136 od.
320 2107 373 2136 12.
390 2107 444 2136 33.
460 2105 622 2136 ‘Mavors
633 2104 643 2119 '
659 2104 755 2145 quasi
768 2105 881 2146 ‘mag-

183 2161 230 2185 na
245 2157 383 2186 vertens
396 2153 404 2167 ’
427 2154 554 2185 dicitur
569 2154 678 2191 Mars,
694 2163 737 2185 ex
753 2143 882 2186 Cic-’de

182 2205 308 2237 Natur.
320 2205 483 2242 Deorum,
493 2214 548 2238 m.
561 2205 696 2238 Graecis
707 2204 882 2246 Μάμερτος,

182 2254 320 2287 Sabinis
350 2254 547 2294 ‘Mamers,’
570 2263 612 2286 ex
627 2255 794 2287 Varrone.

224 2307 266 2336 25
292 2305 446 2346 Ereptum
474 2305 603 2346 Styg-iis
617 2305 772 2346 fluctibus
801 2307 880 2338 [Ἑα-

181 2364 261 2392 cum,
299 2355 367 2396 ξω]
403 2355 473 2387 Per
507 2356 659 2388 carmina
694 2356 880 2388 Poetarum

181 2405 303 2438 AEacus
315 2406 476 2437 oblivioni
487 2406 641 2448 adeoque
649 2406 772 2438 Inferis
785 2417 882 2449 erep-

182 2459 237 2488 tus
249 2455 292 2487 ad
310 2459 463 2496 posteros
479 2456 677 2487 memoriam
693 2457 882 2489 transmisit

182 2514 288 2537 auam.
330 2506 387 2536 De
418 2506 522 2537 AEaco
551 2515 595 2538 11.
626 2506 697 2538 od.
731 2509 783 2539 13.
828 2507 881 2539 De

182 2555 286 2597 Styge
303 2565 328 2586 ι.
341 2555 408 2587 Od.
424 2557 477 2587 34.
494 2558 546 2587 10.

225 2609 265 2638 27
286 2606 450 2638 Divitibus
460 2610 617 2638 consecrat
627 2606 756 2647 insulis]
772 2606 882 2638 Μακά-

185 2665 243 2695 ρων
253 2655 376 2697 νήσους,
385 2658 542 2689 beatorum
553 2658 683 2697 insulas,
693 2657 810 2689 Graeci
825 2667 882 2689 vo-

187 2710 279 2745 cant,
292 2707 418 2739 insulas
428 2707 634 2748 fortunatas,
647 2717 690 2739 ex
702 2708 884 2748 Strabone,

186 2754 271 2786 sitas
285 2755 327 2786 ad
341 2755 440 2788 finem
457 2757 688 2798 Mauritaniae,
703 2758 816 2790 Latini
832 2758 883 2789 di-

186 2809 292 2843 cuut3
310 2809 347 2836 et
362 2805 395 2836 iu
411 2805 450 2837 iis
465 2807 600 2848 quidam
615 2812 773 2840 statuunt
784 2808 883 2841 Cam-

938 1414 1000 1445 pos
1027 1405 1171 1446 Elysios,
1204 1415 1288 1447 quos
1322 1404 1490 1437 describit
1519 1404 1641 1444 virgil.

938 1453 1071 1486 AEneid.
1091 1463 1142 1486 vr.
1165 1457 1242 1486 640.
1273 1455 1284 1472 ‘
1297 1456 1408 1486 Laetas
1426 1453 1545 1486 sedes’
1569 1453 1643 1484 Ho-

938 1503 1046 1536 ratius
1062 1505 1219 1546 appellat
1232 1514 1258 1536 1.
1269 1505 1338 1537 Od.
1351 1507 1403 1536 10.
1414 1503 1516 1544 infra,
1529 1503 1641 1544 Epod.

939 1563 1021 1586 xvi.
1044 1555 1054 1572 ⁸
1068 1564 1162 1595 arva,
1177 1555 1282 1587 beata
1297 1555 1462 1587 Petamus
1479 1563 1572 1594 arva,
1592 1553 1642 1584 di-

936 1604 1024 1636 vites
1040 1609 1077 1637 et
1089 1604 1242 1637 insulas!
1286 1605 1404 1637 Insula
1416 1604 1544 1636 dicitur
1559 1613 1641 1646 qua·

935 1655 963 1686 si
979 1654 1014 1686 in
1027 1655 1100 1686 salo
1117 1655 1240 1696 posita.
1285 1656 1379 1687 Fest.
1390 1655 1515 1686 Isidor.
1530 1657 1595 1686 &c.

978 1707 1021 1735 28
1043 1705 1189 1744 Dignum
1203 1706 1294 1736 laude
1311 1705 1416 1736 virum
1440 1706 1537 1736 Musa
1557 1707 1641 1735 cetat

935 1755 1030 1795 mori]
1065 1756 1240 1789 Theocrit.
1270 1755 1374 1797 Idyll.
1401 1756 1462 1789 cit.
1491 1764 1570 1788 xvi.
1599 1757 1642 1787 ‘a

936 1804 1046 1836 Musis
1062 1805 1229 1837 illustrem
1246 1806 1364 1838 venire
1384 1805 1536 1845 famam,'
1551 1814 1642 1836 asse·

937 1857 994 1887 rit.
1028 1855 1132 1888 Ovid.
1145 1865 1189 1887 ex
1204 1856 1331 1896 Ponto,
1343 1864 1395 1888 iv.
1409 1858 1441 1887 8.
1463 1860 1472 1873 ‘
1482 1856 1640 1888 Carmine

935 1905 975 1938 fit
1002 1905 1102 1938 vivax
1129 1906 1249 1947 virtus,
1274 1915 1469 1948 expersque
1491 1906 1640 1946 sepulcri

935 1955 1104 1988 Notitiam
1147 1964 1233 1987 serae
1270 1954 1485 1996 posteritatis
1522 1954 1638 1985 habet.

934 2006 1076 2047 Scripta
1097 2004 1213 2037 ferunt
1228 2014 1344 2036 annos.
1388 2004 1534 2045 Scriptis
1549 2003 1639 2044 Aga-

935 2065 1119 2088 memnona
1149 2055 1265 2096 nosti‚’
1293 2057 1357 2088 ὄις.
1405 2055 1484 2087 Non
1514 2054 1638 2086 mirum

935 2116 1031 2148 ergo,
1057 2106 1147 2148 quod
1171 2105 1369 2137 Alexander
1393 2105 1452 2136 ille
1480 2105 1640 2146 Magnum,

937 2166 1015 2188 cum
1033 2156 1078 2188 ad
1095 2155 1240 2188 Achillis
1265 2156 1459 2197 sepulcrum
1485 2155 1640 2187 devenis-

938 2211 1005 2248 set,
1033 2207 1172 2239 beatum
1200 2216 1277 2238 eum
1304 2206 1554 2246 pronuntiavit,
1582 2205 1637 2237 cui

938 2266 1053 2289 rerum
1075 2262 1248 2298 gestarum
1272 2256 1475 2297 contigisset
1494 2255 1639 2287 eximius

934 2317 1063 2348 praeco,
1076 2307 1210 2339 scilicet
1227 2306 1412 2338 Homerus.

977 2360 1020 2389 29
1043 2357 1099 2389 Sic
1124 2357 1221 2397 Jovisg
1240 2357 1372 2389 interest
1392 2356 1521 2397 optatis
1539 2354 1638 2396 epulis

933 2409 1069 2449 impiger
1089 2408 1257 2449 Hercules]
1281 2407 1314 2439 A
1330 2406 1450 2439 Poetis
1465 2411 1501 2437 et
1517 2405 1638 2437 carmi-

934 2459 1034 2491 nibus
1050 2458 1158 2490 habet
1172 2458 1342 2490 Hercules
1357 2456 1447 2498 quod
1466 2456 1555 2486 inter
1570 2463 1637 2485 coe-

934 2510 1012 2541 lites
1036 2509 1198 2540 credatur
1218 2507 1315 2541 Jovis
1334 2515 1460 2537 mensae
1477 2508 1511 2535 et
1528 2504 1638 2544 epulis

936 2559 1053 2590 adesse
1079 2562 1115 2590 et
1137 2557 1352 2595 accumbere,
1370 2558 1578 2595 nectareque
1602 2557 1638 2584 et

936 2608 1106 2639 ambrosia
1131 2608 1233 2638 vesci.
1280 2605 1370 2637 Vide
1392 2613 1448 2636 ιιι.
1470 2603 1538 2636 Od.
1554 2606 1586 2635 3.
1602 2606 1635 2635 9.

936 2658 1080 2690 Homer.
1107 2656 1232 2697 Odyss.
1250 2660 1286 2686 A.
1308 2654 1452 2686 Pindar.
1479 2653 1582 2686 Nem.
1611 2663 1637 2685 1.

938 2708 1041 2740 Ovid.
1058 2708 1133 2739 loco
1150 2716 1228 2738 mox
1244 2706 1303 2738 cit.
1326 2707 1336 2724 ⁴
1348 2706 1392 2737 Di
1409 2715 1544 2747 quoque
1561 2715 1635 2737 car-

937 2757 1084 2790 minibus
1099 2756 1141 2798 (si
1155 2756 1206 2788 fas
1218 2761 1270 2788 est
1284 2755 1417 2796 dicere)
1427 2754 1524 2787 fiunt.
1547 2756 1635 2787 Tan-

937 2812 1041 2850 taque
1056 2807 1216 2848 majesta·
1230 2816 1288 2839 ore
1300 2806 1453 2838 canentis
1468 2806 1571 2847 eget!
