1956 3236
632 262 905 295 sunnonem
943 263 1042 297 mn.
1073 263 1104 293 1.
1132 252 1175 293 4.
1535 253 1620 294 819

178 360 317 413 Inque
335 358 479 399 vicem
498 356 667 398 illorum
688 356 834 410 patiar
852 357 1018 398 delicta
1036 357 1239 406 libenter,

179 425 476 478 Privatusque
496 423 806 475 magisffivivam
828 428 870 463 te
890 436 988 476 rege
1010 423 1178 464 beatus.

173 538 324 621 ⁶‹gell-ictum
334 551 348 579 ;
367 544 398 572 et
412 539 546 572 ticissim
562 539 683 571 illorum
704 543 830 580 peccata
844 540 945 578 facile
961 540 1106 580 tolerabo,
1128 544 1220 581 atque
1234 540 1338 573 vivam
1349 539 1492 581 privatus
1506 544 1536 573 te
1549 550 1622 580 rege

194 592 209 613 e
223 593 311 615 ictor.

773 634 792 645 -e

955 633 1014 646 m

180 709 322 741 Torreat.
365 709 376 728 ⁴
391 709 470 740 Non
485 709 665 750 quicquam
683 709 772 740 valet
787 709 847 740 illa
862 709 956 740 docti
973 708 1036 740 viri
1053 707 1141 748 apud
1157 708 1354 740 Lambinum
1370 709 1468 748 ratio,
1492 713 1623 748 postre-

178 760 266 782 mam
281 751 441 792 syllabam
455 751 549 782 verbi
563 761 726 792 peccavero
742 755 885 792 propter
896 751 980 782 duas
1003 755 1228 781 consonantes
1246 751 1281 781 in
1297 752 1412 782 stultus
1425 751 1622 792 productam

178 802 274 824 esse:
299 802 375 824 nam
389 793 570 824 Lambinus
595 793 657 824 hoc
684 793 726 824 ab
752 793 901 824 Horatio
917 792 1066 823 studiose
1088 801 1154 822 non
1171 793 1273 823 vitari
1301 792 1432 823 dnobus
1458 795 1623 834 exemplis

176 835 336 877 ostendit.
380 835 450 866 Cur
463 841 575 866 autem
598 836 809 866 imminutum
830 844 957 874 peccaro
980 843 1046 865 non
1069 835 1237 874 integrum
1259 844 1423 874 peccavero
1442 835 1622 875 legendum

177 877 236 915 sit,
252 882 287 909 te
309 878 352 908 V.
376 878 428 909 Cl.
448 878 573 909 docere
594 886 662 908 non
683 877 862 914 gravabor.
905 877 1002 908 Inter
1025 878 1129 915 iocos,
1154 877 1277 917 quibus
1293 877 1461 908 evincitur
1477 878 1624 908 Horatio

177 928 269 950 curae
284 918 390 951 fuisse
405 929 579 958 numeros,
591 924 646 951 est
661 924 696 950 et
711 919 788 951 hic:
814 929 890 950 nam
907 919 940 949 in
956 919 1166 950 Hexametro
1184 928 1283 950 versu
1297 919 1486 960 Spondaeus
1510 919 1624 959 potius

177 970 278 1002 quam
295 961 462 1002 Dactylus
486 962 519 992 in
535 966 657 1003 quarta
679 961 761 992 sede
784 961 866 1002 poni
887 961 973 999 vult,
995 966 1030 991 et
1048 961 1101 992 hic
1117 961 1149 991 iu
1168 960 1298 1000 primis,
1315 961 1407 1000 quia,
1421 961 1484 999 rei,
1499 961 1542 992 de
1558 970 1625 1002 qua

179 1003 304 1043 agitur,
324 1003 516 1043 Spondaeus
546 1013 605 1043 pes
627 1004 769 1043 tristior,
791 1003 898 1043 magis
924 1002 1107 1034 convenit!
1139 1003 1385 1042 cuning.—142
1407 1003 1626 1044 Privatimquae

178 1045 287 1076 codex
302 1045 399 1077 Leid.
415 1050 450 1077 et
465 1055 526 1087 pro
540 1055 573 1077 v.
588 1046 612 1077 l.
626 1046 747 1086 Regin.
764 1055 821 1086 ap.
837 1046 952 1076 Bentl.

837 1139 978 1171 NOTAE

181 1202 319 1234 scribit:
332 1202 344 1221 ⁸
357 1202 424 1233 Eos
437 1202 552 1242 etiam,
564 1203 621 1243 qui
638 1212 705 1234 non
718 1202 875 1243 indigent
929 1212 1029 1244 qumn
1055 1213 1153 1234 nemo
1181 1203 1212 1233 ei
1240 1204 1396 1244 ignoscat
1400 1224 1509 1235 .....
1525 1203 1624 1235 Man-

179 1251 361 1286 clementia
377 1252 488 1291 ullius,
502 1252 582 1283 nihil
597 1254 702 1294 magis
712 1262 811 1294 quam
825 1253 875 1284 le·
927 1253 1044 1284 demus
1056 1253 1226 1284 memoriae
1244 1252 1333 1293 quod
1351 1253 1401 1284 vir
1415 1253 1623 1293 mitissimus,

180 1301 267 1333 nitas
283 1300 395 1331 decet.
441 1300 555 1341 Atque
575 1310 640 1341 ego
657 1302 821 1342 optimum
837 1307 874 1333 et
927 1307 962 1333 et
984 1302 1028 1332 ob
1050 1303 1114 1333 hoc
1136 1311 1270 1342 quoque
1293 1302 1458 1333 maximus
1474 1302 1626 1333 Thrasea

179 1346 488 1381 emendatissimum
513 1350 680 1389 existimo,
702 1350 758 1390 qui
780 1355 872 1382 cete·
926 1351 1046 1381 erebro
1062 1350 1179 1380 dicere
1192 1350 1343 1382 solebat:
1359 1349 1427 1382 Qui
1443 1350 1525 1381 vitia
1539 1349 1624 1389 odit,

179 1399 225 1429 ris
240 1397 288 1428 ita
299 1397 443 1437 ignoscit
459 1402 617 1438 tanquam
631 1399 704 1437 ipse
720 1399 872 1439 quotidie
925 1399 1075 1431 homines
1089 1397 1185 1429 odit!

178 1451 320 1488 peccet;
347 1446 396 1478 ita
425 1447 578 1487 peccatis
607 1447 768 1488 abstinet,
797 1441 870 1479 tan-

726 1602 960 1644 SATIRA
992 1603 1076 1644 IV.

562 1701 614 1731 ιΝ
649 1701 1072 1732 οΒΤΒΕοΤΑΤοΒΕε
1103 1701 1239 1732 suos.

176 1777 270 1810 Ante
291 1777 431 1818 mejam
455 1777 621 1815 Lucilius,
638 1780 797 1809 auctores
811 1778 939 1808 veteris
963 1777 1145 1808 comoediae
1170 1778 1322 1808 imitatus
1338 1781 1392 1808 est
1414 1777 1449 1808 in
1464 1776 1623 1808 notandis

219 1830 416 1862 nominatim
433 1829 620 1860 hominibus
643 1830 818 1871 improbis,
832 1830 959 1862 Satiras
982 1830 1130 1870 scripsit,
1145 1830 1195 1861 vir
1216 1830 1342 1870 ingenii
1358 1829 1446 1860 haud
1471 1833 1623 1860 contem·

218 1881 321 1913 nendi
336 1886 373 1913 et
388 1881 512 1922 judicii
525 1881 626 1917 acris,
641 1882 702 1913 sed
725 1882 769 1913 ob
792 1882 1046 1913 festinationem
1063 1882 1096 1912 in
1111 1882 1291 1913 scribendo
1310 1881 1395 1913 etin
1417 1881 1622 1921 expoliendo

219 1934 391 1975 pigritiam
406 1933 509 1965 durus
523 1938 559 1964 et
573 1934 682 1965 minus
703 1939 813 1966 tersus
828 1934 862 1965 in
885 1933 1130 1974 componendis
1146 1933 1311 1965 versibus.
1354 1933 1522 1973 Equidem
1538 1934 1623 1964 mul-

221 1990 294 2018 tum
316 1985 469 2020 seribere
490 1986 669 2027 improb03
690 1991 726 2018 et
741 1987 818 2018 Diis
839 1987 946 2018 habeo
973 1987 1132 2027 gratiam,
1154 1985 1242 2028 quod
1265 1995 1318 2016 me
1342 1986 1435 2026 parci
1459 1986 1623 2017 sermonis

220 2035 404 2069 fluxerunt.
446 2038 624 2078 Crispinus
647 2049 709 2079 per
733 2048 788 2070 me
810 2039 886 2078 plus
908 2039 1035 2071 scribat
1055 2049 1154 2081 quarn
1177 2049 1255 2080 eg0‚
1268 2044 1306 2070 et
1327 2038 1422 2070 efflet
1445 2049 1562 2070 versus
1586 2043 1622 2070 ut

223 2095 360 2120 ventum
375 2089 485 2121 follisz
508 2093 545 2120 et
560 2090 707 2120 Fannius
729 2090 879 2130 gloriolas
903 2090 1006 2122 ducat
1027 2091 1107 2130 sibi,
1121 2092 1150 2123 si
1170 2092 1277 2133 possit
1293 2091 1441 2131 efficere,
1458 2095 1495 2122 ut
1511 2091 1622 2132 imago

221 2144 258 2172 et
277 2140 406 2181 scripta
427 2150 490 2172 sua
511 2141 727 2182 reperiantur
748 2141 783 2172 in
806 2142 1032 2174 bibliothecis·
1075 2144 1160 2175 Cum
1183 2154 1247 2185 ego
1270 2145 1400 2184 scripta
1422 2153 1498 2175 mea
1520 2144 1622 2183 vulgo

223 2193 367 2225 recitare
390 2202 521 2234 vereor,
543 2203 584 2225 ea
607 2203 705 2226 nemo
728 2194 823 2235 legit,
845 2195 947 2226 immo
971 2197 1100 2236 spernit
1121 2201 1295 2228 auctorem
1317 2202 1513 2237 propterea,
1534 2194 1622 2236 quod

217 2246 353 2285 Satiris,
370 2245 491 2287 quibus
509 2246 593 2277 vitia
617 2250 684 2277 tam
708 2247 832 2278 usitata
854 2252 1030 2287 notantur,
1045 2247 1262 2280 offenduntur
1285 2250 1448 2291 plerique.
1492 2248 1539 2280 At
1555 2248 1621 2279 iste

221 2297 342 2336 Poeta,
357 2298 486 2334 dicunt,
502 2308 628 2339 pronus
651 2305 703 2330 est
721 2300 763 2331 ad
786 2300 1037 2339 lacessendum,
1050 2301 1174 2332 nemini
1197 2303 1318 2342 parcit,
1333 2307 1369 2334 et
1389 2300 1552 2344 quicquid
1573 2308 1624 2330 se-

219 2351 286 2382 mel
303 2351 425 2382 chartis
440 2350 601 2392 ineverit,
616 2351 724 2383 cuivis
739 2352 839 2383 obvio
855 2353 989 2384 recitat.
1034 2353 1097 2384 Nae
1122 2353 1265 2394 primum
1281 2363 1346 2385 non
1363 2354 1461 2394 jacto
1477 2362 1529 2383 me
1546 2361 1622 2382 esse

221 2402 463 2444 Pei-{tammum
477 2402 614 2434 dicendi
629 2412 748 2444 genus,
760 2413 827 2444 quo
843 2409 922 2435 utor
936 2404 970 2435 in
985 2404 1116 2442 Satiris,
1127 2405 1270 2436 sermoni
1285 2410 1336 2436 est
1352 2404 1502 2444 propius,
1514 2402 1621 2433 simile

221 2455 363 2487 comico.
409 2455 497 2487 Nam
519 2461 632 2488 metro
654 2457 764 2488 soluto
787 2461 823 2488 et
838 2457 905 2488 alio
920 2457 1098 2489 verborum
1122 2458 1241 2488 ordine
1266 2456 1368 2495 facto,
1382 2465 1451 2485 rem
1468 2454 1517 2485 ita
1533 2463 1621 2492 esse,

222 2504 323 2538 facile
337 2506 529 2548 intelliges:
552 2508 643 2550 quod
659 2518 755 2540 secus
772 2514 825 2540 est
841 2518 874 2540 v.
889 2518 920 2539 c.
935 2509 970 2540 in
987 2509 1140 2540 versibus
1155 2509 1328 2545 Ennianis,
1343 2507 1461 2548 quibus
1479 2506 1528 2537 vis
1544 2505 1621 2546 poe-

225 2555 343 2588 timet
357 2558 496 2598 spiritus
511 2560 722 2600 immanebit,
732 2561 863 2592 etiamsi
879 2566 1024 2591 metrum
1048 2560 1234 2591 sustuleris.
1279 2560 1437 2591 Ceterum
1453 2558 1541 2589 sitne
1551 2559 1623 2598 jus-

192 2634 195 2639 ..
226 2611 296 2639 tum
310 2607 438 2642 Poena
448 2620 570 2653 necue,
585 2622 675 2645 nnnc
689 2622 755 2644 non
772 2623 906 2654 quaero:
929 2613 992 2644 hoc
1010 2616 1140 2644 tantum
1160 2612 1344 2652 contendo,
1360 2620 1426 2642 non
1441 2619 1514 2642 esse
1530 2609 1620 2652 quod

227 2667 303 2690 mea
329 2660 455 2702 scripta
479 2669 681 2698 metuantur.
726 2667 891 2698 Latrones
914 2666 1003 2697 enim
1031 2671 1068 2696 et
1089 2665 1204 2696 sicarii
1231 2669 1383 2695 metuant
1407 2656 1556 2695 Sulcium
1582 2667 1620 2694 et

227 2710 387 2751 Caprium
407 2715 586 2748 acerrimos
609 2723 834 2759 accusatores,
858 2728 941 2759 quos
965 2718 1126 2748 innocens
1150 2725 1215 2748 non
1238 2716 1373 2748 metuit.
1415 2716 1518 2756 Ergo,
1533 2715 1558 2745 si
1583 2719 1619 2745 tu

228 2772 291 2795 nec
306 2773 342 2795 es
357 2763 459 2805 latro,
471 2774 532 2799 nec
546 2777 610 2809 ego
623 2770 768 2811 Caprius
781 2777 841 2803 aut
853 2771 998 2810 Sulcius,
1011 2775 1138 2801 temere
1152 2778 1207 2801 me
1223 2769 1358 2802 metuis.
1402 2768 1538 2800 Deinde
1555 2776 1618 2798 nec
