1890 3256
589 290 941 323 ΕΡιετοιΛιωΜ
978 291 1074 323 Lus.
1107 293 1137 322 1.
1169 283 1239 323 10.

1532 283 1547 324 l
1561 282 1644 328 135

187 385 274 428 Cui
293 399 384 428 non
405 387 634 428 conveniet
648 400 729 428 sua
747 400 832 437 res,
855 391 903 429 ut
922 387 1102 429 calceus
1123 388 1243 437 olim,

187 454 235 495 Si
257 453 370 508 pede
389 454 527 509 major
545 455 640 504 erit,
663 455 915 506 subvertet;

946 455 984 495 si
1008 454 1162 505 minor,
1182 458 1293 496 uret.

186 520 337 562 Laetus
357 526 476 562 sorte
498 526 573 562 tua
592 521 720 562 vives
739 523 977 575 sapienter,
998 520 1139 563 Aristi
1158 535 1170 573 ;

186 587 285 628 Nec
306 601 376 629 me
392 587 589 628 dimittes
608 589 936 642 incastigatum,
957 589 1035 630 ubi
1057 589 1186 643 plura

1590 591 1646 630 45

185 653 353 707 Cogere
373 667 508 710 quam
530 656 639 698 satis
659 659 742 706 est,
762 669 817 698 ac
837 671 923 699 non
944 670 1118 698 cessare
1139 657 1336 698 videbor.

186 719 382 775 Imperat
401 725 479 763 aut
497 723 633 764 servit
653 723 846 765 collecta
865 724 1057 778 pecunia
1078 725 1254 778 cuique,

182 786 365 829 'Portum
385 787 519 842 digna
541 791 666 843 sequi
686 791 838 843 potius
859 804 992 844 quam
1015 791 1171 832 ducere
1191 791 1353 834 sunem.

185 853 302 898 Haec
322 855 402 896 tibi
424 855 647 897 dictabam
663 862 767 912 post
781 857 930 899 sanum
954 864 1081 911 putre
1099 858 1315 904 Vacunae,

183 922 387 977 Excepto
407 922 528 976 quod
548 935 636 963 non
656 914 787 979 simul
807 936 948 973 esseS,
972 929 1119 966 cetera
1140 924 1286 966 laetus.

1590 929 1646 968 50

180 1050 232 1079 lus
245 1057 306 1079 non
320 1051 379 1079 est.
413 1049 476 1080 Cui
489 1059 555 1080 suoe
568 1059 629 1081 non
644 1049 1004 1089 congruentsacultutes‚
1018 1054 1055 1081 ut
1069 1051 1144 1082 otim
1158 1052 1291 1088 calceus,
1304 1053 1332 1083 si
1352 1053 1429 1093 pede
1443 1053 1486 1083 sit
1499 1052 1645 1092 amplior,

180 1086 343 1127 desti-uem
363 1091 392 1121 εἰ
406 1091 584 1133 angustior,
599 1092 700 1123 Iaedee.
748 1092 778 1122 0
793 1091 911 1130 Aristi,
924 1092 1010 1123 vives
1023 1093 1182 1133 sapienter
1196 1094 1371 1125 conditione
1386 1099 1441 1126 tua
1455 1098 1621 1126 contentus
1630 1106 1640 1126 .-

179 1142 286 1172 meque
310 1134 491 1175 redargues,
515 1135 637 1175 quando
658 1133 777 1166 videbis
798 1135 992 1166 accumulare
1017 1135 1180 1176 plusquam
1202 1137 1329 1179 sufficit,
1352 1141 1383 1168 et
1405 1147 1467 1169 non
1490 1137 1642 1169 desinere.

183 1174 267 1214 Opes
280 1179 436 1215 congestae
449 1177 614 1217 unicuique
627 1178 827 1208 dominantur
842 1178 890 1209 vel
903 1178 1054 1215 serviunt,
1068 1182 1102 1209 ot
1117 1178 1229 1210 debent
1244 1180 1436 1218 magissune
1453 1179 1536 1211 trahi
1551 1189 1643 1219 quom

179 1216 316 1249 trahere.
361 1218 432 1258 Ego
455 1219 515 1250 ribi
537 1219 706 1251 scribebam
724 1220 788 1250 ista
808 1229 887 1260 pone
906 1222 995 1251 vetus
1016 1220 1151 1252 Vacunae
1172 1223 1333 1263 templum,
1358 1223 1469 1255 hilaris
1492 1232 1567 1253 sane
1586 1231 1642 1261 per

181 1259 298 1301 omnin,
314 1260 376 1293 niae·
390 1261 472 1302 quod
486 1271 602 1294 mecum
616 1272 678 1294 non
691 1262 749 1294 sis.

791 1335 910 1348 ‘‘‘‘‘‘

912 1336 1031 1348 oooooo

181 1401 362 1431 nera—42
385 1399 565 1432 Barberin.
588 1405 624 1432 ut
646 1401 859 1432 σεῖσαι-»43
883 1400 1116 1432 Scboenborn.
1142 1404 1173 1432 2.
1197 1404 1230 1432 3.
1258 1404 1290 1433 4.
1313 1402 1343 1433 si
1367 1401 1469 1433 minor
1494 1405 1644 1441 urget.—

180 1443 223 1472 44
245 1441 477 1474 Seboeuborn.
489 1445 522 1474 3.
543 1447 628 1475 sorte
643 1447 710 1475 tua.
743 1443 976 1475 Schoenborn.
987 1447 1021 1475 2.
1046 1443 1195 1475 Chisian.
1210 1447 1239 1474 1.
1256 1454 1274 1474 a
1287 1454 1331 1474 rn.
1347 1454 1417 1474 sec.
1433 1447 1469 1474 et
1485 1443 1644 1483 Angelic.

181 1485 213 1514 1.
230 1492 250 1514 ι
265 1493 309 1515 m.
323 1493 392 1516 see.
412 1484 599 1517 vivam—45
623 1485 805 1520 Bamberoe.
833 1486 983 1518 Cliisian.
1009 1489 1041 1517 6.
1067 1491 1103 1517 et
1126 1486 1359 1517 Schoenborn.
1384 1488 1416 1517 3.
1438 1485 1642 1517 dimittas.—

178 1527 222 1557 ⁴⁷
243 1525 477 1558 Schoenborn.
491 1530 523 1560 3.
547 1528 786 1569 cuiquam—49
810 1528 890 1561 Vat.
906 1531 939 1560 7.
963 1534 998 1560 et
1023 1528 1205 1560 Barberin.
1228 1531 1260 1560 2.
1278 1532 1350 1570 post
1371 1529 1520 1570 templum
1538 1531 1642 1568 putre.

180 1568 328 1610 cuning.
351 1569 468 1608 sonum
486 1573 559 1612 post
578 1574 683 1612 putre.

849 1646 994 1678 NOTAE

221 1713 265 1743 42
291 1712 354 1743 cvi
379 1722 441 1744 non
466 1714 624 1745 conveniet
646 1724 703 1746 sua
725 1714 791 1754 res]
816 1715 884 1748 Qui

179 1770 260 1802 opes
286 1761 427 1794 habebit
457 1764 589 1805 nimias,
629 1764 786 1806 adeoque
817 1764 884 1796 sibi

178 1820 246 1843 non
262 1813 523 1853 convenientes,
540 1820 608 1846 tam
625 1815 667 1846 ab
685 1815 724 1847 iis
738 1815 884 1847 laedetur

178 1871 277 1902 qnnm
295 1871 354 1903 pes
369 1873 389 1894 a
404 1864 520 1895 calceo
536 1874 654 1905 parum
671 1869 765 1906 apto.

225 1911 268 1943 Ut
283 1911 419 1954 calcem]
440 1912 664 1946 Proverbinm
678 1921 731 1946 est
747 1925 766 1946 a
784 1914 882 1946 Grae-

179 1961 231 1993 cis
259 1961 478 1994 derivatum:
512 1963 593 1995 ‘Ne
622 1973 727 2005 supra
756 1963 880 2004 pedem

180 2010 339 2044 calceus?

223 2062 266 2092 47
290 2060 428 2102 Imperat
457 2064 513 2092 aut
542 2060 655 2101 servit]
689 2060 812 2093 Senec.
839 2062 883 2093 de

179 2110 266 2142 vita
290 2111 422 2143 Beata:
444 2113 454 2129 ‘
468 2112 607 2143 Divitiae
631 2110 722 2151 apud
750 2112 882 2152 sapien-

181 2166 248 2193 tem
266 2162 374 2206 virnwm
392 2163 424 2194 in
441 2162 582 2194 servitio
592 2167 683 2199 sunt,
697 2162 787 2204 apud
799 2163 883 2194 stul-

182 2217 254 2243 tum
271 2212 304 2242 iu
321 2211 490 2252 imperio!

222 2264 266 2293 48
294 2262 422 2294 Torum·
435 2262 533 2302 digno
546 2261 644 2302 sequi,
657 2260 728 2302 ξω]
762 2262 882 2293 Dictio

181 2311 320 2343 videtur
334 2312 440 2344 ducta
455 2323 474 2343 a
488 2312 592 2343 sacris
605 2311 669 2343 illis
692 2312 882 2344 saltationi-

179 2361 242 2393 bus
266 2362 382 2394 Romae
406 2361 481 2393 fieri
498 2362 671 2394 consuetis
689 2363 730 2393 ad
752 2363 881 2400 restim,

180 2411 278 2452 cujus
308 2411 514 2453 principium
545 2417 667 2443 tenens
698 2413 881 2452 praesultor

180 2460 297 2495 funem
324 2462 466 2503 dur-ere,
491 2462 547 2493 alii
571 2471 653 2493 vero
680 2460 760 2493 fune
787 2461 880 2502 duci,

181 2518 240 2542 am
256 2510 397 2544 ductum
411 2511 526 2544 sunem
539 2512 648 2554 sequi,
665 2511 881 2544 dicebantur.

182 2561 256 2593 Liv.
282 2561 341 2593 lib.
366 2570 486 2594 xxvu.
516 2563 526 2580 ⁶
544 2563 615 2595 Per
641 2572 758 2594 manus
789 2569 880 2596 reste

181 2609 264 2644 data
280 2610 429 2652 virgines
453 2620 571 2644 sonum
597 2612 687 2644 vocis
707 2613 805 2654 pulsu
823 2623 880 2654 pe-

181 2659 260 2691 dum
278 2660 490 2693 modulantes
506 2661 743 2695 incesserunt!

224 2713 267 2742 49
291 2711 372 2744 Hoec
393 2711 452 2743 tibi
479 2712 648 2753 dictabam]
682 2714 797 2746 Puero
825 2714 879 2745 vel

178 2759 320 2793 librario
335 2761 506 2794 dictabam
523 2763 712 2804 Epistulam
734 2765 820 2796 lianc
838 2763 880 2795 ti-

940 1714 973 1746 bi
990 1713 1202 1745 mittendam.

981 1765 1061 1795 Post
1068 1764 1184 1802 fanum
1197 1765 1289 1804 putre
1312 1761 1463 1802 Vacunae]
1483 1760 1569 1792 Haec
1586 1770 1642 1792 va-

937 1814 1084 1846 cationis
1118 1815 1205 1853 Dea,
1229 1812 1362 1844 Sabinis
1388 1811 1519 1852 pridem
1548 1811 1644 1843 culta

936 1863 1024 1896 fuit:
1050 1863 1140 1895 unde
1166 1862 1283 1894 fanum
1312 1862 1384 1902 ejus
1408 1866 1581 1893 vetustate
1606 1866 1643 1893 et

937 1916 1028 1948 carie
1051 1909 1215 1947 detritum
1238 1924 1279 1946 ac
1293 1918 1385 1954 putre
1404 1913 1541 1945 dicitur.
1584 1914 1643 1945 In-

937 1966 1076 2006 geniose
1093 1974 1174 1995 vero
1191 1969 1228 1996 et
1243 1963 1359 2004 lepide
1381 1973 1418 1994 se
1440 1964 1513 2003 ipse
1530 1962 1643 1994 Poeta

939 2012 1087 2045 collocat
1115 2013 1158 2044 ad
1188 2013 1382 2052 Vacunam,
1410 2011 1489 2043 dum
1517 2022 1642 2043 vacuus

938 2069 974 2094 et
989 2064 1118 2094 otiosus
1138 2062 1259 2094 scribit
1279 2061 1321 2092 ad
1345 2061 1642 2102 occupatissimum

938 2113 1084 2144 Fuscum
1102 2111 1280 2144 Aristium.

986 2162 1136 2204 Vacunae]
1161 2161 1403 2192 Vetustissima
1412 2162 1486 2193 haec
1497 2160 1642 2192 Sabino-

938 2221 1010 2244 rum
1024 2213 1113 2251 Dea,
1123 2212 1156 2242 in
1171 2221 1253 2252 agro
1267 2211 1416 2242 Reatino
1428 2220 1526 2242 saera
1537 2210 1640 2242 etiam

937 2263 1064 2294 habens
1081 2271 1231 2297 nemora,
1254 2271 1295 2292 ex
1315 2262 1406 2293 Plin.
1422 2270 1478 2292 111.
1497 2263 1548 2292 12.
1567 2261 1641 2293 aliis

938 2312 1064 2344 dicitur
1080 2312 1252 2350 Minerva,
1278 2312 1352 2342 aliis
1370 2311 1495 2350 Diana,
1510 2311 1641 2350 Venus,

938 2363 1057 2394 Ceres.
1102 2362 1212 2393 Varro
1241 2362 1320 2393 Rer.
1345 2361 1458 2393 Divin.
1475 2361 1532 2392 lib.
1552 2371 1576 2392 ι.
1592 2362 1641 2392 ait

936 2422 1012 2444 esse
1043 2412 1246 2451 Victoriam,
1269 2422 1344 2454 qnae
1371 2411 1457 2442 facit
1478 2420 1599 2442 vacare
1620 2422 1640 2443 a

936 2463 1037 2494 curis.
1065 2463 1146 2495 Vct.
1176 2462 1286 2493 Scliol.
1316 2462 1426 2492 Porro
1449 2461 1640 2492 Vacunalia

938 2513 1123 2545 Decembri
1138 2521 1250 2543 mense
1261 2511 1526 2542 celebrabantur
1538 2520 1556 2541 a
1571 2521 1640 2542 rus-

937 2564 1013 2596 ticis
1030 2564 1102 2604 jum
1121 2563 1237 2594 vacuis
1254 2571 1408 2602 operum,
1422 2566 1498 2602 post
1514 2562 1638 2593 collec-

935 2618 987 2645 tos
1004 2613 1150 2644 fructus.
1197 2611 1300 2643 Ovid.
1322 2611 1417 2642 Fast.
1434 2620 1483 2642 vr.
1507 2613 1516 2629 ‘
1538 2612 1638 2644 Nunc

933 2672 1067 2705 quoque
1084 2671 1159 2693 curn
1183 2662 1269 2692 fiunt
1294 2661 1445 2702 antiquae
1460 2671 1555 2693 sacra
1570 2662 1637 2692 Va<

934 2722 1043 2751 cnnae,
1070 2711 1163 2743 Ante
1180 2711 1372 2743 Vacunales
1398 2716 1561 2754 stantque
1586 2721 1638 2743 se-

934 2763 1086 2805 dentque
1099 2761 1223 2796 focos!
