1904 3256
310 256 394 297 628
775 271 818 307 Q,
849 269 1052 300 HoRA'rn
1085 269 1259 299 FLAccl

590 362 700 402 Cum
719 361 861 409 saevit,
881 359 1213 411 horrendamque
1233 358 1359 400 cultis

644 426 866 466 Diluviem
884 424 1112 465 meditatur
1129 424 1239 477 agris
1253 438 1264 476 ;

311 540 447 580 irrigans
459 542 505 573 ita
510 541 588 582 fluit
603 543 709 583 rapide
723 544 841 583 quando
853 546 1018 582 grassatur
1027 547 1058 574 et
1072 553 1211 584 magnam
1226 544 1393 576 eluvionem
1403 546 1493 585 parat
1514 542 1601 583 agris
1610 542 1700 574 cultis
1709 552 1722 579 ,-

1078 635 1134 648 ‘00

312 698 453 737 Cuning.
467 703 503 729 et
517 699 566 730 sic
581 700 756 740 legendum
773 700 947 732 contendit
961 701 1139 733 Animadv.
1153 709 1208 732 rx.
1229 710 1262 741 p.
1276 702 1349 731 3⁷9.
1371 699 1382 716 ‘
1398 698 1543 730 Omnino
1557 706 1623 728 non
1637 697 1723 728 mala

311 740 499 771 emendatio
515 746 578 779 est,
591 742 648 771 sed
664 751 772 782 neque
789 742 989 774 necessaria.
1024 742 1198 776 Quomodo
1213 742 1314 780 enim,
1326 744 1363 772 ut
1375 741 1423 771 ait
1437 740 1551 771 Bentl.
1568 738 1723 770 subtilem

313 780 547 821 Geographum
564 788 641 822 agat
655 783 828 823 Horatius,
842 785 870 814 si
885 784 1032 824 legamus
1050 785 1126 821 Qui,
1144 783 1176 814 id
1192 793 1255 823 ego
1270 791 1335 813 non
1350 781 1459 812 video.
1501 780 1555 811 Aa
1570 783 1723 812 ornatum

312 827 444 861 spectat
470 832 596 861 versus,
617 833 681 855 non
701 824 742 855 ad
768 825 954 855 docendum
978 826 1076 856 situm
1096 824 1209 856 fluvii.’
1230 824 1319 855 Juni.
1363 823 1372 840 ‘
1391 821 1498 854 Dauni
1518 831 1578 862 pro
1600 821 1723 852 Daunii

311 863 399 902 lego,
415 873 434 894 a
450 870 542 895 recto
560 866 739 897 Daunium.
783 867 919 896 Daunus
935 866 1035 902 enim,
1057 866 1148 898 urbis
1169 866 1335 905 conditor,
1358 863 1500 903 intelligi
1519 863 1573 893 hic
1587 862 1724 902 nequit;

312 912 388 934 nam
411 905 436 935 is
461 915 503 936 ex
523 906 660 946 Illyrico
681 907 783 943 venit,
803 907 953 947 adeoque
973 906 1103 946 Apulus
1128 907 1239 938 vocari
1262 915 1327 938 non
1353 909 1487 945 potest3
1511 912 1617 944 neque
1643 903 1721 933 urbs

310 945 452 976 Daunus
474 946 548 986 ipsa
565 948 643 986 erit,
664 952 733 979 turn
758 949 844 979 enim
860 948 970 988 Apuloe
991 949 1166 988 legendum
1188 947 1287 979 foret.
1329 946 1397 978 Sed
1418 946 1584 977 Daunium
1605 948 1724 975 neutro

309 995 432 1024 genere
446 988 581 1027 agnovit
595 989 647 1020 hic
663 989 833 1025 Horatius,
848 991 903 1030 qui
917 990 980 1020 hoc
996 990 1156 1029 oppidum
1174 989 1250 1020 ideo
1266 988 1411 1028 Apulum
1427 990 1540 1024 vocat,
1556 990 1593 1017 ut
1607 985 1724 1016 distin-

312 1032 391 1066 guat
416 1028 458 1059 ab
484 1029 547 1060 alio
574 1030 705 1061 Daunio
731 1031 890 1070 oppidulo
914 1031 1076 1070 Thraciae,
1100 1036 1138 1062 ut
1150 1031 1269 1071 Steph.
1284 1030 1325 1060 B.
1347 1028 1489 1059 voluisse
1503 1027 1650 1065 videtur,
1667 1026 1724 1066 qui

309 1069 416 1107 τεῖχος
437 1068 559 1110 Θρᾴκης
583 1071 697 1102 urbem
721 1072 840 1103 notat.’
861 1073 957 1102 Jever
971 1073 1010 1103 ad
1024 1072 1140 1103 Lucan.
1155 1081 1180 1103 1.
1194 1074 1267 1102 549.
1308 1069 1395 1101 Vide
1411 1069 1453 1100 ad
1468 1078 1494 1100 1.
1509 1068 1576 1100 Od.
1595 1070 1649 1100 22.
1671 1069 1723 1099 14.

309 1109 393 1141 Mox
412 1113 548 1151 perfluit,
563 1112 711 1143 nonnulli
727 1113 842 1143 Lamb.
856 1122 939 1143 unus
954 1113 1084 1144 Bersm.
1101 1113 1189 1153 Lips.
1209 1115 1240 1143 3.
1259 1115 1291 1143 4.
1322 1111 1419 1142 Desa.
1435 1113 1467 1141 2.
1489 1110 1613 1140 Venct.
1629 1110 1723 1139 1492.

311 1151 449 1182 Locher.
468 1152 606 1182 Ascens.
621 1153 750 1193 Gryph.
774 1153 890 1184 Basili.
906 1158 943 1184 et
958 1153 1075 1185 Lamb.
1093 1154 1227 1193 praefluit
1241 1153 1352 1190 plures
1367 1151 1484 1182 Lamb.
1507 1149 1580 1191 (cui
1598 1154 1634 1180 et
1650 1158 1726 1188 pro·

311 1191 440 1231 batur,)
467 1198 534 1223 tres
556 1193 701 1225 Blandd.
726 1194 828 1233 Cruq.
853 1202 966 1224 omnes
985 1194 1095 1224 Pulm.
1109 1193 1229 1233 optimi
1243 1193 1338 1223 Torr.
1351 1191 1448 1222 Harl.
1463 1194 1492 1222 1.
1507 1193 1540 1221 2.
1555 1192 1586 1222 8.
1600 1193 1632 1220 4.
1647 1194 1678 1220 5.
1691 1193 1724 1222 6.

310 1233 453 1263 Mentel.
479 1233 571 1272 Lips.
597 1237 628 1265 1.
649 1237 682 1264 2.
715 1235 855 1274 Franeq.
882 1233 969 1265 Altt.
993 1234 1137 1265 Helmst.
1165 1233 1241 1264 Ald.
1269 1233 1359 1263 Mur.
1381 1232 1483 1272 Cruq.
1506 1231 1604 1261 Torr.
1629 1230 1725 1260 Fabr.

309 1274 426 1313 Stepli.
451 1274 570 1305 Heius.
594 1275 694 1314 Rutg.
716 1275 798 1307 Fab.
821 1276 947 1306 Dacer.
970 1275 1055 1306 Cun.
1078 1275 1197 1306 Sanad.
1219 1275 1318 1304 Baxt.
1338 1273 1455 1305 Jones.
1475 1271 1566 1306 Jani,
1586 1271 1726 1310 Bipont.

311 1315 415 1346 Gesn.
432 1315 537 1347 Zeun.
554 1316 703 1355 Francis,
715 1317 864 1354 '1¹owers,
878 1316 1016 1347 Mitsch.
1031 1314 1161 1346 Wakef.
1174 1315 1316 1346 Wetzel.
1330 1314 1447 1344 Comb.
1459 1318 1494 1344 et
1505 1312 1606 1344 Kidd.
1638 1311 1725 1343 Vide

312 1365 414 1395 supra
430 1356 471 1386 ad
487 1365 537 1386 ιν.
554 1356 621 1387 Od.
636 1359 667 1387 3.
684 1359 818 1388 10.-27
835 1357 926 1396 Lips.
941 1359 974 1387 2.
997 1357 1083 1387 Dum
1096 1356 1282 1387 avia—28
1297 1354 1456 1386 Diluviem
1469 1354 1634 1384 meditatur
1647 1352 1727 1384 Aer.

311 1397 477 1436 Porphyr.
491 1397 680 1428 Comment.
697 1398 799 1438 Cruq.
816 1397 910 1428 Serv.
926 1396 968 1427 ad
985 1398 1080 1436 Virg.
1095 1397 1219 1435 Georg.
1233 1405 1289 1426 111.
1306 1398 1378 1426 163.
1400 1393 1476 1424 AEn.
1497 1402 1550 1425 iv.
1573 1396 1644 1424 171.
1667 1403 1727 1424 sex

310 1438 428 1469 Lamb.
446 1439 557 1477 plures
573 1443 608 1468 et
623 1439 781 1468 meliores
795 1439 896 1478 Cruq.
911 1443 947 1468 et
961 1439 1116 1468 Torrent.
1131 1436 1310 1468 Pulmanni
1320 1435 1453 1467 Gembl.
1468 1437 1500 1466 1.
1515 1439 1550 1466 et
1559 1434 1684 1466 Beller.
1697 1437 1728 1465 2.

310 1482 344 1509 4.
360 1489 443 1509 unus
459 1480 590 1510 Bersm.
607 1480 683 1510 libri
699 1479 798 1510 Fabr.
821 1485 856 1510 et
872 1479 975 1510 Gesn.
1001 1484 1072 1509 tres
1098 1479 1207 1510 Bentl.
1227 1479 1370 1518 Franeq.
1395 1476 1486 1516 Lips.
1501 1478 1532 1506 8.
1547 1479 1579 1507 4.
1606 1475 1676 1506 Alt.
1691 1478 1724 1506 2.

312 1521 456 1551 Helmst.
472 1521 569 1551 Harl.
584 1523 615 1550 2.
629 1523 661 1551 3.
676 1524 708 1551 5.
733 1521 857 1552 Venet.
878 1522 971 1551 1478.
1001 1519 1116 1551 Lamb.
1135 1520 1238 1560 Cruq.
1256 1519 1351 1549 Torr.
1377 1518 1467 1548 Mur.
1490 1516 1588 1548 Fabr.
1605 1516 1726 1556 Steph.

312 1562 430 1592 Heius.
448 1562 526 1593 Fab.
545 1563 666 1592 Dacer.
680 1562 780 1593 Baxt.
794 1562 897 1593 Gesn.
912 1563 1026 1592 Burin.
1040 1562 1117 1592 San.
1130 1561 1206 1593 Jon.
1221 1560 1312 1595 Jani,
1327 1559 1462 1599 Bipont.
1479 1558 1614 1589 Mitsch.
1631 1559 1722 1588 Wet-

313 1604 373 1633 zel.
389 1602 519 1633 Wakef.
535 1603 640 1634 Gesn.
662 1603 767 1634 Zeun.
782 1609 818 1633 et
833 1603 948 1634 Comb.
972 1602 1137 1633 minitatur
1161 1602 1249 1633 Non.
1268 1600 1416 1632 Marcell.
1432 1608 1486 1631 111.
1502 1601 1554 1630 84.
1577 1598 1726 1629 nonnulli

312 1644 428 1675 Lamb.
444 1649 512 1674 tres
528 1644 627 1683 Cruq.
642 1643 820 1674 Pulmanni
837 1643 949 1674 Hunn.
966 1643 1099 1674 Gembl.
1113 1645 1145 1673 2.
1162 1647 1197 1673 et
1211 1643 1344 1673 Diesth.
1367 1650 1449 1672 uuus
1468 1641 1597 1671 Bersm.
1613 1640 1725 1679 plures

311 1690 347 1716 et
364 1685 563 1715 vetustiores
586 1685 701 1715 Bentl.
723 1685 819 1716 Harl.
838 1687 866 1715 1.
881 1687 913 1716 4.
926 1687 959 1715 6.
981 1684 1122 1714 Mentel.
1144 1684 1243 1714 Dess.
1258 1686 1290 1713 2.
1315 1682 1382 1713 An.
1397 1685 1427 1712 1.
1450 1681 1540 1722 Lips.
1557 1684 1588 1712 1.
1603 1684 1634 1711 2.
1658 1681 1724 1711 Ve-

311 1731 380 1757 net.
397 1728 489 1757 1492.
523 1726 664 1756 Locher.
690 1725 830 1758 Ascens.
855 1726 970 1757 Basili.
992 1726 1150 1766 Rutgers.
1171 1729 1206 1756 et
1229 1725 1352 1764 plures,
1376 1722 1435 1754 sed
1457 1722 1554 1754 bodie
1575 1722 1726 1762 inprimis

312 1767 424 1798 Bentl.
437 1773 472 1797 et
484 1767 586 1797 Kidd.
609 1768 618 1785 ‘
635 1767 784 1798 Priorem
801 1767 979 1799 lectionem
996 1776 1070 1797 cum
1085 1765 1239 1806 agnoscit
1254 1769 1322 1796 tum
1333 1765 1404 1805 jam
1421 1763 1632 1804 reprehendit
1643 1762 1726 1793 Por-

312 1809 409 1848 phyr.
453 1807 463 1823 ‘
481 1808 571 1838 Male
588 1808 687 1846 dixit,
701 1809 867 1839 meditatur
882 1809 1054 1847 diluviem,
1074 1808 1150 1848 quia
1165 1809 1199 1838 in
1218 1807 1290 1846 ipso
1306 1812 1383 1837 actu
1399 1810 1465 1844 est,
1478 1814 1540 1835 nec
1555 1803 1657 1834 debet
1672 1813 1727 1834 co-

310 1850 418 1889 gitare
432 1853 491 1878 aut
504 1849 699 1880 condiscere
715 1849 760 1884 id,
775 1849 864 1889 quod
874 1850 946 1888 jam
959 1848 1065 1880 facit.’
1108 1848 1234 1878 Contra
1248 1848 1344 1878 Serv.
1361 1848 1382 1878 l.
1395 1847 1417 1877 1.
1441 1848 1450 1864 ‘
1463 1846 1640 1884 meditatur,
1657 1845 1678 1875 i.
1692 1853 1725 1877 e.

311 1889 424 1928 infert,
438 1894 598 1927 exercet3
622 1899 695 1920 1111111
711 1890 745 1920 111
761 1891 836 1930 ipsa
853 1889 1070 1920 meditatione
1085 1889 1284 1919 exercitium
1301 1893 1336 1919 et
1351 1892 1465 1918 actus:
1488 1886 1658 1918 sciendum
1675 1890 1724 1917 ta·
1781 1919 1783 1923 ¹
1831 1896 1836 1901 ’

312 1940 389 1961 men
404 1934 466 1968 est,
480 1930 542 1961 hoc
557 1930 653 1961 hodie
669 1932 701 1961 in
715 1940 775 1961 usu
788 1941 851 1962 non
865 1930 962 1962 esse!
995 1930 1085 1960 Male
1097 1939 1178 1960 vero
1192 1934 1333 1969 uterque
1345 1928 1603 1960 Grammaticus.
1638 1927 1726 1958 Nam

312 1981 419 2012 neque
433 1972 598 2003 meditatur
612 1981 686 2002 esse
701 1977 815 2012 potest
830 1981 903 2012 pro,
926 1970 1038 2006 infert,
1062 1979 1171 2011 neque
1186 1971 1318 2001 omnino
1339 1970 1488 2010 pingitur
1507 1979 1526 2000 a
1541 1967 1650 2000 Poeta
1665 1966 1725 1998 flu-

313 2014 385 2044 vius
400 2012 624 2053 inferensjam
641 2013 814 2051 diluviem,
828 2013 887 2044 sed
901 2013 1066 2051 illaturus,
1082 2013 1151 2043 sive
1173 2021 1293 2052 parans
1309 2011 1451 2049 demum,
1466 2009 1544 2040 dum
1559 2009 1655 2040 saevit
1669 2009 1727 2039 ad-

312 2055 376 2086 huc
389 2055 478 2085 intra
493 2055 623 2086 alveum
638 2065 741 2086 suum.
767 2055 878 2086 Bentl.
894 2055 1043 2093 praetulit
1056 2054 1232 2092 minitatur,
1244 2062 1310 2083 non
1323 2052 1366 2083 ob
1380 2053 1470 2083 illam
1483 2050 1728 2091 Porphyrionis

313 2096 622 2136 reprehensionem;
645 2105 720 2127 nam
735 2105 799 2127 non
815 2097 921 2136 magis
936 2095 969 2126 id
984 2095 1120 2126 verbum
1136 2094 1178 2125 ad
1199 2099 1311 2125 actum
1335 2097 1538 2133 praesentem
1563 2091 1727 2133 pertinet,

312 2147 409 2177 quam
431 2138 614 2168 meditatur.-
636 2137 695 2168 sed
721 2140 874 2179 primum,
898 2137 941 2168 ob
966 2136 1067 2168 Nonii
1093 2141 1128 2167 et
1150 2135 1374 2175 antiquiorum
1398 2134 1552 2165 codicum
1574 2133 1725 2174 (suorum

311 2178 454 2218 scilicet)
470 2179 724 2218 auctoritatem
748 2179 879 2218 deinde,
895 2178 972 2218 quia
987 2179 1089 2208 verbo
1111 2179 1120 2194 ⁴
1135 2177 1272 2208 saevire'
1292 2177 1402 2215 aptius
1419 2175 1583 2215 jungatur
1604 2175 1614 2191 ‘
1631 2173 1726 2203 mini-

312 2216 398 2259 tai³i,’
413 2219 510 2260 quam
525 2222 533 2238 ‘
548 2221 723 2256 meditari,’
745 2220 832 2261 quod
848 2220 1085 2250 dissimulatam
1101 2219 1309 2258 celatamque
1326 2218 1405 2247 iram
1421 2215 1610 2253 significet3
1632 2213 1726 2244 deni-

314 2271 392 2302 qne,
413 2263 491 2301 quia
506 2263 704 2301 praesentius
720 2261 843 2303 aliquid
870 2265 905 2291 et
930 2260 1051 2291 fortius
1067 2259 1219 2290 declaret
1240 2259 1250 2276 ‘
1268 2256 1437 2295 minitari,’
1458 2260 1619 2298 quatenns
1642 2256 1653 2272 ⁸
1668 2255 1726 2285 mi-

313 2302 475 2334 nitemur'
498 2304 530 2333 in
547 2312 707 2343 praesens,
730 2305 739 2321 ‘
754 2301 970 2334 meditemur'
997 2302 1030 2331 in
1047 2301 1267 2340 longinquum.
1311 2299 1460 2329 Alteram
1477 2302 1512 2328 et
1525 2297 1658 2327 tertiam
1675 2304 1725 2326 ra-

314 2344 436 2375 tionem
453 2354 513 2384 pro
529 2345 667 2384 argutiis
683 2348 717 2375 et
733 2343 999 2375 cavillationibus
1023 2342 1171 2378 habebit,
1193 2341 1388 2381 cuicumque
1408 2339 1472 2369 erit
1492 2346 1605 2368 sensus
1620 2335 1727 2376 poeti-

314 2395 383 2416 cus.
428 2385 554 2416 Nonius
569 2390 692 2425 autem,
708 2390 746 2416 ut
763 2385 835 2425 jam
851 2389 943 2415 recte
961 2383 1046 2413 vidit
1060 2383 1182 2413 Sanad.
1204 2382 1256 2412 vel
1281 2385 1458 2420 corruptus
1483 2379 1540 2410 illo
1563 2379 1636 2409 loco
1659 2381 1725 2415 est,

314 2427 367 2458 vel
378 2427 540 2467 glossema
554 2428 735 2468 amplexus.
765 2427 852 2458 Nam
864 2424 1015 2466 profecto
1030 2424 1197 2455 meditatur
1211 2424 1310 2462 longe
1326 2431 1392 2453 nou
1406 2421 1511 2452 solum
1525 2418 1724 2461 exquisitius

951 2521 1088 2553 NOTAE

315 2597 380 2628 od.
396 2600 427 2628 l.
443 2597 504 2628 sub
517 2597 629 2629 finem.
651 2598 738 2629 Item
754 2597 819 2629 od.
831 2605 880 2627 vr.
895 2595 993 2636 hujus
1044 2598 1118 2625 sata
1144 2594 1234 2629 laeta,
1259 2583 1424 2632 boumque
1450 2588 1610 2628 1abores;'
1637 2589 1724 2631 qnod

311 2646 399 2676 libri.
1045 2642 1134 2673 canit
1148 2641 1264 2681 Virgil.
1281 2639 1409 2671 AEneid.
1426 2648 1467 2670 11.

356 2697 395 2725 27
421 2695 498 2724 Cum
526 2696 629 2735 saevit]
661 2694 803 2728 Quando
832 2691 991 2728 exundat,
1085 2693 1125 2721 28
1147 2688 1335 2728 Meditatur]
1372 2688 1486 2718 Dictio
1515 2687 1723 2727 perelegans,

314 2744 464 2784 agrisque
476 2743 574 2774 infert
587 2744 790 2784 vastitatem,
801 2748 837 2774 et
849 2744 859 2760 ‘
873 2741 993 2773 sternit
1046 2749 1106 2780 pro
1121 2749 1186 2780 qua
1201 2739 1312 2779 inepte
1327 2738 1394 2777 alii,
1409 2736 1581 2768 minitatur.
