1930 3242
383 281 467 322 908
851 296 892 331 Q.
925 293 1126 323 noRA'ru
1162 291 1333 322 FLAccr

383 383 530 424 Comis
548 389 589 426 et
608 387 796 426 urbanus
814 397 825 434 ;
854 383 984 423 fuerit
1003 383 1196 424 limatior
1216 384 1343 434 idem,
1747 387 1805 427 65

382 447 528 498 Quam
543 450 663 490 rudis
683 453 726 489 et
746 448 918 495 Graecis
938 448 1093 490 intacti
1113 450 1317 490 carminis
1337 454 1504 498 auctor,

381 514 612 567 Quamque
633 513 868 554 Poetarum
890 514 1109 555 seniorum
1125 516 1275 567 turba3
1311 516 1391 556 scd
1413 517 1505 566 ille,

382 579 430 619 Si
450 581 555 620 foret
573 580 655 618 hoc
675 582 870 619 nostrum
886 579 976 620 fato
1001 579 1160 620 dilatus
1181 581 1224 621 in
1245 594 1404 631 aevum,

381 645 606 686 Detereret
626 643 710 684 sibi
729 644 897 695 multa3
927 645 1138 686 recideret
1157 659 1280 687 omne
1300 647 1418 700 quod
1438 646 1553 688 ultra

381 758 441 789 lius
448 758 573 795 facetus
586 768 622 789 ac
635 759 752 798 lepidus
760 770 772 797 ;
787 760 890 798 suerit
905 761 998 791 etiam
1012 761 1112 800 magis
1123 762 1236 801 politus
1250 772 1339 802 quam
1358 763 1499 793 inventor
1514 761 1661 802 po‘e'matis
1674 763 1806 792 nondum

381 799 505 838 exculti,
519 803 609 839 atque
626 801 747 832 Groecie
769 802 848 832 haud
864 803 989 842 tentati,
1008 805 1038 833 et
1053 813 1142 842 quam
1157 813 1259 835 omnes
1272 805 1369 844 poetae
1383 804 1572 844 superiores.-
1594 803 1678 843 alqui
1699 803 1727 834 si
1742 803 1806 841 ipse

380 842 421 871 ad
434 844 568 872 nostram
582 841 658 872 hanc
673 846 795 874 atatem
811 848 983 875 reservatus
998 854 1017 874 a
1029 843 1112 881 satis
1127 849 1218 885 esset,
1230 849 1310 877 certe
1320 845 1453 886 plurima
1467 845 1528 876 sibi
1542 847 1710 876 resecaret:
1725 845 1807 884 quic-

982 936 1215 950 “Omufflm

384 997 484 1032 Quam
498 997 587 1027 rudis
600 1007 620 1027 a
635 997 767 1028 Groecis.
813 999 971 1039 Rutgers.
986 1001 1076 1040 conj.
1095 1001 1135 1036 Q.
1149 1010 1177 1031 r.
1192 1005 1224 1031 at
1241 1001 1374 1031 Groecis.
1413 1001 1553 1032 Casaub.
1567 1001 1610 1032 de
1623 999 1722 1031 Poe'si
1737 1001 1807 1032 Sat.

380 1048 414 1077 p.
429 1041 502 1068 255.
531 1038 664 1069 emend.
696 1040 796 1075 Quam
821 1041 942 1072 Radius
965 1042 1097 1079 Grais,
1117 1043 1225 1072 minus
1254 1048 1362 1077 recte.
1377 1042 1491 1081 judice
1517 1043 1592 1073 Nic.
1608 1042 1750 1073 Heinsio
1765 1042 1806 1072 ad

379 1080 468 1109 Vell.
485 1079 620 1111 Patere.
642 1089 682 1111 ιι.
697 1083 816 1112 9.-68
838 1084 847 1099 ⁶
865 1083 993 1122 Magna
1017 1087 1068 1114 est
1090 1083 1145 1114 hic
1170 1083 1328 1114 librorum
1351 1084 1560 1124 antiquorum
1582 1083 1747 1114 varietas:
1772 1084 1805 1114 in

380 1121 455 1150 aliis
471 1121 558 1151 enim
574 1123 734 1162 scriptum
758 1129 809 1154 est
829 1124 989 1164 delapsus:
1011 1124 1044 1154 in
1067 1133 1134 1155 uno
1152 1125 1305 1164 dilapsus.-
1328 1124 1360 1154 in
1378 1133 1442 1155 uno
1456 1125 1594 1156 delatus.-
1617 1124 1650 1155 in
1665 1129 1809 1164 quatuor

379 1162 512 1193 dilatus:
535 1172 618 1203 quos
645 1168 782 1195 secutus
806 1174 898 1196 sum:
923 1172 959 1197 et
982 1166 1071 1197 hunc
1095 1167 1204 1197 locum
1225 1166 1272 1196 sic
1296 1166 1451 1207 explico:
1475 1165 1541 1197 Sed
1559 1166 1586 1196 si
1602 1165 1748 1196 Liicilius
1764 1165 1806 1196 ad

379 1208 527 1235 nostram
542 1210 678 1236 aetatem
694 1210 784 1238 esset
800 1212 1000 1247 reservatus,
1023 1207 1050 1238 si
1074 1212 1189 1239 nostra
1211 1207 1343 1239 demum
1367 1211 1467 1238 aetate
1488 1207 1693 1238 introivisset
1708 1206 1742 1238 in
1759 1208 1807 1238 vi·

379 1251 461 1284 tam,
478 1255 537 1277 seu
552 1251 652 1278 natus
669 1247 781 1287 esset‚'
796 1250 859 1280 &c-
873 1249 983 1280 Lamb.
1015 1249 1026 1267 ‘
1038 1249 1150 1290 Magis
1165 1250 1279 1290 placet
1291 1250 1409 1280 delatus
1425 1259 1522 1290 quarn
1538 1247 1760 1289 dilatus‚quod
1774 1251 1809 1279 et

379 1287 548 1328 Cruquius
566 1289 696 1329 legerat
711 1289 744 1321 in
760 1295 906 1331 quatuor
921 1291 1104 1322 codicibus.
1142 1291 1302 1323 Nonnulli
1321 1292 1436 1331 legunt
1449 1291 1598 1330 delapsus.
1634 1290 1809 1322 Bentleius

378 1329 624 1361 dilatusssssaxt.
641 1331 651 1348 ‘
665 1331 766 1362 Nulla
778 1333 1024 1372 propositarum
1035 1332 1216 1364 lectionum
1224 1334 1487 1364 velauctoritate
1499 1333 1551 1363 vel
1562 1331 1691 1363 ratione
1701 1335 1807 1363 caret.

380 1370 510 1400 Dilatum
526 1376 636 1402 tamen
652 1372 728 1402 mihi
745 1373 943 1412 dignitatem
957 1374 1120 1415 quandam
1135 1374 1261 1405 habere
1278 1374 1434 1405 videtur!
1451 1375 1548 1405 Gesn.
1581 1375 1591 1392 ‘
1606 1374 1674 1404 Pro
1689 1374 1809 1404 delatus

380 1420 422 1441 ex
440 1416 521 1442 vett.
538 1412 615 1442 edd.
632 1414 763 1443 restitui
778 1415 903 1449 dilatus.
929 1415 959 1446 h.
975 1424 1005 1445 e.
1030 1415 1243 1446 reservatus!
1264 1415 1365 1446 Zeun.
1406 1415 1541 1454 dilapsus
1556 1415 1635 1445 Bos.
1653 1414 1806 1445 Animad.

381 1461 415 1490 p.
431 1455 484 1484 59.
507 1453 596 1484 Han.
613 1457 641 1484 l.
665 1454 762 1485 Harl.
778 1458 808 1486 2.
823 1458 854 1486 3.
867 1458 899 1487 4.
916 1458 948 1486 6.
971 1456 1110 1488 Mediol.
1137 1459 1231 1488 1477.
1258 1459 1352 1487 1486.
1379 1462 1414 1487 et
1440 1457 1582 1487 Venett.
1598 1458 1692 1486 147⁷.
1716 1458 1809 1487 1478.

382 1496 474 1525 14⁷9.
495 1496 635 1535 delapsus
652 1495 749 1527 Harl.
765 1499 797 1527 6.
814 1507 832 1528 a
847 1506 891 1528 m.
906 1506 974 1529 sec.
990 1503 1025 1529 et
1040 1498 1118 1529 Vet.
1135 1498 1252 1529 Comb.
1275 1498 1389 1529 dilatus
1403 1497 1498 1529 Gott.
1523 1498 1665 1538 Cuning.
1681 1497 1806 1529 Sanan.

1028 1579 1167 1612 NOTAE

380 1649 470 1671 mum
499 1649 575 1671 cum
601 1641 732 1680 plectra
757 1642 922 1681 parentis,
937 1647 972 1672 et
988 1651 1070 1673 auro

381 1688 588 1719 Distinctam
615 1689 733 1720 sumsit
756 1689 918 1721 citharam
935 1690 1069 1721 Rhodo·

381 1738 477 1778 peius
501 1737 620 1776 her-0⁸3
646 1738 818 1770 Ridebant
847 1748 965 1779 segnes
996 1739 1068 1779 pul·

381 1796 449 1824 sus,
475 1786 668 1828 digitosque
698 1788 858 1820 micantes
882 1789 1009 1828 Serius,
1032 1793 1068 1819 et

381 1835 514 1866 chordis
527 1836 674 1868 indoctae
691 1836 825 1868 dissona
837 1838 940 1868 vocis.
984 1838 1067 1868 Mox

381 1884 491 1924 pudor
512 1885 677 1917 exardens
701 1891 735 1916 et
758 1887 863 1926 gloria
886 1887 993 1918 dulcis
1010 1888 1068 1918 ho-

381 1933 470 1963 nesti
489 1933 628 1964 Lusibus
645 1935 766 1966 avertit
783 1936 980 1976 puerilibus,
999 1946 1069 1967 oin-

381 1981 432 2012 nis
447 1986 482 2013 et
504 1982 584 2014 illuc
603 1983 764 2015 Perditus
781 1984 976 2016 incumbens
993 1986 1068 2016 Mu-

383 2041 428 2062 sae
445 2031 597 2072 pallebat
620 2042 745 2064 amore.
789 2035 833 2066 Et
848 2044 934 2066 nunc
950 2041 1069 2067 mater-

383 2081 434 2111 nis
460 2081 578 2121 inhiat,
597 2092 684 2114 nunc
709 2083 766 2114 ille
790 2084 938 2124 paternis
954 2085 1069 2116 Canti-

382 2129 458 2169 bus,
492 2131 569 2163 hinc
605 2131 698 2164 illinc
737 2132 871 2164 discens
899 2133 1071 2174 dependet

381 2180 562 2221 utrimque.
607 2182 712 2212 Nulla
725 2182 840 2214 Venus
864 2181 986 2215 faciem
1013 2193 1066 2214 ce-

382 2229 434 2268 pit
443 2229 584 2261 mentita
595 2229 718 2262 dolosis
727 2231 969 2272 Compedibus:
982 2242 1067 2264 som-

382 2278 418 2309 ni
440 2277 553 2311 fuerat
581 2289 770 2321 parcusque
799 2281 914 2322 Lyaei:
947 2283 1068 2314 Donec

383 2328 544 2359 ridiculus
562 2329 686 2360 dudum
702 2330 924 2363 modulamine
947 2332 1070 2372 sylvas,

386 2377 594 2418 Evulsosque
622 2379 689 2409 suis
716 2380 874 2420 scopulos
899 2380 1070 2412 radicibus

383 2427 477 2466 egit:
501 2426 614 2458 Ausus
638 2431 674 2458 et
697 2427 746 2458 ire
772 2428 858 2460 viam
880 2428 1072 2460 viventibus

385 2477 631 2516 inconcessam,
657 2478 839 2509 Poenarum
866 2477 989 2510 oblitos
1015 2478 1072 2509 de-

386 2527 500 2558 mulsit
528 2527 677 2558 carmine
709 2527 839 2558 Manes.
883 2528 960 2559 Non
989 2527 1073 2559 levis

386 2585 555 2616 ascensus,
570 2577 597 2607 si
610 2577 684 2617 quis
699 2576 787 2616 petit
803 2576 918 2608 ardua.
962 2575 1072 2607 Sudor

385 2624 555 2658 Plurimus
583 2626 671 2657 hunc
695 2625 798 2664 tollit,
823 2630 986 2657 nocturno
1013 2634 1072 2658 ex-

385 2675 508 2705 somnis
532 2676 621 2706 olivo
648 2675 854 2715 Immoritur,
869 2675 962 2708 delet
982 2675 1071 2716 quod

386 2733 462 2754 mox
479 2723 666 2756 laudaverit
677 2725 710 2756 in
727 2734 773 2763 se,
787 2724 854 2757 Qui
868 2725 960 2766 cupit
973 2729 1071 2756 aeter·

385 2780 436 2803 nae
451 2771 568 2803 donari
583 2772 710 2805 frondis
725 2772 872 2805 honore.'

1165 1644 1207 1672 66
1224 1641 1325 1677 Quam
1339 1641 1427 1673 rudis
1440 1645 1469 1672 et
1482 1641 1604 1673 Gra-cis
1617 1641 1729 1672 &uncti
1742 1651 1810 1672 car-

1123 1690 1216 1721 minis
1238 1689 1359 1730 auctor]
1381 1691 1490 1723 Quam
1514 1690 1652 1729 Ennius,
1668 1690 1724 1732 qui
1741 1691 1810 1730 pri-

1122 1749 1193 1770 mus
1209 1741 1355 1771 omnium
1372 1740 1503 1779 satiras,
1514 1739 1572 1771 sed
1589 1739 1688 1772 rudes
1703 1739 1808 1771 omni-

1121 1797 1176 1828 no,
1189 1789 1324 1828 scripsit
1338 1798 1347 1819 :
1363 1794 1396 1820 at
1409 1788 1555 1820 Lucilius
1565 1788 1704 1820 subinde
1714 1788 1808 1819 lima-

1119 1838 1223 1869 tiores
1238 1844 1273 1869 et
1290 1837 1521 1877 perfectiores.
1553 1839 1665 1870 Quare
1680 1837 1734 1870 hic
1748 1838 1808 1869 Sa-

1120 1887 1194 1917 tirae
1223 1887 1316 1926 quasi
1344 1886 1469 1926 primus
1490 1891 1609 1918 auctor
1634 1891 1692 1918 aut
1713 1892 1808 1919 certe

1119 1935 1245 1967 artifex
1267 1936 1347 1975 Jure
1376 1937 1550 1968 habeatur.
1595 1931 1662 1968 Alii
1689 1946 1806 1968 vocem

1121 1984 1132 2002 ‘
1143 1985 1233 2016 rudis
1243 1985 1251 2000 '
1274 1985 1307 2016 in
1320 1995 1399 2016 casu
1413 1985 1616 2016 nominativo
1627 1986 1810 2026 accipiunt,

1122 2034 1237 2075 sicque
1251 2034 1535 2074 interpretanturz
1551 2034 1653 2066 fuerit
1665 2036 1811 2068 Lucilius

1123 2082 1271 2115 limatior
1289 2093 1386 2124 quam
1403 2083 1530 2123 rudior,
1543 2086 1608 2116 διο.
1650 2084 1718 2116 Sed
1736 2095 1810 2126 per·

1123 2142 1252 2173 peram.

1169 2181 1292 2212 Groecis
1327 2181 1454 2222 intacti]
1483 2182 1680 2214 Graecorum
1709 2191 1808 2213 nemo

1121 2230 1249 2262 Satiras
1272 2231 1419 2271 scripsit.
1463 2231 1561 2263 Unde
1583 2230 1809 2264 Quintilianus

1123 2287 1159 2311 x.
1174 2281 1206 2310 1.
1234 2279 1244 2296 ‘
1255 2279 1365 2310 Satira
1380 2279 1515 2320 quidem
1530 2284 1600 2310 tota
1614 2282 1728 2310 nostra
1743 2285 1807 2316 est,

1122 2330 1156 2361 in
1167 2338 1232 2370 qua
1248 2329 1372 2369 primus
1383 2328 1542 2368 insignem
1559 2327 1690 2358 laudem
1703 2326 1808 2367 adep-

1124 2383 1178 2411 tus
1202 2383 1254 2409 est
1280 2375 1446 2414 Lucilius,’
1468 2378 1531 2408 διο.
1569 2375 1680 2407 Aliter
1704 2376 1807 2407 sentit

1122 2427 1192 2459 Jul.
1214 2425 1378 2464 Scaliger,
1397 2423 1497 2455 Poe't·
1521 2433 1544 2454 ι.
1566 2427 1598 2455 2.
1622 2429 1657 2456 et
1679 2433 1736 2456 ιιι.
1752 2427 1807 2456 98.

1124 2476 1214 2508 Vide
1227 2475 1367 2506 Casaub.
1383 2473 1424 2504 de
1441 2474 1562 2504 Satira.

1165 2527 1207 2558 67
1229 2524 1395 2556 Poetarum
1412 2522 1579 2563 seniorum]
1597 2523 1652 2554 De
1669 2522 1718 2554 liis
1733 2523 1806 2556 Sat.

1125 2585 1174 2608 iv.
1189 2574 1337 2616 praeced.

1165 2626 1207 2654 69
1228 2622 1391 2653 Recideret
1407 2630 1494 2652 omne
1505 2620 1669 2661 quodstfcfl
1685 2622 1805 2663 Super-

1122 2671 1200 2711 flua,
1217 2672 1428 2703 inconcinna.
1460 2665 1666 2702 ‘Ambitiosa
1677 2671 1807 2703 recidet

1122 2720 1354 2761 Ornamenta,'
1370 2720 1478 2761 inquit
1489 2720 1613 2751 Noster
1623 2720 1666 2751 ad
1679 2719 1748 2751 Pis.
1759 2729 1807 2750 vs.

1121 2773 1194 2803 447.
1208 2771 1302 2812 item,
1311 2773 1319 2789 ‘
1329 2770 1438 2803 Omne
1450 2778 1694 2811 supervacuum
1704 2769 1804 2810 pleno
