1904 3256
710 285 897 316 EPODnN
934 285 1100 316 LIBER·

1539 272 1628 313 655

409 380 524 431 Quis
543 393 631 422 non
651 381 884 430 malarum,
905 392 1017 434 quas
1035 391 1156 420 amor
1177 389 1307 420 curas
1327 376 1476 426 habet,

465 448 582 489 Haec
601 448 713 489 inter
734 448 1013 490 obliviscitur
1029 447 1048 486 ‘2

407 514 544 566 Quod
566 515 606 556 si
626 515 793 568 pudica
813 515 968 556 mulier
986 515 1031 555 in
1050 517 1216 567 partem
1232 511 1363 566 juvet

464 582 658 623 Domum
678 586 811 636 atque
832 582 986 623 dulces
1009 582 1188 629 liberos,

1574 577 1631 617 40

407 648 599 703 (Sabina
619 650 779 703 qualis,
800 652 874 690 aut
892 653 1075 703 perusta
1096 647 1265 689 solibus

463 717 666 765 Pernicis
686 729 799 758 uxor
819 712 1000 770 Apuli‚)

178 877 326 916 proedam.
372 875 462 906 Inter
485 874 550 906 ista
571 874 642 915 quis
663 875 845 906 recordatur
868 873 1083 905 molestiarum
1109 884 1186 914 quas
1211 883 1298 905 amor
1318 873 1451 912 gignit?

1495 871 1584 907 Quod
1606 869 1635 900 εὶ

180 921 266 950 casta
281 927 360 950 uxor
373 927 414 950 ex
433 921 522 959 parte
535 927 591 949 sua
605 927 719 950 curans
724 917 888 956 familiam
902 915 1087 957 dilectosque
1102 920 1190 948 natos
1207 916 1306 958 (velut
1319 916 1448 957 Sabina,
1459 915 1506 947 nel
1521 912 1635 952 conjux

786 1033 1024 1047 “Omom

181 1123 322 1155 nidumve
336 1123 466 1163 leporem
479 1122 597 1154 Bentl.
618 1131 762 1163 eumque
779 1122 887 1153 secuti
903 1126 981 1153 sunt
995 1120 1119 1153 Sanad.
1134 1120 1287 1158 Towers,
1301 1118 1455 1154 Francis,
1479 1122 1515 1149 et
1531 1116 1638 1149 Kidd.

184 1166 342 1198 Pavidum
355 1167 486 1205 leporem
500 1165 615 1195 Graev.
631 1165 795 1203 Bentleii,
819 1164 892 1195 sine
914 1164 1180 1204 particula—3⁷
1206 1163 1286 1198 Quis
1306 1172 1366 1192 uon
1389 1161 1540 1191 mulorum
1556 1160 1635 1191 ΑΜ.

184 1210 270 1239 —39
290 1207 468 1238 Turnebus
485 1206 628 1237 Advers.
645 1215 714 1238 xu.
731 1209 782 1238 15.
803 1205 1075 1245 emendffiuans,
1089 1205 1179 1246 quod
1197 1214 1315 1244 parum
1329 1203 1501 1235 cohaereat
1518 1202 1640 1233 oratio.

185 1249 252 1280 Sed
268 1258 383 1281 omnes
398 1249 498 1280 codd.
513 1252 549 1279 et
563 1248 642 1279 edd.
660 1252 744 1280 vett.
760 1248 886 1280 liabent
899 1248 1004 1287 juvet,
1020 1249 1073 1279 vel
1083 1248 1189 1287 juvat,
1204 1252 1242 1278 ut
1256 1247 1289 1278 in
1309 1256 1373 1277 uno
1390 1245 1443 1277 vel
1461 1245 1567 1276 altero
1582 1254 1638 1284 ap.

183 1291 427 1325 Terrena—43
452 1291 584 1323 Sacrum
597 1291 730 1322 vetustis
746 1290 844 1323 Harl.
859 1293 888 1322 l.
903 1293 935 1322 2.
953 1293 985 1323 3.
1002 1293 1034 1323 4.
1049 1293 1083 1322 6.
1105 1294 1253 1332 quatuor
1282 1288 1407 1321 Bland.
1432 1287 1558 1329 aliique
1583 1295 1638 1327 ap.

837 1395 979 1427 NOTAE

181 1487 192 1504 ⁴
207 1485 372 1517 Volucres
388 1481 514 1525 partim
530 1481 669 1513 advenae
686 1485 765 1512 sunt
779 1484 819 1512 ut
834 1480 883 1512 hi-

184 1536 344 1570 rundines
355 1539 392 1566 et
404 1543 523 1575 grues:
541 1533 666 1573 partim
679 1531 885 1571 vernaculae,

184 1593 223 1619 ut
241 1586 376 1628 gallinae
400 1587 436 1615 et
458 1582 635 1615 coluinbae.
679 1581 733 1613 De
748 1581 807 1612 illo
825 1590 883 1622 ge—

181 1635 267 1671 'nere
281 1640 359 1668 sunt
371 1634 463 1667 turdi
478 1632 668 1665 adventitio
681 1642 691 1671 3
708 1632 795 1664 acin
811 1631 884 1663 Ita-

185 1689 263 1720 liam
285 1683 467 1728 quotannis
492 1688 586 1714 trans
609 1691 701 1713 mare
723 1681 885 1712 advolant

184 1738 323 1771 circiter
346 1733 588 1777 aequinoctium
615 1731 825 1767 autumnale,
848 1736 884 1762 et

185 1788 306 1821 eodem
322 1786 479 1818 revolant
493 1784 536 1815 ad
551 1783 793 1824 aequinoctium
809 1790 884 1812 ver-

185 1848 278 1870 num.
307 1837 401 1869 Tun.
418 1835 460 1866 de
475 1834 560 1867 Nat.
575 1833 682 1864 Deor.
699 1841 741 1863 υ.
763 1841 796 1864 n.
811 1834 885 1863 125.

185 1890 195 1906 ⁸
209 1888 336 1927 Grues,
351 1895 429 1919 cum
444 1883 609 1917 calidiora
627 1883 704 1914 loca
726 1885 885 1923 petentes

185 1938 291 1970 maria
306 1935 556 1971 transmittunt,
569 1932 731 1973 trianguli
743 1930 884 1963 formam

186 1987 325 2020 efficere
345 1985 616 2018 animadversum
630 1993 638 2014 :
666 1982 741 2024 ejus
769 1986 884 2013 autem

188 2046 316 2070 summo
327 2035 452 2077 angulo
463 2033 521 2066 aei·
531 2033 573 2065 ab
581 2033 630 2064 eis
640 2031 801 2063 adversus
812 2031 885 2072 pel-

188 2087 290 2118 litur:
303 2085 426 2117 deinde
437 2084 560 2115 sensim
571 2082 614 2113 ab
622 2084 767 2122 utroque
777 2081 886 2112 latere

188 2141 348 2177 tanquam
354 2134 454 2166 remis
463 2133 513 2164 ita
521 2131 643 2173 pennis
650 2140 766 2163 cursus
775 2130 887 2161 avium

189 2188 335 2219 levatur.
364 2183 465 2216 Basis
480 2188 594 2215 autem
608 2181 772 2222 trianguli
787 2189 888 2222 quain

189 2245 292 2277 grues
307 2233 472 2273 efficiunt,
493 2242 534 2264 ea
555 2236 715 2274 tanquam
738 2241 757 2262 a
777 2229 886 2272 puppi

190 2286 303 2318 ventis
333 2284 536 2325 adjuvatur:
573 2282 694 2323 haeque
724 2281 757 2312 in
790 2286 888 2320 tergo

188 2334 451 2377 praevolantium
475 2333 562 2365 colla
588 2337 625 2364 et
647 2332 764 2373 capita
788 2340 888 2372 repo-

190 2384 299 2418 nunt!
326 2384 418 2416 Vide
433 2388 470 2415 et
485 2383 576 2415 Plin.
594 2391 631 2415 x.
648 2385 702 2414 28.

233 2438 274 2467 37
299 2434 380 2472 Quis
393 2443 456 2465 non
476 2434 640 2474 malarum,
655 2432 726 2473 δῖα]
752 2431 889 2462 Phrasis

193 2485 330 2526 Graeca,
359 2494 434 2526 pro,
465 2483 540 2526 quis
575 2492 643 2514 non
674 2481 890 2514 obliviscitur

193 2536 356 2567 malarum
368 2543 524 2566 curarum
540 2542 623 2575 quas
639 2542 734 2564 amor
748 2531 876 2564 habet?

235 2587 278 2615 39
301 2584 391 2620 Quod
408 2585 437 2615 εἰ
452 2584 579 2625 pudica,
593 2582 664 2624 ξω]
685 2583 809 2624 virgil.
828 2582 888 2614 cit.

197 2632 324 2673 Georg.
337 2642 379 2664 11.
401 2634 411 2651 ‘
427 2633 569 2665 Interea
593 2632 748 2674 pendent
772 2632 889 2662 dulces

197 2681 324 2713 circum
338 2682 446 2714 ubera
456 2683 527 2714 nati
541 2693 550 2715 ι
569 2683 674 2714 Casta
690 2681 889 2723 pudicitiam

198 2735 314 2762 servat
323 2731 459 2763 domus?
475 2733 735 2765 Ecclesiasticus
745 2741 777 2763 c.
788 2739 891 2763 xxvr.

197 2786 208 2801 ⁴
222 2781 378 2813 Mulieris
389 2781 488 2814 bonae
503 2783 625 2816 beatus
637 2784 706 2815 vir:
731 2791 890 2814 numerus

198 2841 362 2864 annorum
378 2831 466 2863 illius
480 2831 627 2873 duplex:
644 2843 748 2866 annos
762 2834 842 2865 vitae
856 2833 890 2864 in

936 1490 1022 1522 paee
1038 1480 1221 1520 implebit.’
1515 1488 1528 1497 ’

978 1533 1019 1562 41
1043 1530 1162 1562 Sabina
1177 1528 1290 1570 qualis]
1313 1527 1474 1562 Juvenal.
1497 1528 1569 1560 Sat.
1587 1537 1639 1560 vr.

938 1583 1012 1613 162.
1028 1582 1038 1598 ‘
1053 1581 1224 1613 Intactior
1239 1579 1331 1612 omni
1347 1577 1495 1610 Sabina!

980 1633 1022 1663 42
1050 1631 1138 1662 Uxor
1152 1630 1266 1671 Apuli]
1298 1628 1434 1670 Apulae,
1460 1632 1500 1659 ut
1521 1633 1557 1659 et
1579 1627 1640 1659 Sa-

938 1680 1211 1720 binae‚mulieres
1227 1678 1399 1711 castitatis
1412 1682 1447 1709 et
1463 1677 1642 1718 frugalita-

938 1730 983 1761 tis
998 1729 1100 1760 laude
1116 1727 1295 1760 florebant.
1318 1726 1476 1759 Juvenal.
1492 1735 1570 1757 mox
1581 1726 1641 1757 cit.

937 1779 948 1798 ⁶
965 1780 1059 1811 Malo
1079 1778 1303 1816 Venusinam,
1326 1786 1426 1818 quam
1448 1780 1496 1817 te,
1513 1776 1641 1807 Corne·

938 1830 997 1869 lia,
1021 1834 1133 1861 mater
1150 1826 1407 1865 Gracchorum‚'
1423 1828 1486 1857 &tn
1525 1824 1640 1856 Sabini

940 1878 984 1910 ab
1000 1878 1182 1919 Apennino
1199 1876 1242 1908 ad
1256 1876 1406 1908 Tiberim
1424 1881 1459 1906 et
1472 1874 1640 1906 Anienem

939 1927 1059 1960 fluvios
1085 1927 1363 1959 extendebantur
1385 1925 1481 1957 olim:
1515 1925 1641 1956 Velino

939 1982 1053 2009 autem
1069 1976 1208 2008 flumine
1229 1976 1342 2008 media
1365 1975 1460 2016 regio
1479 1975 1641 2016 irrigaba-

939 2032 1007 2060 tur.
1053 2027 1130 2059 Illic
1148 2027 1250 2059 hodie
1273 2026 1494 2058 continentur
1514 2025 1642 2057 Sabina

940 2078 1128 2119 provincia,
1140 2087 1219 2119 pars
1235 2077 1390 2109 Umbriae
1406 2076 1591 2115 orientalis,
1607 2082 1642 2108 et

940 2128 1077 2169 Aprutii
1093 2128 1262 2160 ulterioris
1285 2127 1397 2168 portio
1418 2136 1482 2158 non
1499 2126 1643 2159 modica.

939 2178 1058 2219 Apulia
1069 2178 1222 2219 duplex;
1250 2177 1385 2209 Daunia
1400 2181 1437 2208 et
1453 2177 1642 2214 Peucetia;

940 2232 1086 2270 utraque
1102 2238 1208 2270 regno
1224 2228 1456 2269 Neapolitano
1469 2227 1642 2259 concludi-

942 2283 1010 2312 tur.
1064 2279 1213 2318 Daunia,
1234 2278 1336 2311 hodie
1360 2279 1561 2318 Capitanata,
1588 2281 1643 2309 est

942 2331 1122 2362 admodum
1137 2330 1272 2370 fertilis,
1285 2330 1350 2361 sita
1369 2335 1420 2361 est
1442 2329 1533 2360 inter
1548 2327 1642 2358 Aufi-

942 2381 1022 2412 dum
1033 2386 1069 2412 et
1080 2381 1292 2423 Tiphernum
1307 2379 1439 2411 fluvios.
1466 2378 1644 2416 Pencefia,

941 2431 1041 2463 hodie
1057 2432 1155 2463 Terra
1175 2432 1210 2463 di
1227 2431 1338 2470 Burri,
1353 2430 1508 2462 continet
1524 2428 1644 2459 Baria·

941 2492 1020 2513 nam
1047 2482 1273 2523 provinciam,
1303 2488 1338 2512 et
1362 2484 1497 2520 partem
1523 2477 1642 2508 Basili-

942 2537 1051 2564 catae:
1076 2531 1263 2564 laetissimis
1277 2528 1430 2560 abundat
1446 2527 1593 2567 pascuis.

985 2582 1123 2613 Per-usta
1138 2578 1267 2618 solibus]
1285 2579 1368 2608 Tum
1387 2576 1476 2617 quod
1493 2585 1533 2607 ea
1548 2576 1641 2615 regio

943 2631 1100 2669 calidior,
1123 2635 1195 2661 tum
1218 2628 1307 2669 quod
1337 2636 1387 2658 eae
1411 2627 1571 2658 mulieres
1591 2627 1642 2658 rei

944 2680 1142 2712 domesticae
1173 2687 1287 2710 curam
1309 2677 1410 2708 etiam
1433 2676 1523 2717 apud
1547 2676 1642 2707 villas

945 2736 980 2762 et
1007 2739 1106 2770 agros
1131 2731 1302 2769 gerentes,
1324 2730 1442 2758 aestum
1472 2735 1538 2756 non
1565 2736 1642 2757 raro

946 2780 1153 2820 tolerabant,
1168 2779 1316 2819 solisque
1340 2775 1515 2808 ardoribus
1534 2780 1642 2809 torre-

943 2831 1077 2864 bantur.
