1936 3236
353 283 435 324 560
819 296 869 333 Q,
896 295 1098 325 HouA'ru
1134 295 1303 325 FLAccl

574 387 776 435 Pulcher,
795 399 821 427 o
842 385 1072 434 laudande,
1092 397 1246 426 canam
1266 390 1438 439 recepto

906 450 1081 491 Caesare
1101 450 1226 491 felix.

571 517 727 569 Tuque
748 516 851 556 dum
871 515 1089 568 procedis,
1109 516 1162 556 Io
1182 514 1439 567 Triumphe!

574 581 674 622 Non
695 582 829 622 semel
850 582 1058 630 dicemus,
1079 581 1132 622 Io
1152 580 1409 632 Triumphe!
1715 580 1770 620 50

572 647 738 687 Civitas
761 647 924 698 omnis;
954 647 1242 699 dabimusque
1262 646 1391 686 Divis

902 711 1046 752 Thura
1065 711 1278 763 benignis.
1403 766 1406 768 .

570 776 634 816 Te
654 776 800 816 decem
820 778 932 817 tauri
951 778 1218 831 totidemque
1237 787 1401 824 vaccae,

574 842 648 882 Me
668 846 786 882 tener
806 843 948 883 solvet
965 843 1139 891 vitulus,
1155 842 1310 883 relicta

349 981 473 1012 celebria
483 982 557 1021 dies,
582 991 641 1019 qua
665 982 770 1012 Coesar
791 980 876 1012 nobis
898 985 943 1012 est
969 983 1115 1014 redditus.
1159 981 1244 1012 Dum
1259 990 1330 1011 vero
1347 980 1555 1020 progrederis,
1571 990 1588 1010 o
1605 979 1768 1019 triumphe,

349 1023 460 1061 saepius
473 1027 648 1063 repetemus,
666 1023 714 1058 Io,
729 1023 764 1053 Ιο
785 1023 946 1062 triumphe,
965 1025 1118 1063 omnisque
1132 1023 1204 1054 urbs
1225 1023 1354 1062 pariter,
1370 1026 1399 1052 et
1413 1021 1596 1052 adolebimus
1609 1021 1699 1052 thura
1713 1031 1769 1051 nu·

349 1064 481 1094 minibus
500 1064 653 1103 propitiis.
700 1064 741 1094 Te
755 1065 855 1094 decem
870 1065 954 1095 tauri
969 1069 999 1095 et
1015 1075 1113 1096 caccoe
1127 1065 1254 1095 totidem
1277 1063 1434 1103 promissis
1446 1063 1615 1094 liberabunt
1625 1073 1635 1093 .·
1655 1071 1702 1093 me
1715 1063 1770 1101 Ju-

945 1171 1182 1190 eeeeeeeeeeeee

348 1252 548 1282 danda—49
573 1253 678 1290 Tuque
691 1254 762 1283 dum
784 1253 920 1291 procedis
945 1251 1112 1290 Porphyr.
1136 1252 1231 1281 multi
1247 1251 1363 1282 Lamb.
1379 1252 1482 1290 Cruq.
1497 1251 1594 1282 Torr.
1608 1254 1643 1282 et
1659 1251 1771 1282 Bentl.

350 1293 526 1323 Pulmanni
544 1293 676 1323 Diestli.
694 1293 789 1323 Harl.
805 1296 836 1323 6.
854 1294 954 1323 Dess.
968 1294 999 1322 2.
1023 1292 1148 1322 Mun-et.
1165 1292 1282 1322 Basill.
1306 1291 1418 1323 Lamb.
1436 1291 1488 1322 ed.
1505 1301 1556 1331 pr.
1574 1291 1674 1323 Febr.
1687 1291 1770 1322 Tor-

349 1339 438 1363 rem.
464 1334 583 1371 Stepli.
609 1334 767 1363 Glarean.
792 1333 888 1362 Brut.
912 1332 994 1361 Fab.
1013 1331 1141 1361 Dacer.
1167 1332 1270 1362 Baxt.
1296 1333 1401 1362 Gesn.
1426 1333 1540 1362 Burm.
1587 1333 1690 1371 Tuque
1703 1342 1771 1363 cum

328 1374 330 1376 ’
348 1383 435 1403 unus
452 1374 583 1403 Bersm.
629 1374 726 1412 Teque
739 1373 811 1403 dum
825 1372 974 1403 nonnulli
990 1371 1106 1402 Lamb.
1121 1376 1189 1402 tres
1204 1372 1349 1402 Blandd.
1367 1373 1469 1411 Cruq.
1485 1381 1568 1402 unua
1578 1372 1674 1403 Torr.
1690 1372 1771 1403 Pul-

348 1414 461 1445 manni
477 1413 652 1445 Gennblac.
669 1417 700 1444 1.
715 1415 746 1443 2.
769 1418 805 1443 et
828 1413 952 1443 Beller.
968 1411 1032 1442 duo
1048 1412 1176 1443 Beram.
1194 1413 1398 1443 vetustiores
1421 1413 1537 1444 Bentl.
1562 1413 1641 1444 Sax.
1663 1413 1766 1445 Brod.

350 1454 449 1486 Harl.
467 1458 495 1486 1.
511 1457 542 1485 2.
558 1457 589 1484 8.
604 1457 636 1485 4.
655 1458 686 1485 5.
710 1454 850 1484 Mentel.
874 1453 982 1494 Lipse.
1007 1453 1096 1484 Altt.
1124 1453 1270 1484 Helmst.
1296 1454 1438 1494 Franeq.
1465 1454 1602 1485 Veneti.
1626 1454 1770 1486 Lot-liet.

349 1495 492 1527 Asceus.
517 1495 633 1526 Lamb.
656 1495 711 1526 ed.
738 1499 826 1535 post.
853 1496 956 1535 Cruq.
1002 1495 1099 1533 Teque
1123 1505 1191 1526 cum
1207 1495 1382 1526 Pulmanni
1409 1495 1522 1527 Hunn.
1545 1496 1555 1513 ‘
1573 1495 1642 1528 Qui
1656 1495 1772 1536 legunt

351 1537 460 1578 Teque,
469 1538 611 1577 jungere
627 1537 752 1568 debent
768 1545 843 1567 cum
859 1536 1010 1567 dicemus.-
1033 1536 1130 1576 Teque
1145 1537 1288 1575 dicemus,
1302 1538 1374 1569 dum
1387 1537 1536 1576 procedis.
1567 1536 1635 1568 Sed
1651 1541 1770 1578 aperte

344 1579 566 1619 jungendum,
585 1578 719 1609 dicemus
739 1579 768 1608 io
791 1577 970 1616 triumphe!
990 1577 1092 1617 igitur
1114 1577 1215 1608 lectio
1232 1578 1330 1616 Teque
1353 1577 1440 1608 haud
1455 1577 1554 1609 dubie
1577 1578 1771 1618 rejicienda.

347 1620 414 1650 Sed
431 1629 539 1660 neque
555 1620 694 1650 alteram
713 1619 815 1658 Tuque
840 1618 1013 1649 ferendam
1038 1624 1252 1657 censuerunt,
1272 1619 1350 1658 quia
1372 1629 1437 1649 uon
1463 1618 1630 1650 Antonius
1655 1620 1769 1650 trium-

348 1661 474 1700 pharit,
489 1670 554 1691 uon
571 1661 617 1690 illi
633 1661 943 1696 acclamatum‚non
959 1659 1006 1689 illi
1024 1668 1077 1690 tes
1093 1668 1188 1690 sacra
1202 1659 1294 1690 facta
1308 1660 1363 1691 sit.
1407 1660 1545 1692 Quare:
1559 1661 1690 1700 Duxque
1699 1661 1771 1691 dum

345 1701 482 1741 procedit
494 1701 624 1731 emend.
639 1701 684 1731 D.
699 1700 820 1730 Heius.
837 1703 872 1730 et
887 1701 935 1730 sic
952 1701 1110 1739 Rutgers.
1148 1701 1240 1739 Isque
1260 1701 1332 1731 dum
1351 1701 1488 1740 procedit
1503 1701 1634 1732 emend.
1652 1702 1767 1732 Bentl.

348 1742 460 1772 allatis
476 1742 622 1782 quinque
647 1741 781 1780 Virgilii
803 1741 968 1778 versibus,
994 1741 1050 1781 qui
1077 1741 1119 1771 ab
1144 1741 1234 1780 Isque
1258 1741 1431 1781 incipiunt.
1472 1742 1539 1773 Sed
1562 1742 1643 1774 illud
1667 1743 1770 1782 laque,

349 1782 439 1823 quod
455 1783 487 1812 in
503 1783 691 1813 narratione
705 1782 893 1822 virgiliana
907 1782 993 1820 fero,
1009 1783 1042 1812 in
1058 1783 1119 1813 hoc
1135 1783 1295 1820 carmine,
1311 1789 1412 1823 atque
1425 1783 1487 1814 hoc
1510 1783 1585 1814 loco
1599 1783 1686 1815 ferre
1702 1793 1769 1814 non

347 1833 482 1863 possum
497 1833 506 1860 ;
530 1824 576 1853 ita
585 1823 735 1863 jejunum
750 1829 786 1854 et
801 1823 994 1861 languidum
1009 1829 1072 1854 est.
1097 1823 1232 1862 Tumque
1244 1825 1315 1854 dum
1325 1825 1461 1863 procedit
1478 1824 1610 1855 emend.
1626 1825 1768 1864 Cuuing.

348 1874 414 1905 qua
427 1865 574 1895 lectione
590 1864 670 1905 quid
693 1864 924 1894 invenustius?
970 1864 1101 1903 Tumque
1113 1865 1185 1894 dum
1206 1866 1345 1904 procedet
1359 1866 1438 1896 San.
1453 1870 1488 1896 et
1502 1866 1588 1897 Sivr.
1631 1866 1709 1897 Fuit
1721 1870 1769 1905 et,

347 1906 405 1946 qui
420 1905 617 1945 conjiceret,
630 1906 733 1944 Atque
747 1907 819 1936 dum
830 1905 981 1944 procedit.
1025 1906 1098 1944 Ego
1113 1914 1178 1935 nou
1192 1905 1305 1943 habui,
1321 1906 1408 1946 quod
1425 1916 1444 1936 a
1461 1907 1595 1946 vulgata
1611 1907 1770 1946 lectione,

343 1947 432 1978 bona
445 1953 479 1977 et
495 1947 668 1985 praeclara,
685 1947 889 1977 recederem.
914 1947 1047 1984 Utrum,
1063 1947 1140 1986 qula
1158 1945 1321 1976 Antonius
1334 1948 1483 1986 procedit,
1499 1948 1575 1979 ideo
1586 1948 1638 1978 ille
1654 1950 1768 1980 trium·

348 1989 443 2028 phat‚
458 1988 506 2018 illi
520 1988 746 2019 acclamatur?
790 1988 842 2018 lta
859 1987 946 2027 quod
963 1987 1166 2018 concludere
1182 1988 1355 2027 potuerint
1369 1989 1442 2020 VV.
1464 1989 1546 2020 DD.
1562 1989 1641 2020 satis
1657 1990 1767 2020 mirari

347 2038 414 2060 non
430 2038 574 2068 possum.
595 2030 748 2068 proecedes
763 2029 903 2069 Fraueq.
922 2029 1050 2064 solenni
1068 2037 1193 2059 errore.
1238 2029 1394 2068 Denique
1409 2038 1471 2060 cur
1485 2039 1533 2060 vs.
1549 2033 1602 2061 49.
1617 2034 1652 2061 et
1665 2034 1718 2062 50.
1734 2031 1768 2060 in

347 2079 415 2101 uno
427 2070 546 2101 Bland.
559 2071 660 2110 Cruq.
671 2072 853 2110 permutati
870 2070 949 2108 sint,
965 2075 1000 2100 et
1016 2079 1063 2099 vs.
1077 2072 1129 2100 50.
1145 2079 1164 2100 a
1176 2069 1265 2108 Lips.
1277 2072 1308 2100 4.
1326 2070 1427 2108 absit,
1437 2070 1537 2102 facile
1550 2070 1770 2111 intelligitur.²

345 2112 436 2143 Jani.
480 2111 566 2142 Vide
594 2111 758 2143 Gronovii
783 2111 969 2151 Epistulam
993 2111 1154 2142 Salmasio
1176 2111 1305 2150 Syllog.
1328 2112 1437 2151 Epist.
1460 2117 1538 2144 tom.
1555 2122 1597 2144 n.
1621 2122 1681 2152 pp.
1695 2115 1768 2144 557.

347 2155 504 2183 558.—6o
529 2154 595 2183 Nos
608 2153 699 2183 simul
714 2162 783 2183 var.
808 2154 886 2183 lect.
902 2162 956 2192 ap.
972 2152 1088 2183 Jones.
1134 2152 1202 2182 Nec
1216 2153 1307 2182 semel
1322 2153 1391 2184 Alt.
1408 2156 1438 2184 1.
1461 2153 1548 2185 Tota
1562 2154 1704 2192 Strophe
1719 2154 1766 2184 sic

346 2193 487 2225 habetur
503 2194 536 2224 in
550 2193 619 2226 Alt.
633 2197 663 2225 2.
690 2194 787 2234 Teque
801 2195 873 2225 dum
891 2193 1043 2233 procedis,
1058 2193 1093 2224 Io
1108 2193 1271 2232 triumphe,
1284 2193 1401 2224 Laudet
1417 2197 1447 2224 et
1461 2195 1540 2226 casti
1553 2195 1653 2235 pueri,
1667 2204 1767 2225 senes-

987 2299 1124 2332 NOTAE

387 2363 431 2392 49
455 2361 560 2402 Tuque
586 2363 658 2394 dum
684 2362 834 2402 procedis,
861 2362 898 2392 Io
922 2361 1029 2393 trium-
1083 2362 1240 2392 dentem:
1265 2370 1285 2391 ο
1300 2360 1478 2400 triumphe,
1492 2359 1570 2391 dum
1594 2359 1767 2400 procedes,

344 2409 420 2449 phe]
442 2410 518 2441 Hoc
537 2410 688 2442 referunt
705 2411 763 2441 alii
782 2410 824 2440 ad
840 2410 949 2441 Iulum
962 2410 1030 2441 An·
1082 2410 1122 2440 10
1137 2409 1277 2448 saepius3
1297 2409 1350 2447 Io,
1369 2414 1569 2448 repetemus,
1582 2411 1646 2438 &c-

347 2459 472 2490 tonium
498 2460 550 2490 vel
575 2460 762 2490 Praetorem
789 2459 838 2489 vel
854 2459 1030 2490 Consulem
1124 2461 1164 2489 53
1189 2458 1230 2488 Te
1243 2459 1344 2489 decem
1357 2456 1456 2496 tauri]
1477 2458 1531 2488 Tu
1542 2455 1668 2488 Antoni
1679 2465 1764 2487 tum-

348 2506 578 2546 designatum;
595 2509 800 2548 legumque:
817 2507 1031 2546 Duxquedum
1083 2516 1136 2538 me
1163 2507 1225 2545 vir,
1250 2516 1310 2546 pro
1332 2506 1474 2537 Caesaris
1499 2503 1589 2536 felici
1611 2503 1722 2535 reditu
1746 2514 1765 2534 a

344 2555 494 2594 procedis,
530 2557 588 2587 sed
617 2557 779 2588 absurde:
807 2556 862 2586 alii
891 2556 933 2586 ad
963 2555 1030 2587 Au·
1083 2555 1158 2586 Diis
1172 2554 1396 2594 impetrando,
1411 2553 1531 2584 vovisti
1545 2551 1764 2592 grandeuvic-

348 2606 480 2642 gustum
507 2605 775 2644 triumphantem.
809 2603 933 2634 verum
958 2603 1031 2644 ipso
1083 2604 1193 2643 timae,
1214 2612 1294 2644 quaa
1315 2603 1384 2633 voti
1405 2610 1478 2632 reus
1493 2601 1677 2632 mactabis:
1701 2609 1764 2640 ego

349 2651 434 2681 duce
461 2656 634 2688 contextu,
665 2661 746 2684 saue
771 2651 908 2692 referes,
939 2652 1032 2692 inge·
1085 2662 1164 2684 vero
1184 2652 1306 2691 tenuis,
1321 2651 1489 2682 immolato
1506 2650 1652 2691 juvenco
1666 2659 1764 2691 quem

348 2699 440 2730 niose
462 2699 580 2739 lector,
609 2701 650 2731 ad
679 2702 786 2741 ipsum
814 2701 1028 2741 triumphum,
1085 2703 1232 2743 promisi,
1248 2707 1324 2734 voto
1339 2702 1459 2733 solvar.

350 2756 448 2789 quem
463 2749 511 2780 sic
523 2750 719 2791 interpellat
734 2751 896 2782 Horatius
912 2759 1028 2791 proce-
