1930 3242
615 293 889 325 saumonem
929 294 1022 324 mn.
1056 293 1110 326 11.
1142 283 1181 323 1.

181 387 391 431 Accessit
408 388 555 430 fervor
575 388 734 441 capiti,
754 399 1044 441 numerusque
1064 386 1264 428 lucernis.

1542 282 1629 324 917

1572 387 1629 428 25

182 453 345 496 Castor
365 454 524 508 gaudet
540 455 696 508 equis;
729 468 815 496 ovo
835 458 1075 508 prognatus
1095 454 1265 504 eodem,

183 520 352 574 Pugnis
372 535 382 560 ε
413 524 519 575 quot
539 522 732 575 capitum
753 522 919 571 vivunt,
937 521 1120 563 totidem
1141 520 1382 563 studiorum

183 586 355 630 Millia:
386 600 454 629 me
473 587 665 642 pedibus
686 588 879 630 delectat
900 588 1104 630 claudere
1118 589 1272 639 verba,

183 654 327 696 Lucili
345 655 448 705 ritu,
468 659 665 696 nostrum
687 656 880 697 melioris
902 661 1103 708 utroque.

183 720 267 762 Ille
285 722 406 763 velut
424 722 526 763 fidis
546 734 707 765 arcana
728 723 960 765 sodalibus
981 722 1090 763 olim

1575 718 1634 760 3o

186 786 405 831 Credebat
422 789 572 841 libris;
600 803 758 844 neque,
780 790 821 831 si
841 789 954 831 male
975 791 1185 842 gesserat,
1203 799 1392 842 usquam

185 854 434 896 Decurrens
454 855 560 906 alio,
581 869 730 910 neque
750 857 790 898 si
807 857 946 908 bene3
976 867 1066 909 quo
1085 856 1149 905 fit,
1171 859 1223 896 ut
1241 855 1385 895 omnis

187 919 357 963 Votiva
376 926 527 976 pateat
547 924 687 965 veluti
709 923 931 978 descripta
949 922 1113 964 tabella

181 1029 246 1070 piei
257 1040 312 1071 per
326 1030 432 1062 viuum
442 1041 585 1072 percusso
599 1032 734 1064 accrevit
748 1034 854 1071 ardor,
869 1036 901 1064 et
914 1042 1058 1064 numerus
1073 1031 1276 1072 lampadibus.
1307 1031 1362 1062 Sic
1373 1034 1402 1062 et
1418 1031 1530 1062 Castor
1539 1029 1637 1069 equis,

184 1073 289 1104 eodem
310 1076 415 1104 autem
437 1083 492 1105 ovo
517 1074 617 1105 editus
638 1075 780 1106 coestibus
802 1076 984 1106 delectatur.
1030 1075 1113 1111 Quot
1127 1075 1275 1115 capitum,
1290 1078 1337 1105 tot
1351 1074 1522 1104 studiorum
1535 1072 1637 1103 millia

185 1115 338 1146 existunt.

382 1115 438 1147 Me
451 1115 545 1154 juvat
559 1117 696 1148 numeris
707 1127 796 1149 voces
810 1117 986 1156 astringere
999 1117 1039 1148 aa
1053 1117 1156 1148 instar
1169 1117 1283 1148 Lucilii
1298 1116 1385 1147 nobis
1398 1115 1541 1147 ambobus
1555 1123 1638 1153 prce·

183 1156 359 1188 nuntiaris.
405 1157 439 1189 Is
456 1158 578 1197 pridem
597 1169 654 1190 suu
678 1162 797 1191 secreta
817 1158 1027 1190 committebat
1045 1160 1162 1190 chartis
1184 1162 1331 1200 tunquam
1353 1157 1460 1189 amicis
1473 1151 1636 1200 fidelibus,

185 1207 241 1229 nec
262 1199 325 1230 ulio
347 1199 546 1239 confugiebat
566 1210 713 1241 unquam,
735 1202 802 1233 sive
826 1211 970 1242 prospere
993 1201 1059 1232 sive
1081 1201 1254 1240 infeliciter
1273 1211 1324 1232 res
1343 1201 1499 1232 caderent.

1548 1199 1639 1230 Unde

187 1240 290 1272 creuit
313 1244 349 1273 ut
375 1242 457 1273 senis
481 1242 568 1273 illius
591 1243 657 1275 vita
680 1244 779 1275 omnis
804 1247 953 1285 appareat
968 1244 1057 1284 quasi
1071 1243 1194 1285 depicta
1215 1243 1250 1275 in
1271 1244 1384 1275 tabella
1397 1252 1439 1274 ex
1451 1245 1521 1274 voto
1533 1241 1637 1280 fucta.

796 1334 1036 1351 mm

190 1399 275 1441 Reg.
289 1399 439 1430 Bentleii
453 1399 629 1431 Millonius.
671 1400 750 1431 vid.
765 1400 867 1433 Grut.
882 1401 1044 1442 Inscript.
1059 1410 1132 1434 nv,
1147 1403 1262 1432 1.-31
1287 1400 1469 1432 Lambinus
1484 1410 1547 1442 pro
1567 1411 1641 1441 ges-

186 1444 283 1480 serat,
295 1442 366 1472 sine
381 1441 588 1472 auctoritate
604 1442 688 1481 legit
700 1445 834 1473 cesserat
847 1452 859 1478 ,·
872 1443 960 1483 quod
978 1444 1092 1483 plneet
1107 1445 1209 1475 etiam
1226 1443 1304 1474 Nic.
1320 1442 1465 1474 Heinsio
1480 1443 1522 1474 ad
1535 1443 1640 1475 Ovid.

189 1483 283 1514 Fut.
297 1491 339 1514 rt.
350 1485 426 1514 38⁰.
438 1488 472 1514 et
487 1483 632 1523 Cuning.
647 1488 683 1515 et
699 1493 861 1524 recepere
875 1485 991 1516 Bentl.
1005 1484 1131 1516 Sanad.
1147 1483 1489 1523 Francis,Heindorf.
1501 1484 1642 1517 Wakef.

187 1528 224 1556 et
239 1524 344 1557 Kidd.
378 1528 520 1565 gesserat
535 1530 705 1558 testantur
719 1535 835 1558 omnes
852 1527 1000 1558 omnium
1016 1526 1116 1559 codd.
1126 1532 1162 1559 et
1178 1526 1257 1559 edd.
1270 1532 1351 1559 ante
1366 1527 1483 1559 Lamb.
1518 1528 1548 1559 sn·
1562 1528 1642 1559 mole

842 1611 986 1644 NOTAE

189 1673 345 1706 saltando
371 1674 533 1706 Milonius
559 1674 780 1706 temulentus.
817 1674 891 1705 Cic.

190 1733 254 1764 pro
269 1724 446 1755 Muraenn:
471 1724 481 1742 ‘
501 1724 612 1756 Nemo
628 1723 703 1754 fere
718 1724 823 1755 saltat
837 1733 892 1754 so-

190 1773 298 1812 brius,
311 1773 392 1815 (nisi
403 1772 494 1805 forte
510 1773 664 1814 insanit‚)
676 1783 786 1814 neque
797 1774 829 1804 in
839 1782 889 1804 so-

190 1823 347 1863 litudine,
364 1832 475 1863 neque
491 1823 524 1854 in
542 1823 697 1855 convivio
714 1823 891 1854 moderato

149 1887 151 1890 ⁴
190 1875 292 1915 utque
319 1873 473 1904 honesto.
511 1872 752 1913 Intempestivi
777 1873 893 1903 convi-

191 1923 250 1963 vii,
266 1922 388 1955 amoeni
399 1923 478 1962 loci,
494 1923 679 1954 multarum
694 1922 891 1954 deliciarum

191 1982 304 2005 comen
319 1977 376 2004 est
388 1978 542 2004 extrema
557 1971 718 2004 saltatio-³

233 2024 276 2054 25
300 2022 516 2062 Numa—usque
530 2021 679 2062 lucernis]
699 2020 780 2053 Vini
789 2031 893 2063 vapo-

194 2070 289 2102 ribus
307 2073 504 2103 concutitur
518 2081 614 2103 mens
629 2076 664 2102 et
687 2076 805 2111 caput,
829 2081 894 2104 nec

195 2120 262 2152 sibi
283 2125 436 2157 constat:
462 2120 561 2151 simul
583 2121 758 2151 oculorum
780 2122 895 2152 nervis

195 2170 334 2202 nimium
359 2175 396 2202 et
421 2169 638 2211 inaequaliter
661 2169 834 2208 distentis,
850 2171 898 2201 vi-

194 2220 318 2256 suales,
334 2224 372 2252 ut
395 2219 504 2256 aiunt,
527 2219 612 2250 radii
639 2219 895 2250 distrahuntur:

195 2275 232 2302 et
246 2271 324 2302 hinc
335 2270 510 2302 lucernam
526 2279 627 2301 unam
647 2270 765 2301 videns
781 2270 897 2302 ebrius

195 2321 312 2361 plures
329 2330 366 2352 se
384 2320 502 2352 videre
516 2323 627 2360 putat.
653 2319 796 2351 Aristot.
811 2321 897 2352 Pro-

196 2370 299 2402 blem.
326 2370 418 2402 Sect.
447 2373 480 2401 3.
507 2369 632 2402 Athen.
658 2370 718 2402 lib.
745 2379 782 2401 x.
812 2371 897 2402 Coel.

196 2419 344 2462 Rhodig.
371 2429 509 2452 xxvnr.
532 2422 588 2452 34.
611 2421 754 2452 Luci-et.
768 2421 830 2452 lib.
845 2430 896 2454 lv.

197 2471 263 2502 «ste.
291 2471 303 2488 ‘
320 2471 408 2502 Bina
423 2471 636 2502 lucernarum
652 2470 833 2511 flagrantia
847 2472 899 2502 lu·

198 2520 290 2552 minu
302 2519 459 2560 flammis,
484 2522 531 2553 Et
546 2522 704 2563 duplices
726 2522 898 2554 hominum

200 2567 305 2601 facies
318 2574 356 2601 et
369 2579 514 2610 corpora
527 2571 627 2603 bina-⁹
649 2571 811 2604 Juvenal.
827 2571 899 2604 Sat.

203 2627 252 2650 vr.
265 2621 341 2650 302.
363 2619 373 2636 ‘
387 2620 527 2659 geminis
541 2622 694 2663 exsurgit
720 2631 839 2654 mensa
851 2622 899 2652 lu-

202 2666 338 2698 cernis.’
383 2667 462 2699 Huc
491 2670 594 2702 etiam
629 2671 748 2703 referri
785 2675 902 2712 potest

202 2715 294 2757 quod
320 2716 370 2748 uit
382 2717 503 2757 virgil.
519 2719 650 2752 AEneid.
666 2731 717 2754 tv.
761 2723 771 2739 ‘
788 2722 835 2753 Et
849 2731 901 2752 so-

202 2767 270 2797 lem
286 2766 468 2807 geminum,
491 2772 528 2799 et
549 2769 702 2811 duplices
727 2781 763 2803 se
785 2763 900 2803 osten·

204 2818 285 2850 dere
298 2818 456 2850 Thebas!

988 1677 1031 1706 26
1058 1675 1170 1705 Castor
1199 1674 1315 1713 gaudet
1348 1672 1445 1713 equis,
1480 1671 1552 1712 ξω]
1584 1672 1642 1703 De

945 1725 1089 1757 Castore
1115 1729 1150 1756 et
1175 1724 1319 1755 Polluce
1345 1732 1370 1756 1.
1385 1723 1455 1754 Od.
1475 1724 1507 1754 3.
1531 1726 1568 1753 et
1591 1724 1644 1754 12.

945 1775 956 1792 ⁸
975 1774 1076 1805 Hunc
1091 1773 1201 1814 equis,
1226 1773 1320 1804 illum
1335 1781 1497 1813 superare
1520 1771 1645 1812 pugnis

946 1823 1130 1856 Nobilem:

988 1877 1030 1906 27
1057 1875 1139 1911 Quot
1154 1875 1290 1915 cupitum
1304 1873 1426 1912 vivunt,
1436 1872 1564 1904 totidem
1578 1875 1645 1904 stu-

945 1926 1067 1957 diorum
1081 1925 1206 1966 Miltia]
1229 1925 1371 1956 Terent.
1407 1925 1418 1942 ‘
1436 1923 1528 1956 Quot
1541 1924 1647 1955 homi-

946 1984 1019 2009 nes,
1056 1979 1109 2006 tot
1138 1974 1340 2006 sententiae!
1378 1974 1478 2006 Pers.
1511 1973 1585 2005 Sat.
1610 1983 1646 2006 v.

945 2025 955 2042 ‘
972 2025 1069 2057 Mille
1097 2025 1267 2056 homiuum
1294 2023 1442 2065 species,
1472 2027 1509 2054 et
1535 2033 1648 2055 rerum

948 2074 1095 2106 discolor
1111 2084 1202 2105 usus.
1225 2074 1324 2105 Velle
1336 2082 1432 2104 suum
1442 2074 1565 2113 cuique
1576 2077 1648 2105 est:

950 2134 1012 2157 nec
1027 2129 1110 2156 voto
1124 2124 1251 2156 vivitur
1265 2133 1343 2156 tuno.
1370 2123 1439 2156 Hic
1455 2132 1577 2163 campo
1599 2123 1650 2154 in·

951 2173 1091 2213 dulget,'
1107 2176 1172 2205 διο.

993 2225 1036 2254 29
1053 2221 1213 2262 Melioris]
1228 2221 1373 2253 poetica
1387 2221 1564 2254 facultate.
1581 2221 1650 2253 Alii

951 2274 1039 2304 male
1056 2272 1210 2304 referunt
1226 2271 1269 2303 ad
1281 2271 1496 2304 nobilitatem
1504 2277 1540 2303 et
1549 2281 1650 2312 opes:

951 2323 994 2353 de
1010 2323 1135 2364 quibus
1150 2321 1250 2360 infra,
1264 2332 1313 2354 vs·
1327 2325 1380 2354 ⁷5.

992 2375 1032 2404 31
1057 2372 1146 2404 Male
1166 2376 1307 2412 gesserat
1331 2372 1494 2413 [cesserat]
1516 2373 1651 2412 Legunt

952 2423 1009 2454 alii
1029 2427 1183 2462 gesserat.

994 2476 1037 2505 32
1058 2473 1238 2505 Decurrens
1249 2472 1326 2512 ulio]
1340 2471 1383 2502 Id
1399 2474 1464 2508 est,
1475 2479 1542 2501 non
1558 2469 1652 2501 aliud

952 2523 1132 2565 quaerebat
1155 2523 1385 2553 levamentum
1413 2523 1473 2550 aut
1496 2519 1652 2551 solatium

953 2574 989 2605 in
1015 2572 1192 2603 adversis:
1218 2580 1283 2601 nec
1312 2571 1346 2601 in
1367 2569 1468 2600 rebus
1494 2569 1653 2601 secundis

954 2621 1110 2653 laetitiam
1123 2629 1217 2651 suam
1232 2629 1309 2650 cum
1329 2618 1404 2649 aliis
1425 2618 1654 2650 communica-

954 2672 1024 2703 bat.

995 2722 1037 2751 33
1065 2718 1179 2751 Votica
1193 2716 1321 2757 tabella]
1344 2716 1537 2749 infortunia
1561 2718 1654 2750 euim

955 2782 1016 2803 sua
1038 2770 1181 2811 perinde
1213 2769 1271 2800 ille
1291 2768 1485 2809 descripsit,
1516 2774 1555 2800 ut
1577 2779 1656 2809 pro-

955 2829 1071 2863 speros
1086 2820 1167 2851 vitae
1183 2827 1374 2851 successus.
1411 2818 1464 2850 De
1480 2817 1656 2859 naufragis
