1890 3256
370 303 480 346 1110
837 317 879 354 Q.
912 314 1113 344 nonni·
1151 313 1318 344 πωροι

367 407 423 447 Et
443 407 656 447 dominum
677 407 846 454 fallunt,
866 410 910 446 et
931 408 1110 458 prosunt
1128 405 1307 446 furibus.
1369 405 1480 457 Ergo

368 473 414 512 Si
436 485 503 512 res
524 473 616 512 sola
639 475 780 525 potest
798 471 942 511 facere
961 477 1004 512 et
1023 483 1192 512 servare
1212 472 1401 521 beatum,

368 538 472 578 Hoc
494 539 655 590 primus
678 541 850 589 repetas
871 550 999 590 opus,
1021 537 1104 578 hoc
1125 542 1370 590 postremus
1391 536 1581 577 omittas.

367 603 414 643 Si
436 603 694 644 fortunatum
716 603 885 655 species
906 608 950 643 et
971 603 1104 654 gratia
1123 605 1321 654 praestat,

369 669 611 709 Mercemur
632 681 819 718 servum,
837 668 913 722 qui
935 668 1070 709 dictet
1087 668 1272 716 nomina,
1292 668 1450 709 laevum
1729 667 1784 708 50

364 801 603 843 ignoranturque
613 814 632 834 a
646 805 778 843 domino,
793 805 943 843 etjuvant
949 804 1052 841 sures.
1096 804 1172 839 Quae
1187 812 1254 834 cum
1267 803 1314 834 ila
1327 803 1400 838 sint.
1413 803 1498 843 sique
1517 811 1586 842 opes
1600 802 1671 831 κοῖαι
1684 800 1784 831 volent

364 844 491 874 reddere
504 845 629 882 felicem
640 850 670 877 et
685 856 886 882 conservare;
908 847 985 877 hunc
998 846 1129 876 laborem
1143 845 1276 885 primum
1298 854 1426 883 assume,
1450 848 1480 875 et
1493 845 1636 874 ultimum
1650 842 1784 873 dimitte.

365 883 404 913 Si
418 884 537 917 beatum
548 887 632 924 facit
646 889 735 919 decus
750 891 910 919 externum
923 888 1075 925 etsavor5
1098 896 1231 918 emamus
1241 896 1370 928 servum,
1381 887 1434 926 qui
1447 885 1570 916 nomina
1583 884 1695 915 civium
1711 892 1784 922 sug—

959 990 1194 1003 eeeeeeeeeeee

365 1064 448 1093 -47
469 1062 508 1093 Si
522 1073 570 1094 res
583 1065 648 1094 sola
671 1065 753 1103 potis
768 1066 852 1096 Exc.
867 1065 946 1095 Sex.
970 1070 1006 1096 et
1029 1064 1258 1103 Cuning.—48
1281 1063 1351 1094 Hac
1362 1062 1494 1102 primum
1509 1059 1672 1092 tredecim
1683 1059 1785 1091 codd.

364 1103 537 1135 Ivem-49
560 1105 764 1138 Vat.1’a1at.
780 1109 811 1138 3.
834 1111 869 1137 et
895 1106 1048 1146 Angelic.
1071 1109 1102 1137 3.
1122 1108 1285 1146 praestant.
1310 1105 1454 1135 Chisian.
1469 1107 1502 1134 5.
1527 1111 1601 1134 cum
1615 1100 1693 1132 edd.
1708 1101 1785 1132 Flo-

363 1150 452 1176 rent.
470 1148 562 1177 1482.
585 1152 620 1177 et
640 1148 762 1179 Venet.
782 1151 872 1179 1483.
897 1150 1119 1188 praestet.--50
1142 1148 1222 1179 Vat.
1237 1149 1268 1178 1.
1283 1146 1337 1186 qui
1350 1145 1460 1177 dictat.
1481 1144 1560 1175 Vnt.
1577 1144 1719 1175 Rom-2.
1732 1142 1786 1182 qai

363 1187 456 1218 dicet.
502 1189 583 1218 Mox
598 1190 709 1220 laevum
726 1189 788 1224 Qui
793 1190 914 1227 fodicet
930 1191 1008 1221 Vat.
1025 1191 1120 1220 Rom.
1135 1193 1165 1221 2.
1183 1198 1202 1219 a
1217 1198 1260 1218 m.
1275 1198 1343 1220 see.
1365 1188 1443 1218 Vat.
1468 1186 1565 1217 Rom.
1578 1187 1610 1216 8.
1633 1184 1784 1224 aliusque

363 1229 469 1258 codex
483 1239 536 1269 ap.
554 1230 662 1261 Pulm-
678 1232 728 1262 ita
744 1232 845 1272 Cruq.
866 1232 976 1263 Remi.
993 1240 1174 1271 anonymus
1186 1230 1275 1270 Traj.
1285 1229 1328 1260 ad
1343 1230 1450 1260 Rhen.
1468 1230 1562 1259 1713.
1583 1226 1684 1257 ant.
1697 1226 1784 1257 Cun.

361 1270 440 1301 San.
456 1271 604 1303 Mer-vili.
618 1273 704 1303 Phil.
720 1273 824 1305 Gesn.
850 1274 940 1304 Batt.
958 1273 1076 1305 Oberl.
1100 1272 1240 1310 Combe,
1253 1269 1384 1302 Wakef.
1400 1270 1509 1301 Wetz.
1532 1268 1640 1300 Zeno.
1670 1276 1784 1298 mum

357 1310 462 1348 fodiat
476 1313 532 1343 alii
548 1314 634 1345 Mss.
651 1315 758 1352 multi,
773 1321 810 1345 et
829 1315 1008 1355 editiones,
1025 1315 1214 1355 praesertim
1232 1323 1274 1344 ex
1289 1313 1418 1353 primis.
1448 1320 1562 1342 saevum
1577 1309 1683 1346 fodiet
1702 1309 1784 1339 Bar·-

363 1352 467 1385 berin.
485 1357 516 1385 2.
536 1355 777 1394 εωυιινηίοαὶωι
791 1357 870 1387 Vat.
886 1359 918 1387 2.
935 1359 967 1387 3.
984 1366 1004 1387 a
1026 1367 1069 1388 in.
1087 1365 1136 1395 pr.
1151 1357 1245 1386 Vatt.
1262 1358 1313 1386 10.
1331 1356 1381 1386 12.
1397 1358 1433 1384 et
1446 1355 1497 1383 18.
1521 1361 1541 1383 a
1555 1361 1599 1383 m.
1615 1360 1681 1382 sec.
1704 1350 1783 1381 Vat.

364 1396 413 1424 19.
436 1404 455 1425 a
470 1405 512 1426 m.
530 1405 578 1434 pr.
602 1398 679 1428 Vat.
697 1398 790 1429 Rom.
807 1401 838 1429 3.
854 1401 885 1428 4.
903 1403 933 1428 5.
946 1401 976 1428 6.
992 1402 1026 1428 et
1037 1400 1069 1429 7.
1093 1407 1113 1428 a
1127 1407 1168 1428 m.
1183 1406 1251 1428 sec.
1267 1397 1360 1427 Vatt.
1374 1395 1486 1426 Palat.
1499 1395 1530 1424 l.
1544 1395 1575 1424 4.
1591 1392 1738 1424 chisian.
1753 1394 1784 1422 1.

360 1439 392 1473 ‚5-
409 1434 563 1475 Angelic.
581 1441 609 1468 1.
633 1448 651 1470 a
669 1448 710 1468 m.
727 1449 774 1478 pr.
786 1439 937 1470 Valticei.
951 1442 982 1470 4.
1006 1439 1060 1470 alii
1082 1438 1181 1469 codd.
1207 1447 1262 1477 ap.
1287 1437 1391 1477 Cruq.
1414 1436 1570 1466 Torreat.
1593 1439 1631 1464 et
1656 1433 1786 1474 Vslnrt.

360 1477 471 1511 radicet
496 1479 597 1509 etiam
621 1480 746 1510 Nestor
771 1481 949 1520 Dionysius
973 1481 1006 1511 in
1023 1481 1103 1511 Lex.
1119 1485 1156 1510 et
1171 1478 1296 1519 Ugutio
1313 1477 1468 1515 Pisanus,
1492 1475 1620 1516 pariter
1644 1474 1678 1506 in
1702 1474 1784 1506 Lex.

362 1518 428 1548 Ms.
445 1529 525 1550 saec.
542 1529 623 1550 xm.
638 1522 692 1560 qui
709 1522 846 1560 exponit
861 1533 868 1551 :
892 1524 901 1539 ‘
915 1522 1047 1559 leviter,
1063 1530 1191 1561 parum,
1214 1520 1401 1551 summatim
1423 1517 1552 1552 fodere,
1575 1516 1696 1547 leviter
1710 1520 1784 1547 tan-

360 1559 464 1598 gere-¹
505 1561 580 1596 Qua
585 1562 690 1598 fodiat
706 1566 772 1594 tres
788 1563 886 1594 codd.
902 1573 956 1603 ap.
972 1563 1093 1595 Jaeck.
1106 1562 1116 1580 ‘
1132 1563 1208 1593 Non
1223 1571 1348 1600 soeoum,
1362 1560 1420 1591 sed
1436 1561 1545 1590 laeoum
1560 1558 1628 1598 legi
1641 1554 1781 1592 debere.

361 1601 415 1630 vix
431 1601 497 1632 erit
511 1603 566 1641 qui
581 1602 735 1641 dubitet3
758 1608 792 1634 et
808 1604 866 1635 has
882 1614 982 1635 voces
999 1604 1119 1644 passim
1135 1602 1295 1634 confundi
1317 1602 1350 1632 in
1374 1602 1456 1642 Mes.
1475 1601 1547 1640 jam
1562 1602 1723 1630 notarunt
1736 1597 1784 1629 N.

359 1642 479 1674 Heius.
494 1644 535 1673 ad
550 1644 610 1674 Sil.
628 1644 703 1676 Ital.
720 1654 752 1676 v.
767 1648 841 1678 060.
865 1646 980 1677 Burm-
997 1646 1038 1676 ad
1056 1645 1129 1676 Vai.
1146 1645 1258 1676 Flacc.
1273 1653 1297 1675 1.
1311 1645 1384 1674 370.
1407 1651 1464 1673 ιιι.
1482 1643 1556 1672 sm.
1577 1641 1699 1671 Servus
1714 1636 1783 1670 No-

359 1685 546 1715 menclator
561 1685 603 1716 ad
620 1686 735 1717 Baevam
751 1687 888 1726 domini,
906 1688 996 1718 iilum
1013 1687 1065 1718 vel
1083 1696 1194 1724 manu,
1209 1686 1260 1716 vel
1277 1685 1393 1716 cubito
1415 1681 1622 1720 solicitabat,
1644 1688 1682 1713 ut
1704 1681 1784 1711 dex-

360 1729 435 1772 ῐίῗΐὸ
449 1727 686 1766 prehenderet,
708 1730 871 1759 salutaret
899 1730 1033 1764 amicos.
1056 1729 1108 1759 vei
1130 1728 1278 1759 fautores
1305 1727 1339 1757 in
1365 1726 1430 1757 via.
1473 1724 1573 1758 Quod
1596 1722 1660 1754 alio
1684 1731 1783 1769 seusu

359 1766 447 1798 dixit
461 1768 562 1807 Apul.
579 1778 618 1801 n.
633 1770 717 1800 Met.
735 1781 767 1810 p.
783 1773 836 1802 38.
858 1770 912 1802 ed.
929 1771 1022 1802 Prie.
1044 1771 1052 1787 ‘
1065 1770 1190 1801 Paimis
1207 1769 1338 1800 infestis
1361 1768 1466 1799 latera
1480 1762 1672 1802 suffodere!
1713 1762 1782 1794 Ain

357 1818 470 1840 saevum
485 1811 569 1841 male
587 1811 852 1851 interpretantur
862 1822 901 1843 eo
910 1822 1021 1849 sensu,
1036 1821 1102 1853 quo
1118 1811 1203 1842 dixit
1218 1810 1368 1841 Tibuuus
1385 1817 1409 1839 1.
1425 1809 1513 1839 5453.
1530 1815 1600 1846 seq.
1621 1806 1631 1823 ‘
1646 1805 1782 1844 Pauper

358 1849 391 1878 in
409 1856 550 1889 angusto
570 1852 655 1883 fidus
680 1863 791 1884 comes
813 1854 943 1894 agmine
959 1854 1064 1885 turbae
1080 1852 1311 1892 subjicietque
1327 1859 1458 1887 manns,
1469 1846 1660 1886 efficietque
1677 1844 1783 1876 viam!

359 1889 412 1920 Cf.
428 1891 529 1923 Ovid.
545 1893 619 1926 Art.
636 1893 710 1925 Am.
724 1903 764 1926 ιι.
779 1898 852 1927 210.
875 1896 969 1926 Lact.
983 1895 1083 1926 Firm.
1100 1894 1176 1924 Div.
1193 1893 1278 1923 lust.
1294 1900 1343 1923 vr.
1354 1893 1383 1921 1.
1400 1899 1440 1922 u.
1462 1889 1535 1920 Sat.
1549 1891 1580 1920 6.
1591 1890 1642 1918 18.
1662 1891 1699 1918 et
1719 1886 1785 1918 943

1007 1997 1144 2029 No'rAE

1099 2068 1251 2108 adeoque
1267 2071 1275 2085 ¹
1289 2074 1474 2098 mercemur
1485 2064 1637 2096 servum'
1651 2073 1784 2096 nomen-

1099 2119 1272 2157 clatorem,
1295 2115 1350 2158 qui
1379 2115 1477 2147 nobis
1505 2118 1645 2155 praeest,
1670 2118 1706 2145 nt
1730 2113 1782 2150 fit.

401 2070 444 2099 40
467 2067 638 2099 Dominum
652 2068 790 2108 fallunt]
827 2069 1045 2101 Nescientem

360 2128 435 2150 esse
451 2122 564 2150 tantas
578 2117 642 2148 sibi
655 2118 801 2150 divitias.

401 2168 540 2198 Prosunt
547 2167 689 2206 furibus]
722 2168 862 2200 Scilicet
881 2177 900 2199 e
926 2177 1047 2208 magno

359 2226 498 2249 numero
514 2215 616 2248 facite
639 2216 826 2248 detrahitur
849 2227 888 2249 ac
909 2217 1046 2258 surripi-

359 2272 416 2298 tut·
442 2265 579 2306 aliquid,
599 2265 733 2297 domino
758 2268 813 2298 vix
836 2268 1047 2300 advertente.

358 2316 473 2347 Plaut.
490 2314 499 2331 ‘
517 2314 609 2346 Nihil
625 2320 676 2346 est
691 2316 746 2346 hic
760 2317 881 2356 quaesti
896 2317 1044 2348 furibus:

357 2365 408 2396 ita
432 2364 550 2396 inaniis
575 2370 653 2396 sunt
675 2365 824 2406 oppletae
847 2369 948 2406 atque
974 2375 1046 2396 ara-

360 2413 456 2444 neis.'

402 2465 444 2494 4⁷
467 2461 505 2494 Si
519 2472 567 2493 res
581 2463 645 2494 solu
656 2465 769 2503 potest,
781 2462 849 2503 ξω]
873 2461 908 2494 Si
924 2462 1044 2503 opibus

359 2511 434 2543 fieri
464 2511 598 2543 beatum
628 2512 808 2551 credimus,
835 2511 874 2542 iis
902 2512 1045 2543 maxime

359 2561 577 2602 congerendis
591 2568 728 2601 operam
745 2562 873 2592 demus.

401 2614 444 2643 ’49
458 2610 712 2650 Sisorcunatum]
733 2611 768 2642 Si
785 2610 923 2642 nominis
937 2610 1046 2650 splen-

360 2658 442 2691 dore
458 2665 493 2691 et
508 2660 619 2700 gratia
633 2659 722 2699 apud
739 2659 896 2700 populum
913 2663 1046 2690 consta-

361 2720 398 2741 re
422 2709 619 2741 felicitatem
643 2710 884 2750 existimamus,
908 2713 1057 2752 captans

361 2759 412 2790 dis
434 2759 556 2790 civium
577 2759 695 2790 animis
718 2758 959 2797 incumbamus,
978 2767 1047 2788 ma·

362 2808 522 2849 gistratus
559 2811 594 2839 et
626 2807 807 2848 dignitates
839 2806 1043 2844 ambiamus3

1100 2167 1310 2206 deducatque
1337 2165 1378 2196 ad
1415 2163 1637 2204 prensantium
1669 2172 1783 2194 unum-

1100 2226 1265 2257 quemque
1293 2220 1330 2246 et
1357 2214 1465 2246 verbis
1489 2212 1645 2245 officiosis
1669 2212 1782 2244 deme-

1100 2266 1249 2297 rendum.
1572 2258 1575 2262 ”

1141 2318 1182 2346 50
1197 2314 1260 2350 Qui
1272 2313 1366 2344 dictet
1381 2311 1515 2350 nomina,
1529 2309 1600 2351 εμπ]
1621 2309 1688 2342 Qui
1703 2318 1780 2341 can-

1099 2364 1248 2395 didatum
1265 2364 1408 2396 moneat,
1424 2369 1488 2399 quo
1504 2359 1645 2399 quisque
1658 2357 1781 2389 civium

1098 2411 1316 2453 appellandus
1331 2409 1474 2447 nomine,
1487 2416 1552 2448 quo
1566 2404 1666 2438 officii
1680 2415 1781 2447 gene-

1100 2470 1136 2491 re
1160 2458 1376 2492 obtinendum
1405 2457 1450 2488 sit
1478 2456 1549 2496 ejus
1577 2453 1782 2495 suffragium.

1098 2510 1168 2541 Cic.
1198 2511 1258 2549 pro
1283 2507 1455 2538 Muraena:
1481 2503 1592 2536 ‘Quid
1614 2503 1703 2544 quod
1723 2503 1780 2535 ha-

1099 2560 1157 2590 bes
1186 2554 1490 2589 nomenclatorem?
1504 2576 1513 2586 .
1525 2576 1535 2585 .
1547 2576 1555 2586 .
1569 2576 1577 2585 .
1588 2554 1616 2584 si
1644 2554 1778 2584 nomine

1099 2606 1259 2649 appellari
1279 2605 1338 2636 abs
1360 2609 1394 2635 te
1409 2604 1499 2635 cives
1514 2607 1589 2634 tuos
1603 2601 1779 2633 honestum

1098 2662 1174 2695 est;
1197 2661 1292 2694 turpe
1308 2658 1359 2685 est
1380 2662 1437 2684 eos
1452 2651 1600 2684 notiores
1616 2660 1691 2682 esse
1711 2660 1781 2682 ser-

1098 2715 1139 2737 vo
1155 2710 1213 2736 tuo
1229 2713 1324 2744 quam
1344 2702 1428 2735 tibi!
1453 2701 1540 2733 Vide
1552 2701 1666 2742 Sigon.
1683 2709 1721 2732 n.
1737 2699 1779 2731 de

1098 2754 1210 2788 Judic.
1227 2762 1302 2793 cap.
1318 2755 1370 2784 30.
