1956 3236
427 263 512 305 830
551 266 553 268 ’

431 364 490 405 Ut
505 365 564 405 sis
585 369 629 406 tu
650 364 803 405 similis
826 362 938 402 Coeli
959 361 1168 413 Birrique,
1186 361 1408 410 latronum,

429 430 533 470 Non
553 442 631 480 ego
652 429 730 468 sim
753 425 898 477 Capri,
917 437 1058 477 neque
1078 426 1217 475 Sulci3
1248 439 1323 467 cur
1340 431 1507 467 metuas
1528 439 1594 468 me
1609 429 1628 468 'l

429 494 564 534 Nulla
583 494 759 532 taberna
778 502 899 530 meos
918 490 1072 530 habeat
1090 503 1228 543 neque
1247 492 1337 544 pila
1356 493 1545 541 libellos,

428 559 565 608 Queis
585 568 737 596 manus
758 555 932 595 insudet
949 555 1066 606 vulgi
1087 555 1458 609 Hermogenisque
1478 556 1650 609 Tigelli,

429 624 522 664 'Nec
546 621 716 660 recitem
738 620 982 671 quicquam,
1002 620 1088 660 nisi
1107 621 1273 670 amicis,
1295 622 1426 674 idque
1445 627 1624 663 coactus

427 687 527 727 Non
549 685 706 733 ubivis,
722 696 919 724 coramve
941 685 1215 737 quibuslibet.
1274 686 1308 734 ἿῘ
1329 687 1379 732 In
1399 688 1541 727 medio
1561 688 1635 740 qui

426 752 595 802 Scripta
613 749 705 789 foro
725 749 922 798 recitent,
943 755 1040 790 sunt
1059 752 1199 800 multi,
1221 753 1378 804 quique
1396 753 1616 793 lavantes:

426 817 567 856 Suave
587 814 713 854 locus
732 815 829 854 voci
848 819 1021 855 resonat
1039 816 1290 861 conclusus.⁴
1339 816 1374 865 ῚῙ
1395 817 1547 859 Inanes

893 277 938 311 Q·
966 273 1167 303 HORATH
1202 271 1372 301 FhAccl

1777 431 1832 472 ⁹70

1778 754 1834 794 75

425 932 478 963 Sis
490 936 523 963 tu
533 933 603 964 licet
614 935 788 973 praedonum
804 934 881 965 Coeli
895 938 985 974 atque
997 934 1087 964 Birri
1094 933 1218 973 similis,
1230 945 1288 966 non
1303 944 1357 973 ego
1370 936 1497 975 proinde
1510 937 1569 966 sim
1579 934 1686 975 Caprii
1696 938 1748 966 aut
1762 934 1833 965 Sul-

421 974 474 1004 cii.
522 975 626 1009 Quare
647 983 719 1013 ergo
744 975 832 1005 times
846 974 921 1006 me?
963 975 1051 1005 Adde
1077 977 1156 1014 quod
1173 977 1256 1007 nulla
1277 977 1401 1007 taberna
1423 979 1470 1007 vel
1492 978 1628 1007 columna
1649 985 1729 1006 meos
1743 975 1833 1006 habet

422 1014 524 1050 libros,
539 1025 612 1054 quos
636 1019 717 1046 terat
740 1026 845 1046 manus
865 1017 960 1055 plebis
983 1020 1012 1046 et
1030 1016 1237 1054 Hermogenis
1254 1017 1389 1055 Tigellii.
1434 1018 1593 1048 Proeterea
1606 1017 1722 1048 nemim·
1735 1017 1830 1047 recito

419 1059 623 1097 proeterquarn
630 1057 851 1095 familiaribus,
863 1061 896 1087 et
910 1057 1026 1087 invitus
1038 1057 1155 1096 quidem
1164 1067 1174 1087 .·
1196 1067 1250 1087 nee
1264 1059 1451 1097 ubicumque,
1470 1068 1523 1088 nec
1537 1062 1608 1088 aute
1622 1066 1829 1097 quoscumque.

424 1097 484 1126 Sat
495 1098 584 1127 multi
599 1101 670 1127 sunt
684 1098 734 1136 qui
748 1099 864 1137 scripta
878 1099 1005 1128 recitent
1020 1097 1053 1127 in
1067 1098 1164 1127 medio
1181 1098 1268 1134 foro,
1280 1102 1311 1128 et
1330 1099 1384 1138 qui
1404 1100 1475 1129 dum
1491 1099 1524 1129 in
1538 1099 1651 1128 balneis
1663 1101 1736 1128 sunt
1748 1107 1760 1133 ,·
1781 1097 1832 1127 ubi

422 1138 540 1168 clausus
555 1139 723 1176 locussacit
733 1149 831 1170 vocem
842 1139 977 1177 jucunde
991 1141 1186 1169 resonantem.
1219 1138 1239 1168 Ι
1241 1139 1305 1169 llud
1313 1140 1411 1179 placet
1424 1139 1523 1178 vanis,
1537 1148 1594 1170 non
1609 1136 1832 1175 observantibus

1012 1227 1250 1242 eeeeeeeee

422 1291 498 1322 edd.
530 1292 720 1333 πύῳ-69
740 1294 750 1311 ‘
765 1294 833 1324 Pro
855 1294 911 1328 sie,
939 1294 967 1324 si
992 1298 1043 1324 est
1069 1294 1101 1324 in
1131 1293 1197 1324 Ms.
1220 1293 1374 1323 Hannov.
1398 1292 1487 1323 unde
1515 1292 1642 1322 oriatur
1666 1289 1834 1321 sententia

422 1333 512 1372 tatis,
536 1343 611 1373 quae
635 1334 779 1374 pendeat
794 1345 813 1365 a
837 1344 933 1365 versu
961 1335 1186 1373 praecede'ntit
1216 1333 1491 1373 quemadmodum
1515 1339 1644 1371 contra,
1659 1337 1696 1362 tu
1717 1330 1834 1362 similis

421 1374 586 1405 latronum
603 1375 659 1410 sis,
677 1385 739 1415 ego
755 1385 836 1405 vero
849 1385 914 1406 non
939 1377 1000 1405 sim
1026 1376 1140 1406 similis
1154 1376 1283 1405 illorum
1305 1379 1534 1405 accusatorum
1550 1384 1559 1411 ;
1583 1383 1647 1404 non
1662 1377 1713 1403 est
1735 1381 1834 1403 causa

421 1423 481 1444 cur
496 1425 547 1445 me
565 1422 702 1446 metuas.
745 1416 875 1446 Deinde
890 1417 978 1446 illam
1001 1416 1218 1455 posteriorem
1249 1415 1510 1445 enuntiationem
1528 1414 1570 1444 de
1592 1423 1627 1444 se
1649 1413 1751 1452 magis
1774 1412 1832 1443 de-

421 1455 540 1491 clarat,
556 1466 614 1486 cur
629 1465 694 1487 non
724 1457 767 1486 sit
790 1457 904 1487 similis
927 1458 1142 1488 accusatoris.
1187 1457 1250 1486 cur
1270 1459 1384 1486 metuas
1398 1465 1457 1492 me,
1476 1455 1503 1485 εἰ
1525 1456 1608 1485 nulla
1629 1454 1765 1487 taberna,
1779 1455 1832 1492 δῖε.

421 1497 462 1526 In
479 1502 616 1536 recepta
631 1497 787 1535 lectione,
802 1498 875 1528 Non
890 1507 944 1535 ego
957 1499 1014 1528 sim
1029 1503 1094 1535 est,
1109 1506 1174 1527 non
1189 1497 1264 1526 volo
1280 1507 1352 1526 esse
1369 1509 1379 1534 ;
1399 1497 1495 1527 Nulla
1504 1497 1564 1526 tab.
1578 1495 1832 1529 habeatmussam

419 1537 545 1567 habere
561 1539 648 1574 volo,
659 1538 734 1569 &c.'
759 1537 854 1568 Gesn.
898 1538 1073 1578 Byrrhique
1087 1538 1184 1569 G-ott.
1202 1537 1340 1568 Mediol.
1362 1539 1454 1567 1477.
1470 1537 1606 1567 Venett.
1624 1538 1716 1567 1477.
1739 1538 1831 1566 1478.

422 1581 516 1608 1479.
534 1578 659 1610 a1.—-7o
685 1578 792 1618 Capi-ii
806 1579 952 1609 Bentleii
969 1579 1117 1618 Magdal.
1137 1579 1265 1609 Battel.
1282 1584 1317 1608 et
1339 1588 1357 1608 a
1377 1587 1418 1607 m.
1434 1587 1485 1617 pr.
1503 1577 1622 1616 Regin.
1637 1581 1673 1607 et
1693 1576 1740 1606 sic
1753 1576 1831 1606 edd.

421 1619 534 1648 Bentl.
551 1624 585 1649 et
600 1619 723 1649 Sanad.
741 1623 778 1649 ut
794 1619 898 1658 prima
921 1619 1050 1658 syllaba
1070 1620 1282 1658 corrIpiatur,
1297 1619 1394 1658 sicuti
1418 1628 1465 1648 VS.
1482 1621 1535 1648 66.
1559 1620 1568 1635 ‘
1585 1617 1655 1656 Ego
1671 1615 1833 1654 fallebar‚'

421 1660 530 1699 inquit
546 1660 656 1690 Bentl.
670 1659 710 1690 ad
723 1660 855 1691 Terent.
872 1659 978 1691 Andr.
993 1668 1034 1690 n.
1047 1663 1076 1690 1.
1092 1663 1144 1690 20.
1167 1662 1176 1677 ‘
1194 1669 1267 1689 curn
1293 1660 1427 1690 ederem
1445 1659 1562 1698 Caprii.
1603 1659 1702 1689 Nunc
1718 1658 1832 1696 reponi

420 1700 520 1730 velim
545 1701 748 1740 Capri.'--73
772 1701 839 1731 Nec
852 1702 947 1731 recito
961 1701 1038 1732 edd.
1055 1701 1169 1741 primae
1186 1706 1219 1731 et
1243 1700 1337 1732 Harl.
1351 1703 1382 1730 2.
1399 1703 1428 1730 3.
1442 1703 1472 1730 4.
1488 1703 1518 1731 6.
1540 1703 1571 1731 7.
1616 1700 1688 1729 Neu
1708 1698 1831 1728 recitem

422 1741 564 1781 Cuning.
584 1747 618 1772 et
638 1741 760 1773 Sanad.
805 1742 893 1772 'Pro
916 1742 988 1772 Non
1017 1743 1111 1773 recito
1137 1742 1271 1781 reposui
1291 1751 1332 1772 ex
1348 1741 1544 1781 quibusdam
1572 1739 1725 1771 Lambini
1745 1739 1830 1769 Mss.

421 1783 493 1812 Non
507 1783 640 1821 recitem,
662 1788 699 1814 ut
712 1783 765 1813 hic
782 1792 893 1813 versus
908 1784 1138 1822 superioribus
1154 1783 1339 1813 cobaereat:
1361 1783 1555 1813 Torrentius
1569 1782 1695 1820 reperit
1714 1780 1747 1810 iu
1763 1780 1831 1809 suis

424 1823 489 1853 Nec
502 1824 608 1864 recito,
624 1824 710 1863 quod
725 1824 830 1854 minus
846 1824 1040 1854 concinnum
1058 1830 1120 1854 est.
1165 1824 1340 1854 Bentleius
1355 1823 1494 1854 arbitrio
1515 1823 1563 1853 sui
1587 1821 1710 1860 ingenii
1733 1829 1829 1859 repo-

421 1864 486 1894 suit
511 1865 577 1895 Nec
597 1865 721 1894 recitem
742 1864 923 1904 quicquam3
946 1874 1059 1894 verum
1082 1864 1161 1904 quid
1185 1873 1266 1902 opus
1294 1863 1386 1894 noc?
1407 1865 1508 1894 Baxt.
1551 1863 1668 1902 ‘opus
1697 1862 1829 1892 omnino

421 1905 565 1936 videtur.
611 1906 696 1936 Nam
712 1906 850 1943 cuiquam
862 1914 1102 1944 supervacuum
1118 1904 1199 1934 facit
1209 1914 1347 1944 sequens
1363 1914 1496 1935 versus:
1514 1903 1670 1944 quicquam
1679 1902 1833 1934 excludit

421 1955 517 1976 omne
537 1955 640 1985 genus
663 1945 893 1976 recitationis!
917 1946 1012 1976 Gesn.
1045 1946 1184 1985 cuiquam
1211 1945 1305 1976 Harl.
1329 1949 1359 1976 2.
1383 1948 1414 1975 3.
1432 1949 1463 1977 4.
1485 1948 1517 1976 6.
1539 1948 1570 1976 7.
1587 1950 1621 1975 et
1643 1943 1720 1974 edd.
1745 1947 1827 1974 vett.

419 1985 582 2027 quidquam
606 1988 690 2018 Exc.
712 1988 874 2018 Saum—'15
898 1986 1098 2026 Scriptasoro
1119 1986 1249 2017 recitant
1269 1987 1364 2018 Harl.
1379 1989 1495 2018 4.—79
1517 1986 1623 2025 Inquit
1639 1985 1736 2016 Harl.
1751 1986 1783 2016 3.
1798 1986 1831 2015 7.

1061 2079 1197 2111 NOTAE

461 2143 502 2172 69
520 2142 596 2172 Coeli
613 2141 758 2180 Birrique
778 2140 943 2180 latronum]
972 2141 1018 2172 Hi
1035 2141 1100 2172 duo

422 2189 637 2229 perditissimi
670 2190 799 2220 luxuria
828 2190 984 2229 juvenes,
1011 2189 1100 2219 omni

422 2243 500 2268 tunc
522 2237 705 2269 facinorum
735 2238 872 2269 audacia
901 2247 1031 2269 necnon
1053 2238 1099 2268 la-

421 2286 570 2317 trociniis
585 2286 724 2316 infames
741 2291 849 2317 erant.

462 2337 502 2365 ⁷1
529 2335 624 2366 Nulla
643 2336 767 2365 taberna
783 2344 863 2366 meos
877 2334 986 2365 habeat
1007 2344 1099 2374 neque

419 2382 485 2422 pila
508 2382 634 2422 libellos]
656 2384 728 2415 Nec
755 2384 788 2414 in
809 2383 955 2414 tabernis
979 2383 1098 2413 viliori-

422 2432 483 2462 bus
499 2431 703 2471 plebeiorum
718 2436 753 2462 et
768 2431 931 2462 artificum
944 2440 1026 2463 meae
1041 2431 1100 2462 Sa-

423 2479 494 2510 tirae
526 2490 546 2510 a
573 2478 754 2519 nugacibus
781 2479 1005 2518 ventitant-m
1038 2488 1101 2510 nec

422 2531 574 2566 prostant
591 2528 721 2558 venales
743 2528 861 2559 emtori
884 2527 1023 2559 cuilibet
1044 2536 1103 2558 ex-

422 2575 550 2614 positae,
559 2575 647 2615 apud
656 2576 865 2616 bibliopolas,
876 2585 1013 2617 quorum
1026 2580 1104 2609 sunt

422 2623 570 2655 tabernae
586 2625 673 2656 circa
689 2625 784 2665 pilas.
826 2624 912 2656 Vide
934 2625 1042 2665 Epist.
1059 2623 1101 2656 ad

422 2670 575 2710 Pisones,
592 2682 639 2703 vs.
653 2675 726 2704 373.
742 2673 853 2714 ibique
870 2673 951 2704 Not.

463 2721 504 2749 72
528 2719 788 2760 Hermogenisque
812 2721 938 2760 Tigelli]
962 2721 1011 2752 De
1034 2720 1097 2752 hoc

1152 2141 1222 2170 Sat.
1243 2148 1297 2171 nl.
1319 2142 1391 2171 129.
1435 2139 1530 2170 Alius
1547 2144 1659 2170 autem
1671 2141 1722 2170 est
1736 2138 1776 2170 ab
1791 2147 1831 2169 eo

1152 2189 1244 2228 cujus
1268 2190 1392 2219 mentio
1409 2189 1448 2220 fit
1466 2189 1562 2220 initio
1577 2189 1648 2219 Sat.
1665 2196 1706 2219 n.
1722 2191 1756 2219 e!
1770 2195 1830 2218 ιιι.

1151 2237 1205 2268 cit.
1230 2241 1266 2267 ut
1291 2237 1411 2267 ibidem
1433 2237 1598 2267 annotavi.
1642 2235 1742 2266 Hunc
1758 2235 1829 2266 Ho-

1151 2286 1253 2316 ratius
1269 2290 1456 2316 contemtus
1478 2294 1579 2316 causa
1600 2282 1689 2324 plebi
1712 2292 1830 2314 aceen-

1152 2339 1215 2370 set,
1230 2343 1393 2374 unumque
1409 2343 1428 2364 e
1445 2334 1555 2364 multis
1573 2331 1666 2372 facit,
1683 2332 1738 2373 qui
1761 2331 1829 2362 exi-

1151 2384 1235 2414 mius
1250 2382 1364 2414 baberi
1379 2381 1523 2412 volebat.

1193 2434 1234 2462 76
1256 2431 1354 2462 Suave
1376 2431 1456 2460 locus
1479 2429 1546 2459 voci
1566 2431 1684 2459 resonat
1709 2428 1829 2458 comin-

1152 2480 1217 2520 sus]
1238 2480 1278 2511 In
1300 2478 1426 2510 balneis
1449 2481 1634 2517 cameratas
1660 2477 1751 2507 locus
1773 2485 1830 2507 vo-

1154 2538 1224 2559 cem
1241 2527 1413 2558 recitantis
1438 2535 1476 2557 ac
1500 2525 1639 2565 legentis
1662 2524 1778 2555 mirum
1794 2524 1829 2555 in

1153 2576 1283 2607 modum
1293 2575 1404 2615 juvat,
1423 2579 1458 2606 et
1481 2573 1670 2605 recitationi
1685 2572 1827 2604 suavita-

1152 2629 1218 2655 tem
1230 2622 1374 2663 confert,
1388 2628 1457 2656 tum
1472 2622 1597 2663 legenti
1613 2626 1682 2653 tum
1699 2621 1831 2653 miscui-t

1151 2672 1236 2703 tanti
1255 2672 1449 2712 jucundam.
1491 2671 1591 2702 Illud>
1607 2669 1769 2702 recitandi
1793 2670 1829 2700 in

1150 2721 1277 2753 balneis
1290 2721 1464 2753 cacoethes
1477 2720 1671 2761 perstringit
1679 2720 1825 2760 Martini,
