1890 3256
637 317 913 349 suasionum
950 318 1044 349 mn.
1075 317 1129 348 11.
1158 309 1198 349 5.

1535 311 1648 352 1013

201 410 372 463 Persta,
393 417 523 467 atque
543 412 726 461 obdura,
747 425 824 453 seu
844 413 975 454 rubra
994 412 1192 454 canicula
1210 411 1344 454 findet

199 478 396 521 Infantes
417 482 601 528 statuas,
623 491 702 520 seu
723 479 872 532 pingui
895 484 1042 520 tentus
1062 492 1216 521 omaso

1590 482 1648 522 40

199 545 359 586 Furius
378 546 594 600 hybernas
615 557 730 587 cana
751 547 852 588 nive
873 550 1092 600 conspuet
1115 546 1270 600 Alpes.

198 611 359 654 Nonne
379 612 504 653 vides
521 611 704 667 (aliquis
723 613 876 654 cubito
897 617 1088 655 stantem
1107 627 1247 667 prope
1270 619 1452 668 tangens

198 677 393 734 Inquiet)
413 683 459 720 ut
477 679 676 732 patiens!
708 684 757 720 ut
778 680 934 720 amicis
954 684 1090 733 aptus
1107 680 1117 721 !
1149 685 1196 721 ut
1215 693 1318 722 acer
1335 682 1344 724 l

197 744 355 787 Plures
373 746 594 787 annabunt
613 746 780 797 thunni‚
801 750 848 787 et
865 747 1030 787 cetaria
1050 751 1266 788 crescent.

193 835 226 863 et
251 842 435 874 persevera5
463 834 528 865 sive
561 835 674 866 ardens
705 834 855 865 Canicula
882 833 1047 864 disset-abit
1088 837 1191 865 mutas
1225 834 1391 874 imagines,
1427 835 1492 867 sive
1527 836 1647 869 Furius

194 874 282 906 obeso
303 879 410 907 ventre
431 875 586 907 distentus
611 877 705 917 Alpes
733 877 839 918 hyeme
866 878 1048 916 conspergat
1074 875 1155 907 albis
1176 876 1309 909 nivibus.
1362 877 1440 908 Tum
1461 878 1544 910 enim
1564 880 1648 920 qais·

190 916 275 955 piam
301 918 478 957 prox-imum
509 919 612 950 cubito
635 919 763 959 pulsans
790 918 942 950 monebit:
973 918 1028 950 An
1057 927 1118 949 non
1146 919 1285 950 advertis
1313 929 1403 959 quam
1427 919 1479 951 ine
1511 922 1646 964 patiens,

190 967 283 997 quam
305 961 442 1000 sedulus,
469 971 562 1001 quam
581 961 689 992 amicis
713 961 755 992 sit
780 961 979 992 commodus!
1031 960 1114 992 Mox
1140 961 1335 993 unnatabunt
1362 962 1477 994 thuani
1502 964 1646 1003 plurimi,

191 1003 223 1031 ee
245 1006 410 1041 augesceret
440 1003 581 1044 piscinoe.
639 999 740 1034 Porro
765 1002 794 1034 si
822 1002 935 1043 aliquis
947 1002 1056 1044 filium
1084 1003 1258 1035 valetudine
1277 1013 1388 1044 parum
1410 1004 1511 1047 firma
1539 1007 1647 1038 educet

795 1085 1039 1099 “econ-'oon

189 1138 332 1178 cognitor
348 1139 445 1173 Harl.
461 1143 492 1174 2.
504 1143 536 1174 3.
548 1144 580 1173 4.
592 1144 712 1174 6.-42
730 1142 829 1176 Harl.
845 1146 878 1176 6.
899 1143 1034 1185 aliquem
1049 1143 1151 1175 cubito
1165 1146 1301 1182 stantem
1315 1147 1508 1185 propa-48
1521 1145 1646 1187 Adrepe

846 1217 991 1250 NOTAE

232 1281 275 1311 39
296 1278 358 1311 Seu
373 1280 470 1312 rubra
486 1281 638 1321 canicula,
653 1282 724 1323 ξω]
748 1282 887 1314 AEstatis

189 1333 225 1359 et
245 1329 375 1369 hyemis
399 1330 624 1371 incommoda,
640 1335 761 1363 aestum
778 1337 814 1363 et
827 1331 887 1363 fri-

187 1387 250 1418 gus
267 1378 399 1410 sustine
415 1379 597 1420 patienter.
628 1380 686 1411 De
709 1380 885 1421 Canicula,

187 1427 268 1458 alibi
282 1427 365 1459 dixi.

229 1477 344 1509 findet
359 1477 505 1516 Infantes
528 1478 665 1519 statuas]
689 1480 736 1511 Ut
758 1479 882 1512 acriori

185 1528 263 1569 gelu
277 1527 452 1560 finduntur
467 1529 610 1570 lapides,
619 1530 669 1561 sic
681 1530 784 1562 etiam
796 1536 883 1563 aestu

185 1577 270 1610 dicit
295 1577 380 1609 findi
395 1583 526 1610 statuas
549 1578 716 1619 lapideas,
738 1580 881 1621 ligneas,

183 1629 246 1659 &c-
276 1638 361 1670 quas
390 1632 427 1660 et
456 1627 606 1660 infantes
628 1634 738 1662 vocat.
787 1631 882 1662 Dura

181 1687 263 1709 sane
281 1678 398 1717 dictio,
409 1688 508 1720 quam
525 1688 600 1709 esse
614 1679 817 1710 crediderim
831 1680 882 1711 in-

182 1728 265 1759 sulsi
293 1728 470 1769 cujusdam
498 1727 608 1769 poetae
635 1729 734 1760 nobis
758 1729 882 1771 ignoti,

181 1786 223 1809 ac
249 1777 361 1810 notari
391 1778 630 1820 proscindique
654 1778 696 1810 ab
723 1779 883 1819 Horatio,

181 1827 465 1868 quemadmodum
488 1831 524 1859 et
547 1837 627 1860 mox
655 1828 751 1860 Furii
774 1833 881 1861 meta-

182 1877 337 1918 phoram,
350 1880 360 1896 ‘
373 1876 555 1918 conspuit!

222 1929 265 1959 40
288 1926 412 1966 Pingui
440 1929 545 1959 tentus
572 1925 691 1966 omaso]
714 1925 878 1959 Omasum

179 1977 394 2016 intestinum,
412 1986 474 2018 pro
490 1981 624 2015 ventre,
641 1976 787 2018 Synecd.
822 1977 880 2009 Ita

181 2026 281 2058 Pers.
304 2026 378 2058 Sat.
395 2035 420 2058 ι.
442 2026 538 2058 Calvi
552 2026 663 2067 poi-itae
685 2026 877 2068 ‘aqualicu-

180 2075 249 2106 lum
263 2074 468 2116 sesquipede
484 2078 658 2107 extantem
671 2074 680 2089 '
703 2075 806 2107 ridet.

222 2127 263 2156 41
289 2124 408 2156 Furius
433 2123 598 2166 hybernas,
622 2123 693 2165 esa]
727 2124 880 2157 Parodia

179 2179 235 2207 est
250 2174 389 2208 Furiaui
408 2174 579 2214 versiculi,
595 2184 693 2215 quem
710 2179 749 2206 ut
765 2174 878 2206 durio·

181 2234 253 2256 rem
283 2224 396 2265 carpit
426 2223 619 2256 Horatius:
654 2224 811 2255 similiter
841 2229 878 2257 et

178 2279 275 2308 notat
290 2275 436 2310 Quintil.
456 2283 534 2306 vin.
550 2277 584 2306 6.
616 2274 736 2305 Furius
753 2283 878 2315 nempe

178 2324 332 2367 hyemem
354 2324 553 2356 describens
575 2323 733 2355 dixerat:
758 2324 877 2365 ‘Jupi-

177 2380 232 2406 ter
256 2374 424 2416 hybernas
445 2383 532 2405 cana
548 2373 626 2404 nive
641 2374 800 2414 conspuit
815 2374 875 2405 Al-

177 2423 262 2466 pes.’
305 2424 468 2456 Ceterum
481 2423 586 2465 poeta
601 2423 658 2454 ille
670 2433 876 2464 cognomen-

177 2477 214 2505 to
242 2473 427 2505 Bibaculus
455 2482 586 2505 summo
612 2473 748 2512 ingenio
769 2478 805 2505 et
826 2473 876 2504 in·-

177 2517 297 2564 primis
307 2524 426 2565 lepido
442 2524 547 2557 fuisse
566 2532 738 2566 narratur,
755 2530 792 2557 nt
808 2535 875 2557 non

175 2575 342 2608 minorem
357 2575 492 2607 laudem
509 2576 626 2608 tulerit
641 2586 741 2618 quain
758 2576 872 2607 Catul-

175 2626 228 2658 lus
237 2630 297 2657 ant
307 2625 481 2657 Horatius.
497 2627 600 2659 Certe
613 2627 767 2668 quaedam
780 2636 822 2659 ex
830 2636 872 2659 eo

175 2675 324 2709 mutuari
353 2680 458 2716 atque
483 2675 609 2708 imitari
621 2678 781 2718 Virgilius
803 2687 872 2709 non

175 2724 360 2757 dubitavit.
413 2724 588 2757 Cremonae
623 2732 740 2760 natum
777 2729 873 2760 aiunt

174 2775 294 2808 iisdem
309 2775 517 2816 temporibus
534 2776 655 2817 quibus
670 2778 820 2811 Lucilius
835 2784 872 2811 et

173 2825 270 2858 Sext.
300 2823 474 2866 Turpilius
503 2824 728 2860 interierunt:
763 2834 799 2861 et
837 2830 871 2862 iu

941 1281 1089 1313 carmine
1121 1281 1274 1313 Iambico
1300 1281 1438 1322 egregie
1460 1286 1645 1314 versatum.

940 1332 984 1364 P.
1001 1332 1125 1364 Crinit.
1152 1331 1195 1364 de
1215 1332 1316 1364 Ροέῑ.
1334 1333 1410 1364 Lat.
1433 1342 1475 1364 n.
1490 1335 1544 1365 31.
1569 1333 1645 1364 Ma-

939 1382 1032 1414 crob.
1052 1382 1225 1413 Saturnal.
1244 1382 1304 1413 lib.
1321 1390 1372 1413 vr.
1389 1382 1536 1415 Quintil.
1554 1390 1591 1414 x.
1609 1385 1641 1414 l.

939 1431 1032 1462 Gell.
1048 1439 1159 1463 xvrn.
1175 1433 1228 1462 11.
1254 1431 1404 1463 Crinitus
1421 1431 1482 1463 cit.
1498 1431 1558 1462 hos
1575 1431 1642 1462 Fn-

939 1480 980 1511 rii
1010 1489 1124 1511 versus
1149 1479 1250 1511 affert
1277 1479 1322 1511 de
1347 1480 1429 1510 villa
1452 1480 1644 1512 Tusculana

937 1529 1090 1568 Catonis,
1127 1539 1203 1570 quae
1242 1534 1385 1570 propter
1416 1539 1462 1560 aes
1492 1530 1642 1561 alienum

937 1579 1166 1611 creditoribus
1181 1585 1357 1611 cesserat:
1386 1580 1395 1597 ‘
1410 1579 1554 1611 Catonis
1570 1589 1642 1612 mo-

936 1629 994 1666 do,
1010 1629 1126 1668 Galle,
1140 1630 1370 1661 Tusculanum
1385 1628 1474 1660 Tota
1489 1629 1643 1661 creditor

935 1678 1023 1710 urbe
1038 1678 1250 1710 venditabat.
1296 1678 1417 1709 Mirati
1431 1687 1547 1710 sumus
1567 1679 1641 1711 uni·

936 1736 1012 1758 cnm
1029 1727 1240 1768 magistrum,
1254 1726 1428 1758 Summum
1445 1729 1641 1767 grammati-

935 1787 1024 1818 cum,
1053 1777 1220 1818 optimum
1247 1775 1397 1819 poetam,
1416 1776 1546 1809 Omnes
1572 1779 1640 1809 sol·

936 1837 1016 1859 vere
1042 1837 1143 1869 posse
1164 1827 1381 1869 quaestiones,
1398 1827 1538 1858 Nullum
1553 1826 1640 1859 diffi-

933 1877 1001 1909 cile
1018 1877 1182 1918 expedire
1197 1886 1334 1908 nomen.
1379 1877 1432 1908 En
1454 1887 1512 1909 cor
1527 1878 1639 1910 Zeno·

933 1927 1020 1968 dori,
1035 1936 1076 1958 en
1083 1927 1189 1968 jecur
1204 1926 1379 1959 Cratetis-⁹

976 1979 1019 2009 42
1034 1977 1147 2009 Nonne
1161 1977 1247 2009 vides
1261 1977 1404 2019 (aliquis,
1419 1976 1488 2017 ssa]
1504 1977 1593 2010 Haec
1609 1978 1637 2010 si

930 2026 1070 2068 feceris,
1091 2027 1213 2070 aliquis
1237 2027 1310 2059 seni
1338 2032 1454 2059 astans
1475 2031 1567 2059 tuam
1584 2037 1637 2059 se-

930 2076 1108 2109 dulitatem
1125 2077 1293 2116 laudabit,
1316 2076 1478 2118 dicetque
1495 2078 1548 2110 eit
1574 2077 1637 2109 Vi-

931 2126 1036 2158 desne
1051 2127 1195 2159 hominis
1211 2127 1273 2159 tibi
1290 2126 1420 2158 addicti
1432 2127 1582 2159 studium
1598 2133 1636 2160 et

930 2176 1104 2208 laborem?
1124 2179 1189 2208 διο.

976 2226 1091 2257 Cubita
1114 2225 1260 2266 tangens]
1282 2226 1378 2259 Pers.
1403 2227 1476 2259 Sat.
1503 2235 1555 2259 ιν.
1579 2230 1632 2261 34.

930 2276 940 2294 ¹
953 2275 1016 2306 Est
1032 2284 1140 2316 prope
1156 2279 1190 2307 te
1206 2275 1343 2317 ignotus
1355 2277 1473 2309 cubito
1487 2278 1544 2319 qui
1558 2282 1633 2310 tan·

931 2325 1012 2366 gat:
1024 2327 1089 2356 &c.

972 2379 1015 2407 44
1038 2376 1152 2407 Plures
1175 2376 1333 2408 annabunt
1356 2377 1484 2418 thuani]
1507 2377 1630 2408 Plures

929 2425 1053 2457 exinde
1081 2435 1180 2457 senes
1207 2427 1363 2467 opulenti
1389 2426 1558 2458 accedent
1585 2426 1629 2458 ad

929 2480 978 2516 te,
1009 2475 1154 2517 priorem
1186 2481 1277 2508 tuam
1307 2476 1523 2515 diligentiam
1551 2477 1632 2508 assi-

928 2526 1064 2568 duaque
1080 2526 1193 2559 officia
1207 2527 1442 2567 contemplati,
1458 2536 1561 2568 seque
1578 2528 1629 2559 ul-

929 2583 984 2610 tro
1012 2587 1157 2619 suasque
1183 2588 1236 2608 res
1263 2583 1332 2609 tuae
1363 2577 1443 2610 fidei
1470 2583 1508 2610 et
1534 2589 1627 2612 curae

927 2627 1154 2659 committent.
1173 2627 1306 2658 Thunni
1318 2631 1396 2658 sunt
1407 2627 1516 2668 pisces
1527 2638 1628 2669 gran-

927 2677 1051 2716 diores,
1081 2677 1160 2708 vitae
1187 2676 1312 2711 brevis,
1343 2679 1408 2708 ἃς.
1451 2678 1544 2710 Plin.
1571 2686 1626 2713 tx.

929 2731 979 2759 15.
995 2737 1072 2759 cum
1097 2727 1148 2758 his
1165 2731 1246 2768 apte
1262 2731 1505 2768 comparantur
1526 2738 1623 2761 senes

926 2777 1047 2818 opibus
1063 2781 1237 2818 potentes,
1250 2781 1289 2809 ut
1313 2782 1351 2809 et
1374 2781 1532 2818 captator
1547 2789 1623 2811 cum

926 2827 1108 2870 piscatore.
1160 2827 1325 2860 Similiter
1350 2827 1527 2862 Juvenalis
1548 2830 1622 2863 Sat.
