<?xml version="1.0" encoding="UTF-8"?>
<!DOCTYPE html PUBLIC "-//W3C//DTD XHTML 1.0 Transitional//EN"
    "http://www.w3.org/TR/xhtml1/DTD/xhtml1-transitional.dtd">
<html xmlns="http://www.w3.org/1999/xhtml" xml:lang="en" lang="en">
 <head>
  <title>
</title>
<meta http-equiv="Content-Type" content="text/html;charset=utf-8" />
  <meta name='ocr-system' content='tesseract 3.04.00' />
  <meta name='ocr-capabilities' content='ocr_page ocr_carea ocr_par ocr_line ocrx_word'/>
</head>
<body>
  <div class='ocr_page' id='page_1' title='image "./operazeune02horauoft_0258.png"; bbox 0 0 1904 3256; ppageno 0'>
   <div class='ocr_carea' id='block_1_1' title="bbox 363 273 1304 323">
    <p class='ocr_par' dir='ltr' id='par_1_1' title="bbox 363 273 1304 323">
     <span class='ocr_line' id='line_1_1' title="bbox 363 273 1304 323; baseline -0.001 -8"><span class='ocrx_word' id='word_1_1' title='bbox 363 273 448 315; x_wconf 77' lang='lat'><strong>798</strong></span> <span class='ocrx_word' id='word_1_2' title='bbox 822 287 865 323; x_wconf 85' lang='lat' dir='ltr'><strong>Q.</strong></span> <span class='ocrx_word' id='word_1_3' title='bbox 896 286 1099 315; x_wconf 76' lang='lat' dir='ltr'><strong>HORA&#39;I&#39;H</strong></span> <span class='ocrx_word' id='word_1_4' title='bbox 1134 285 1304 315; x_wconf 74' lang='lat' dir='ltr'>FLACCI</span> 
     </span>
    </p>
   </div>
   <div class='ocr_carea' id='block_1_2' title="bbox 358 375 1768 951">
    <p class='ocr_par' dir='ltr' id='par_1_2' title="bbox 362 375 1604 494">
     <span class='ocr_line' id='line_1_2' title="bbox 362 375 1604 431; baseline 0.003 -15"><span class='ocrx_word' id='word_1_5' title='bbox 362 375 538 416; x_wconf 85' lang='lat' dir='ltr'><strong>Ancilla</strong></span> <span class='ocrx_word' id='word_1_6' title='bbox 558 379 631 417; x_wconf 85' lang='lat' dir='ltr'><strong>aut</strong></span> <span class='ocrx_word' id='word_1_7' title='bbox 650 389 778 417; x_wconf 84' lang='lat' dir='ltr'><strong>verna</strong></span> <span class='ocrx_word' id='word_1_8' title='bbox 798 380 863 416; x_wconf 88' lang='lat' dir='ltr'><strong>est</strong></span> <span class='ocrx_word' id='word_1_9' title='bbox 882 379 1040 427; x_wconf 85' lang='lat' dir='ltr'><strong>praesto</strong></span> <span class='ocrx_word' id='word_1_10' title='bbox 1061 388 1185 426; x_wconf 88' lang='lat' dir='ltr'><strong>puer,</strong></span> <span class='ocrx_word' id='word_1_11' title='bbox 1203 377 1390 429; x_wconf 82' lang='lat' dir='ltr'><strong>impetus</strong></span> <span class='ocrx_word' id='word_1_12' title='bbox 1410 377 1454 418; x_wconf 90' lang='lat' dir='ltr'><strong>in</strong></span> <span class='ocrx_word' id='word_1_13' title='bbox 1479 391 1604 431; x_wconf 89' lang='lat' dir='ltr'><strong>quem</strong></span> 
     </span>
     <span class='ocr_line' id='line_1_3' title="bbox 362 439 1252 494; baseline 0.003 -14"><span class='ocrx_word' id='word_1_14' title='bbox 362 440 579 482; x_wconf 87' lang='lat' dir='ltr'>Continuo</span> <span class='ocrx_word' id='word_1_15' title='bbox 599 441 689 488; x_wconf 82' lang='lat' dir='ltr'><strong>fiat,</strong></span> <span class='ocrx_word' id='word_1_16' title='bbox 713 440 837 479; x_wconf 84' lang='lat' dir='ltr'><strong>malis</strong></span> <span class='ocrx_word' id='word_1_17' title='bbox 858 439 1062 491; x_wconf 85' lang='lat' dir='ltr'><strong>tentigine</strong></span> <span class='ocrx_word' id='word_1_18' title='bbox 1080 442 1252 494; x_wconf 69' lang='lat' dir='ltr'><strong>rumpi?</strong></span> 
     </span>
    </p>

    <p class='ocr_par' dir='ltr' id='par_1_3' title="bbox 360 504 1768 692">
     <span class='ocr_line' id='line_1_4' title="bbox 362 504 1721 563; baseline 0.006 -18"><span class='ocrx_word' id='word_1_19' title='bbox 362 505 461 553; x_wconf 87' lang='lat' dir='ltr'><strong>Non</strong></span> <span class='ocrx_word' id='word_1_20' title='bbox 482 519 562 557; x_wconf 87' lang='lat' dir='ltr'><strong>ego</strong></span> <span class='ocrx_word' id='word_1_21' title='bbox 580 520 590 555; x_wconf 91' lang='grc'>;</span> <span class='ocrx_word' id='word_1_22' title='bbox 620 516 808 555; x_wconf 83' lang='lat' dir='ltr'><strong>namque</strong></span> <span class='ocrx_word' id='word_1_23' title='bbox 827 504 1062 555; x_wconf 80' lang='lat' dir='ltr'><strong>parabilem</strong></span> <span class='ocrx_word' id='word_1_24' title='bbox 1081 518 1179 546; x_wconf 87' lang='lat' dir='ltr'><strong>amo</strong></span> <span class='ocrx_word' id='word_1_25' title='bbox 1199 505 1427 556; x_wconf 84' lang='lat' dir='ltr'><strong>Venerem,</strong></span> <span class='ocrx_word' id='word_1_26' title='bbox 1448 508 1721 563; x_wconf 73' lang='lat' dir='ltr'><strong>facilemque.</strong></span> 
     </span>
     <span class='ocr_line' id='line_1_5' title="bbox 361 568 1768 627; baseline 0.006 -17"><span class='ocrx_word' id='word_1_27' title='bbox 361 570 395 618; x_wconf 60' lang='grc' dir='ltr'>Ἥ</span> <span class='ocrx_word' id='word_1_28' title='bbox 415 571 554 618; x_wconf 86' lang='lat' dir='ltr'><strong>Illam,</strong></span> <span class='ocrx_word' id='word_1_29' title='bbox 577 572 589 590; x_wconf 93' lang='lat'>‘</span> <span class='ocrx_word' id='word_1_30' title='bbox 606 569 710 608; x_wconf 86' lang='lat' dir='ltr'>Post</span> <span class='ocrx_word' id='word_1_31' title='bbox 730 568 859 620; x_wconf 85' lang='lat' dir='ltr'><strong>paulo</strong></span> <span class='ocrx_word' id='word_1_32' title='bbox 874 568 898 618; x_wconf 91' lang='lat'><strong>;&#39;</strong></span> <span class='ocrx_word' id='word_1_33' title='bbox 928 571 941 590; x_wconf 92' lang='lat'>‘</span> <span class='ocrx_word' id='word_1_34' title='bbox 956 569 1043 609; x_wconf 86' lang='lat' dir='ltr'><strong>Sed</strong></span> <span class='ocrx_word' id='word_1_35' title='bbox 1063 570 1202 621; x_wconf 84' lang='lat' dir='ltr'><strong>pluris</strong></span> <span class='ocrx_word' id='word_1_36' title='bbox 1219 571 1242 612; x_wconf 74' lang='grc' dir='ltr'><strong>ε’</strong></span> <span class='ocrx_word' id='word_1_37' title='bbox 1286 575 1297 594; x_wconf 94' lang='lat'>‘</span> <span class='ocrx_word' id='word_1_38' title='bbox 1312 573 1359 613; x_wconf 91' lang='lat' dir='ltr'><strong>Si</strong></span> <span class='ocrx_word' id='word_1_39' title='bbox 1378 574 1531 614; x_wconf 87' lang='lat' dir='ltr'><strong>exierit</strong></span> <span class='ocrx_word' id='word_1_40' title='bbox 1548 575 1612 615; x_wconf 79' lang='lat' dir='ltr'><strong>vir</strong></span> <span class='ocrx_word' id='word_1_41' title='bbox 1627 575 1651 627; x_wconf 94' lang='lat'><strong>;&#39;</strong></span> <span class='ocrx_word' id='word_1_42' title='bbox 1688 577 1768 618; x_wconf 67' lang='lat'><strong>121³</strong></span> 
     </span>
     <span class='ocr_line' id='line_1_6' title="bbox 360 632 1644 692; baseline 0.005 -17"><span class='ocrx_word' id='word_1_43' title='bbox 360 634 524 684; x_wconf 83' lang='lat' dir='ltr'><strong>Gallis;</strong></span> <span class='ocrx_word' id='word_1_44' title='bbox 555 633 679 681; x_wconf 83' lang='lat' dir='ltr'><strong>hanc,</strong></span> <span class='ocrx_word' id='word_1_45' title='bbox 702 632 980 674; x_wconf 88' lang='lat' dir='ltr'><strong>Philodemus</strong></span> <span class='ocrx_word' id='word_1_46' title='bbox 1002 635 1076 684; x_wconf 86' lang='lat' dir='ltr'><strong>ait,</strong></span> <span class='ocrx_word' id='word_1_47' title='bbox 1096 635 1194 685; x_wconf 87' lang='lat' dir='ltr'><strong>sibi,</strong></span> <span class='ocrx_word' id='word_1_48' title='bbox 1214 649 1313 689; x_wconf 74' lang='lat' dir='ltr'><strong>quae</strong></span> <span class='ocrx_word' id='word_1_49' title='bbox 1333 651 1470 691; x_wconf 89' lang='lat' dir='ltr'><strong>neque</strong></span> <span class='ocrx_word' id='word_1_50' title='bbox 1493 652 1644 692; x_wconf 82' lang='lat' dir='ltr'><strong>magno</strong></span> 
     </span>
    </p>

    <p class='ocr_par' dir='ltr' id='par_1_4' title="bbox 359 699 1687 822">
     <span class='ocr_line' id='line_1_7' title="bbox 359 699 1562 754; baseline 0.004 -14"><span class='ocrx_word' id='word_1_51' title='bbox 359 700 452 740; x_wconf 89' lang='lat' dir='ltr'><strong>Stet</strong></span> <span class='ocrx_word' id='word_1_52' title='bbox 469 699 624 751; x_wconf 83' lang='lat' dir='ltr'><strong>pretio,</strong></span> <span class='ocrx_word' id='word_1_53' title='bbox 643 710 783 751; x_wconf 89' lang='lat' dir='ltr'><strong>neque</strong></span> <span class='ocrx_word' id='word_1_54' title='bbox 797 701 1027 747; x_wconf 87' lang='lat' dir='ltr'><strong>cunctetur,</strong></span> <span class='ocrx_word' id='word_1_55' title='bbox 1044 712 1139 740; x_wconf 92' lang='lat' dir='ltr'><strong>cum</strong></span> <span class='ocrx_word' id='word_1_56' title='bbox 1161 706 1227 742; x_wconf 87' lang='lat' dir='ltr'><strong>est</strong></span> <span class='ocrx_word' id='word_1_57' title='bbox 1239 701 1380 754; x_wconf 88' lang='lat' dir='ltr'><strong>jussa,</strong></span> <span class='ocrx_word' id='word_1_58' title='bbox 1401 704 1562 745; x_wconf 87' lang='lat' dir='ltr'><strong>venire:</strong></span> 
     </span>
     <span class='ocr_line' id='line_1_8' title="bbox 360 763 1687 822; baseline 0.007 -20"><span class='ocrx_word' id='word_1_59' title='bbox 360 763 557 803; x_wconf 85' lang='lat' dir='ltr'><strong>Candida</strong></span> <span class='ocrx_word' id='word_1_60' title='bbox 576 766 779 815; x_wconf 84' lang='lat' dir='ltr'><strong>rectaque</strong></span> <span class='ocrx_word' id='word_1_61' title='bbox 799 764 882 814; x_wconf 83' lang='lat' dir='ltr'><strong>sit3</strong></span> <span class='ocrx_word' id='word_1_62' title='bbox 911 765 1074 805; x_wconf 81' lang='lat' dir='ltr'><strong>munda</strong></span> <span class='ocrx_word' id='word_1_63' title='bbox 1092 765 1313 816; x_wconf 83' lang='lat' dir='ltr'><strong>hactenus,</strong></span> <span class='ocrx_word' id='word_1_64' title='bbox 1334 773 1382 808; x_wconf 87' lang='lat' dir='ltr'><strong>ut</strong></span> <span class='ocrx_word' id='word_1_65' title='bbox 1400 781 1539 822; x_wconf 90' lang='lat' dir='ltr'><strong>neque</strong></span> <span class='ocrx_word' id='word_1_66' title='bbox 1559 769 1687 822; x_wconf 82' lang='lat' dir='ltr'><strong>longa.</strong></span> 
     </span>
    </p>

    <p class='ocr_par' dir='ltr' id='par_1_5' title="bbox 359 828 1472 883">
     <span class='ocr_line' id='line_1_9' title="bbox 359 828 1472 883; baseline 0.004 -16"><span class='ocrx_word' id='word_1_67' title='bbox 359 828 402 868; x_wconf 94' lang='lat' dir='ltr'>N</span> <span class='ocrx_word' id='word_1_68' title='bbox 406 840 455 867; x_wconf 89' lang='lat' dir='ltr'><strong>ec</strong></span> <span class='ocrx_word' id='word_1_69' title='bbox 475 828 613 880; x_wconf 80' lang='lat' dir='ltr'><strong>magis</strong></span> <span class='ocrx_word' id='word_1_70' title='bbox 634 829 735 869; x_wconf 85' lang='lat' dir='ltr'><strong>alba</strong></span> <span class='ocrx_word' id='word_1_71' title='bbox 754 829 876 878; x_wconf 85' lang='lat' dir='ltr'><strong>velit,</strong></span> <span class='ocrx_word' id='word_1_72' title='bbox 897 842 1024 883; x_wconf 82' lang='lat' dir='ltr'><strong>quam</strong></span> <span class='ocrx_word' id='word_1_73' title='bbox 1045 830 1117 871; x_wconf 86' lang='lat' dir='ltr'><strong>det</strong></span> <span class='ocrx_word' id='word_1_74' title='bbox 1134 836 1302 883; x_wconf 84' lang='lat' dir='ltr'><strong>natura,</strong></span> <span class='ocrx_word' id='word_1_75' title='bbox 1323 834 1472 875; x_wconf 85' lang='lat' dir='ltr'><strong>videri.</strong></span> 
     </span>
    </p>

    <p class='ocr_par' dir='ltr' id='par_1_6' title="bbox 358 894 1768 951">
     <span class='ocr_line' id='line_1_10' title="bbox 358 894 1768 951; baseline 0.007 -18"><span class='ocrx_word' id='word_1_76' title='bbox 358 894 488 942; x_wconf 86' lang='lat' dir='ltr'><strong>Haec,</strong></span> <span class='ocrx_word' id='word_1_77' title='bbox 509 894 586 934; x_wconf 90' lang='lat' dir='ltr'><strong>ubi</strong></span> <span class='ocrx_word' id='word_1_78' title='bbox 606 895 843 947; x_wconf 85' lang='lat' dir='ltr'><strong>supposuit</strong></span> <span class='ocrx_word' id='word_1_79' title='bbox 860 895 1011 936; x_wconf 84' lang='lat' dir='ltr'><strong>dextro</strong></span> <span class='ocrx_word' id='word_1_80' title='bbox 1033 909 1192 950; x_wconf 89' lang='lat' dir='ltr'><strong>corpus</strong></span> <span class='ocrx_word' id='word_1_81' title='bbox 1214 898 1317 939; x_wconf 92' lang='lat' dir='ltr'><strong>mihi</strong></span> <span class='ocrx_word' id='word_1_82' title='bbox 1337 899 1509 951; x_wconf 84' lang='lat' dir='ltr'><strong>laevum,</strong></span> <span class='ocrx_word' id='word_1_83' title='bbox 1688 902 1768 943; x_wconf 77' lang='lat'><strong>125</strong></span> 
     </span>
    </p>
   </div>
   <div class='ocr_carea' id='block_1_3' title="bbox 351 1027 1766 1198">
    <p class='ocr_par' dir='ltr' id='par_1_7' title="bbox 351 1027 1766 1198">
     <span class='ocr_line' id='line_1_11' title="bbox 361 1027 1766 1075; baseline 0.004 -17"><span class='ocrx_word' id='word_1_84' title='bbox 361 1027 503 1059; x_wconf 81' lang='lat' dir='ltr'><strong>Venerem</strong></span> <span class='ocrx_word' id='word_1_85' title='bbox 514 1032 663 1068; x_wconf 79' lang='lat' dir='ltr'><strong>promtam</strong></span> <span class='ocrx_word' id='word_1_86' title='bbox 675 1033 706 1060; x_wconf 85' lang='lat' dir='ltr'><strong>et</strong></span> <span class='ocrx_word' id='word_1_87' title='bbox 719 1030 900 1070; x_wconf 77' lang='lat' dir='ltr'><strong>expeditam.</strong></span> <span class='ocrx_word' id='word_1_88' title='bbox 944 1031 1020 1065; x_wconf 83' lang='lat' dir='ltr'><strong>Quoe</strong></span> <span class='ocrx_word' id='word_1_89' title='bbox 1034 1041 1104 1062; x_wconf 83' lang='lat' dir='ltr'><strong>vero</strong></span> <span class='ocrx_word' id='word_1_90' title='bbox 1118 1033 1211 1064; x_wconf 73' lang='lat' dir='ltr'><strong>dicit.-</strong></span> <span class='ocrx_word' id='word_1_91' title='bbox 1234 1034 1332 1065; x_wconf 73' lang='lat' dir='ltr'><strong>Paerulo</strong></span> <span class='ocrx_word' id='word_1_92' title='bbox 1353 1038 1441 1073; x_wconf 67' lang='lat' dir='ltr'><strong>pant,-</strong></span> <span class='ocrx_word' id='word_1_93' title='bbox 1462 1039 1497 1066; x_wconf 78' lang='lat' dir='ltr'><strong>at</strong></span> <span class='ocrx_word' id='word_1_94' title='bbox 1516 1035 1627 1073; x_wconf 63' lang='lat' dir='ltr'><strong>majori</strong></span> <span class='ocrx_word' id='word_1_95' title='bbox 1643 1035 1742 1075; x_wconf 80' lang='lat' dir='ltr'><strong>pretio</strong></span> <span class='ocrx_word' id='word_1_96' title='bbox 1754 1046 1766 1071; x_wconf 89' lang='lat'><em>;</em></span> 
     </span>
     <span class='ocr_line' id='line_1_12' title="bbox 354 1070 1766 1116; baseline 0.007 -18"><span class='ocrx_word' id='word_1_97' title='bbox 354 1070 381 1099; x_wconf 80' lang='lat' dir='ltr'><strong>si</strong></span> <span class='ocrx_word' id='word_1_98' title='bbox 396 1070 443 1099; x_wconf 77' lang='lat' dir='ltr'><strong>vir·</strong></span> <span class='ocrx_word' id='word_1_99' title='bbox 454 1070 643 1107; x_wconf 49' lang='lat' dir='ltr'><strong>discesserim</strong></span> <span class='ocrx_word' id='word_1_100' title='bbox 665 1071 749 1102; x_wconf 81' lang='lat' dir='ltr'><strong>illam</strong></span> <span class='ocrx_word' id='word_1_101' title='bbox 768 1072 962 1102; x_wconf 75' lang='lat' dir='ltr'><strong>Philodemus</strong></span> <span class='ocrx_word' id='word_1_102' title='bbox 983 1073 1030 1102; x_wconf 79' lang='lat' dir='ltr'><strong>ait</strong></span> <span class='ocrx_word' id='word_1_103' title='bbox 1051 1074 1151 1103; x_wconf 73' lang='lat' dir='ltr'><strong>Gallis</strong></span> <span class='ocrx_word' id='word_1_104' title='bbox 1164 1075 1404 1114; x_wconf 72' lang='lat' dir='ltr'><strong>relinquendam.-</strong></span> <span class='ocrx_word' id='word_1_105' title='bbox 1427 1077 1486 1106; x_wconf 70' lang='lat' dir='ltr'><strong>sibi</strong></span> <span class='ocrx_word' id='word_1_106' title='bbox 1499 1079 1676 1116; x_wconf 75' lang='lat' dir='ltr'><strong>autem-peti</strong></span> <span class='ocrx_word' id='word_1_107' title='bbox 1689 1086 1766 1110; x_wconf 75' lang='lat' dir='ltr'><strong>eam,</strong></span> 
     </span>
     <span class='ocr_line' id='line_1_13' title="bbox 353 1111 1764 1155; baseline 0.006 -15"><span class='ocrx_word' id='word_1_108' title='bbox 353 1119 419 1148; x_wconf 63' lang='grc' dir='ltr'><strong>φησι»</strong></span> <span class='ocrx_word' id='word_1_109' title='bbox 433 1121 486 1141; x_wconf 80' lang='lat' dir='ltr'><strong>nec</strong></span> <span class='ocrx_word' id='word_1_110' title='bbox 497 1111 610 1142; x_wconf 72' lang='lat' dir='ltr'><strong>cariori</strong></span> <span class='ocrx_word' id='word_1_111' title='bbox 621 1114 719 1151; x_wconf 78' lang='lat' dir='ltr'><strong>pretio</strong></span> <span class='ocrx_word' id='word_1_112' title='bbox 733 1116 859 1151; x_wconf 75' lang='lat' dir='ltr'><strong>constet,</strong></span> <span class='ocrx_word' id='word_1_113' title='bbox 880 1122 933 1142; x_wconf 80' lang='lat' dir='ltr'><strong>nec</strong></span> <span class='ocrx_word' id='word_1_114' title='bbox 951 1117 1084 1144; x_wconf 78' lang='lat' dir='ltr'><strong>moretur</strong></span> <span class='ocrx_word' id='word_1_115' title='bbox 1095 1115 1198 1145; x_wconf 81' lang='lat' dir='ltr'><strong>venire</strong></span> <span class='ocrx_word' id='word_1_116' title='bbox 1218 1126 1287 1146; x_wconf 82' lang='lat' dir='ltr'><strong>cum</strong></span> <span class='ocrx_word' id='word_1_117' title='bbox 1303 1118 1467 1147; x_wconf 65' lang='lat' dir='ltr'><strong>advocatur</strong></span> <span class='ocrx_word' id='word_1_118' title='bbox 1477 1128 1488 1148; x_wconf 92' lang='grc'><strong>.·</strong></span> <span class='ocrx_word' id='word_1_119' title='bbox 1509 1118 1640 1148; x_wconf 73' lang='lat' dir='ltr'><strong>candida</strong></span> <span class='ocrx_word' id='word_1_120' title='bbox 1662 1119 1715 1155; x_wconf 74' lang='lat' dir='ltr'><strong>sit,</strong></span> <span class='ocrx_word' id='word_1_121' title='bbox 1735 1121 1764 1148; x_wconf 78' lang='lat' dir='ltr'><strong>et</strong></span> 
     </span>
     <span class='ocr_line' id='line_1_14' title="bbox 351 1154 1766 1198; baseline 0.006 -17"><span class='ocrx_word' id='word_1_122' title='bbox 351 1155 446 1192; x_wconf 84' lang='lat' dir='ltr'><strong>recta,</strong></span> <span class='ocrx_word' id='word_1_123' title='bbox 461 1154 535 1183; x_wconf 82' lang='lat' dir='ltr'><strong>adeo</strong></span> <span class='ocrx_word' id='word_1_124' title='bbox 549 1154 706 1194; x_wconf 77' lang='lat' dir='ltr'><strong>concinna,</strong></span> <span class='ocrx_word' id='word_1_125' title='bbox 724 1157 758 1185; x_wconf 79' lang='lat' dir='ltr'><strong>ut</strong></span> <span class='ocrx_word' id='word_1_126' title='bbox 776 1163 836 1184; x_wconf 82' lang='lat' dir='ltr'><strong>non</strong></span> <span class='ocrx_word' id='word_1_127' title='bbox 849 1154 951 1194; x_wconf 79' lang='lat' dir='ltr'><strong>cupiat</strong></span> <span class='ocrx_word' id='word_1_128' title='bbox 967 1165 1112 1194; x_wconf 81' lang='lat' dir='ltr'><strong>apparere</strong></span> <span class='ocrx_word' id='word_1_129' title='bbox 1129 1157 1280 1194; x_wconf 80' lang='lat' dir='ltr'><strong>grandior</strong></span> <span class='ocrx_word' id='word_1_130' title='bbox 1297 1161 1351 1188; x_wconf 76' lang='lat' dir='ltr'><strong>aut</strong></span> <span class='ocrx_word' id='word_1_131' title='bbox 1370 1158 1530 1190; x_wconf 75' lang='lat' dir='ltr'><strong>candidior</strong></span> <span class='ocrx_word' id='word_1_132' title='bbox 1549 1168 1640 1198; x_wconf 72' lang='lat' dir='ltr'><strong>quam</strong></span> <span class='ocrx_word' id='word_1_133' title='bbox 1653 1163 1766 1190; x_wconf 69' lang='lat' dir='ltr'><strong>natura</strong></span> 
     </span>
    </p>
   </div>
   <div class='ocr_carea' id='block_1_4' title="bbox 945 1245 1178 1258">
    <p class='ocr_par' dir='ltr' id='par_1_8' title="bbox 945 1245 1178 1258">
     <span class='ocr_line' id='line_1_15' title="bbox 945 1245 1178 1258; baseline 0.004 -1"><span class='ocrx_word' id='word_1_134' title='bbox 945 1245 1020 1258; x_wconf 72' lang='lat'><strong>0000</strong></span> <span class='ocrx_word' id='word_1_135' title='bbox 1025 1245 1178 1258; x_wconf 54' lang='lat'><strong>“0000‘&#39;</strong></span> 
     </span>
    </p>
   </div>
   <div class='ocr_carea' id='block_1_5' title="bbox 314 1307 1770 2210">
    <p class='ocr_par' dir='ltr' id='par_1_9' title="bbox 314 1307 1770 2210">
     <span class='ocr_line' id='line_1_16' title="bbox 354 1307 1766 1351; baseline 0.004 -14"><span class='ocrx_word' id='word_1_136' title='bbox 354 1307 449 1338; x_wconf 83' lang='lat' dir='ltr'><strong>Harl.</strong></span> <span class='ocrx_word' id='word_1_137' title='bbox 462 1310 597 1338; x_wconf 83' lang='lat'>1.—117</span> <span class='ocrx_word' id='word_1_138' title='bbox 609 1308 730 1340; x_wconf 83' lang='lat' dir='ltr'><strong>Ancilla</strong></span> <span class='ocrx_word' id='word_1_139' title='bbox 744 1313 799 1339; x_wconf 80' lang='lat' dir='ltr'><strong>aut</strong></span> <span class='ocrx_word' id='word_1_140' title='bbox 813 1318 907 1339; x_wconf 82' lang='lat' dir='ltr'><strong>verna</strong></span> <span class='ocrx_word' id='word_1_141' title='bbox 919 1313 1032 1348; x_wconf 81' lang='lat' dir='ltr'><strong>praesto</strong></span> <span class='ocrx_word' id='word_1_142' title='bbox 1043 1313 1087 1340; x_wconf 74' lang='lat' dir='ltr'><strong>est</strong></span> <span class='ocrx_word' id='word_1_143' title='bbox 1097 1319 1175 1350; x_wconf 78' lang='lat' dir='ltr'><strong>puer</strong></span> <span class='ocrx_word' id='word_1_144' title='bbox 1187 1311 1442 1351; x_wconf 83' lang='lat' dir='ltr'><strong>Cuning.-12o.</strong></span> <span class='ocrx_word' id='word_1_145' title='bbox 1459 1314 1516 1342; x_wconf 83' lang='grc'><strong>121</strong></span> <span class='ocrx_word' id='word_1_146' title='bbox 1531 1313 1540 1330; x_wconf 88' lang='lat'>‘</span> <span class='ocrx_word' id='word_1_147' title='bbox 1554 1312 1671 1343; x_wconf 79' lang='lat' dir='ltr'><strong>Mirari</strong></span> <span class='ocrx_word' id='word_1_148' title='bbox 1687 1322 1766 1343; x_wconf 72' lang='lat' dir='ltr'><strong>sune</strong></span> 
     </span>
     <span class='ocr_line' id='line_1_17' title="bbox 314 1348 1768 1393; baseline 0.005 -16"><span class='ocrx_word' id='word_1_149' title='bbox 314 1353 318 1357; x_wconf 84' lang='grc'><strong>’</strong></span> <span class='ocrx_word' id='word_1_150' title='bbox 354 1348 431 1378; x_wconf 87' lang='lat' dir='ltr'><strong>licet</strong></span> <span class='ocrx_word' id='word_1_151' title='bbox 446 1348 665 1388; x_wconf 76' lang='lat' dir='ltr'><strong>interpretum</strong></span> <span class='ocrx_word' id='word_1_152' title='bbox 693 1356 748 1380; x_wconf 83' lang='lat' dir='ltr'><strong>aut</strong></span> <span class='ocrx_word' id='word_1_153' title='bbox 775 1351 934 1380; x_wconf 82' lang='lat' dir='ltr'><strong>incuriam</strong></span> <span class='ocrx_word' id='word_1_154' title='bbox 962 1355 1018 1381; x_wconf 85' lang='lat' dir='ltr'><strong>aut</strong></span> <span class='ocrx_word' id='word_1_155' title='bbox 1045 1352 1250 1389; x_wconf 76' lang='lat' dir='ltr'><strong>tarditatem,</strong></span> <span class='ocrx_word' id='word_1_156' title='bbox 1272 1353 1328 1392; x_wconf 90' lang='lat' dir='ltr'><strong>qui</strong></span> <span class='ocrx_word' id='word_1_157' title='bbox 1353 1354 1450 1383; x_wconf 86' lang='lat' dir='ltr'><strong>toties</strong></span> <span class='ocrx_word' id='word_1_158' title='bbox 1467 1354 1538 1384; x_wconf 76' lang='lat' dir='ltr'><strong>liaec</strong></span> <span class='ocrx_word' id='word_1_159' title='bbox 1554 1354 1768 1393; x_wconf 83' lang='lat' dir='ltr'><strong>recuderunt,</strong></span> 
     </span>
     <span class='ocr_line' id='line_1_18' title="bbox 354 1390 1766 1435; baseline 0.006 -17"><span class='ocrx_word' id='word_1_160' title='bbox 354 1399 490 1428; x_wconf 81' lang='lat' dir='ltr'><strong>pravam</strong></span> <span class='ocrx_word' id='word_1_161' title='bbox 506 1395 541 1420; x_wconf 90' lang='lat' dir='ltr'><strong>et.</strong></span> <span class='ocrx_word' id='word_1_162' title='bbox 556 1390 701 1429; x_wconf 83' lang='lat' dir='ltr'><strong>ineptam</strong></span> <span class='ocrx_word' id='word_1_163' title='bbox 718 1391 963 1421; x_wconf 76' lang='lat' dir='ltr'><strong>distinctionem</strong></span> <span class='ocrx_word' id='word_1_164' title='bbox 981 1400 1043 1421; x_wconf 90' lang='lat' dir='ltr'><strong>non</strong></span> <span class='ocrx_word' id='word_1_165' title='bbox 1061 1392 1384 1423; x_wconf 72' lang='lat' dir='ltr'><strong>animadvertentes:</strong></span> <span class='ocrx_word' id='word_1_166' title='bbox 1409 1394 1510 1433; x_wconf 76' lang='lat' dir='ltr'><strong>Illam,</strong></span> <span class='ocrx_word' id='word_1_167' title='bbox 1533 1394 1574 1425; x_wconf 88' lang='lat' dir='ltr'><strong>P.</strong></span> <span class='ocrx_word' id='word_1_168' title='bbox 1595 1396 1709 1435; x_wconf 73' lang='lat' dir='ltr'><strong>paullo,</strong></span> <span class='ocrx_word' id='word_1_169' title='bbox 1731 1395 1766 1426; x_wconf 85' lang='lat' dir='ltr'><strong>S.</strong></span> 
     </span>
     <span class='ocr_line' id='line_1_19' title="bbox 349 1430 1764 1473; baseline 0.004 -14"><span class='ocrx_word' id='word_1_170' title='bbox 349 1430 458 1470; x_wconf 74' lang='lat' dir='ltr'><strong>pluris,</strong></span> <span class='ocrx_word' id='word_1_171' title='bbox 474 1430 512 1460; x_wconf 80' lang='lat' dir='ltr'><strong>Si</strong></span> <span class='ocrx_word' id='word_1_172' title='bbox 525 1440 552 1460; x_wconf 86' lang='lat' dir='ltr'><strong>e.</strong></span> <span class='ocrx_word' id='word_1_173' title='bbox 569 1433 617 1461; x_wconf 83' lang='lat' dir='ltr'><strong>vir</strong></span> <span class='ocrx_word' id='word_1_174' title='bbox 627 1441 639 1467; x_wconf 91' lang='lat'><em>;</em></span> <span class='ocrx_word' id='word_1_175' title='bbox 664 1431 764 1462; x_wconf 70' lang='lat' dir='ltr'><strong>Gallis</strong></span> <span class='ocrx_word' id='word_1_176' title='bbox 777 1432 866 1470; x_wconf 79' lang='lat' dir='ltr'><strong>hanc,</strong></span> <span class='ocrx_word' id='word_1_177' title='bbox 882 1432 924 1462; x_wconf 91' lang='lat' dir='ltr'><strong>P.</strong></span> <span class='ocrx_word' id='word_1_178' title='bbox 937 1432 1001 1462; x_wconf 73' lang='lat' dir='ltr'><strong>ait:</strong></span> <span class='ocrx_word' id='word_1_179' title='bbox 1023 1432 1082 1462; x_wconf 75' lang='lat' dir='ltr'><strong>sibi</strong></span> <span class='ocrx_word' id='word_1_180' title='bbox 1094 1442 1174 1472; x_wconf 83' lang='lat' dir='ltr'><strong>quoe,</strong></span> <span class='ocrx_word' id='word_1_181' title='bbox 1190 1435 1242 1472; x_wconf 61' lang='lat' dir='ltr'><strong>&amp;sc-</strong></span> <span class='ocrx_word' id='word_1_182' title='bbox 1285 1434 1368 1466; x_wconf 81' lang='lat' dir='ltr'><strong>Quis</strong></span> <span class='ocrx_word' id='word_1_183' title='bbox 1386 1435 1472 1464; x_wconf 85' lang='lat' dir='ltr'><strong>enim</strong></span> <span class='ocrx_word' id='word_1_184' title='bbox 1497 1443 1560 1465; x_wconf 85' lang='lat' dir='ltr'><strong>non</strong></span> <span class='ocrx_word' id='word_1_185' title='bbox 1583 1435 1708 1473; x_wconf 75' lang='lat' dir='ltr'><strong>vident,</strong></span> <span class='ocrx_word' id='word_1_186' title='bbox 1730 1435 1764 1465; x_wconf 84' lang='lat' dir='ltr'><strong>in</strong></span> 
     </span>
     <span class='ocr_line' id='line_1_20' title="bbox 352 1472 1766 1515; baseline 0.005 -15"><span class='ocrx_word' id='word_1_187' title='bbox 352 1472 412 1500; x_wconf 79' lang='lat' dir='ltr'><strong>hac</strong></span> <span class='ocrx_word' id='word_1_188' title='bbox 439 1473 688 1502; x_wconf 79' lang='lat' dir='ltr'><strong>constructione</strong></span> <span class='ocrx_word' id='word_1_189' title='bbox 711 1473 796 1503; x_wconf 84' lang='lat' dir='ltr'><strong>illam</strong></span> <span class='ocrx_word' id='word_1_190' title='bbox 821 1477 856 1503; x_wconf 89' lang='lat' dir='ltr'><strong>et</strong></span> <span class='ocrx_word' id='word_1_191' title='bbox 879 1473 955 1503; x_wconf 77' lang='lat' dir='ltr'><strong>hanc</strong></span> <span class='ocrx_word' id='word_1_192' title='bbox 980 1473 1087 1503; x_wconf 83' lang='lat' dir='ltr'><strong>eidem</strong></span> <span class='ocrx_word' id='word_1_193' title='bbox 1111 1474 1268 1504; x_wconf 81' lang='lat' dir='ltr'><strong>orationis</strong></span> <span class='ocrx_word' id='word_1_194' title='bbox 1293 1475 1439 1506; x_wconf 79' lang='lat' dir='ltr'><strong>membro</strong></span> <span class='ocrx_word' id='word_1_195' title='bbox 1453 1476 1566 1515; x_wconf 84' lang='lat' dir='ltr'><strong>inepte</strong></span> <span class='ocrx_word' id='word_1_196' title='bbox 1583 1477 1766 1515; x_wconf 68' lang='lat' dir='ltr'><strong>assignari?</strong></span> 
     </span>
     <span class='ocr_line' id='line_1_21' title="bbox 351 1512 1763 1557; baseline 0.006 -16"><span class='ocrx_word' id='word_1_197' title='bbox 351 1512 443 1542; x_wconf 87' lang='lat' dir='ltr'><strong>Tolle</strong></span> <span class='ocrx_word' id='word_1_198' title='bbox 458 1513 571 1553; x_wconf 79' lang='lat' dir='ltr'><strong>itaque</strong></span> <span class='ocrx_word' id='word_1_199' title='bbox 582 1518 648 1544; x_wconf 84' lang='lat' dir='ltr'><strong>tam</strong></span> <span class='ocrx_word' id='word_1_200' title='bbox 659 1512 780 1543; x_wconf 81' lang='lat' dir='ltr'><strong>foedam</strong></span> <span class='ocrx_word' id='word_1_201' title='bbox 796 1515 1013 1551; x_wconf 79' lang='lat' dir='ltr'><strong>maculam,et</strong></span> <span class='ocrx_word' id='word_1_202' title='bbox 1027 1514 1300 1556; x_wconf 76' lang='lat' dir='ltr'><strong>sicinterptinge:</strong></span> <span class='ocrx_word' id='word_1_203' title='bbox 1315 1516 1417 1554; x_wconf 77' lang='lat' dir='ltr'><strong>Illam,</strong></span> <span class='ocrx_word' id='word_1_204' title='bbox 1430 1517 1469 1548; x_wconf 88' lang='grc' dir='ltr'><strong>Ρ.</strong></span> <span class='ocrx_word' id='word_1_205' title='bbox 1480 1517 1591 1556; x_wconf 73' lang='lat' dir='ltr'><strong>paullo,</strong></span> <span class='ocrx_word' id='word_1_206' title='bbox 1604 1517 1639 1548; x_wconf 82' lang='lat' dir='ltr'><strong>S.</strong></span> <span class='ocrx_word' id='word_1_207' title='bbox 1654 1517 1763 1557; x_wconf 67' lang='lat' dir='ltr'><strong>pluris,</strong></span> 
     </span>
     <span class='ocr_line' id='line_1_22' title="bbox 352 1553 1764 1596; baseline 0.004 -14"><span class='ocrx_word' id='word_1_208' title='bbox 352 1553 390 1583; x_wconf 83' lang='lat' dir='ltr'><strong>Si</strong></span> <span class='ocrx_word' id='word_1_209' title='bbox 404 1562 429 1583; x_wconf 84' lang='lat' dir='ltr'><strong>e.</strong></span> <span class='ocrx_word' id='word_1_210' title='bbox 443 1554 504 1591; x_wconf 80' lang='lat' dir='ltr'><strong>vir,</strong></span> <span class='ocrx_word' id='word_1_211' title='bbox 522 1555 642 1586; x_wconf 74' lang='lat' dir='ltr'><strong>Gallis.-</strong></span> <span class='ocrx_word' id='word_1_212' title='bbox 656 1555 745 1592; x_wconf 70' lang='lat' dir='ltr'><strong>lianc,</strong></span> <span class='ocrx_word' id='word_1_213' title='bbox 761 1555 958 1586; x_wconf 77' lang='lat' dir='ltr'><strong>Philodemus</strong></span> <span class='ocrx_word' id='word_1_214' title='bbox 972 1555 1030 1594; x_wconf 74' lang='lat' dir='ltr'><strong>ait,</strong></span> <span class='ocrx_word' id='word_1_215' title='bbox 1045 1556 1117 1594; x_wconf 75' lang='lat' dir='ltr'><strong>sibi,</strong></span> <span class='ocrx_word' id='word_1_216' title='bbox 1132 1566 1198 1595; x_wconf 80' lang='lat' dir='ltr'><strong>quoe</strong></span> <span class='ocrx_word' id='word_1_217' title='bbox 1212 1566 1307 1596; x_wconf 81' lang='lat' dir='ltr'><strong>neque</strong></span> <span class='ocrx_word' id='word_1_218' title='bbox 1320 1556 1449 1595; x_wconf 71' lang='lat' dir='ltr'><strong>magno.²</strong></span> <span class='ocrx_word' id='word_1_219' title='bbox 1461 1558 1573 1588; x_wconf 86' lang='lat' dir='ltr'><strong>Bentl.</strong></span> <span class='ocrx_word' id='word_1_220' title='bbox 1597 1559 1606 1576; x_wconf 92' lang='lat'>‘</span> <span class='ocrx_word' id='word_1_221' title='bbox 1620 1559 1764 1590; x_wconf 77' lang='lat' dir='ltr'><strong>Secutus</strong></span> 
     </span>
     <span class='ocr_line' id='line_1_23' title="bbox 352 1595 1766 1637; baseline 0.005 -14"><span class='ocrx_word' id='word_1_222' title='bbox 352 1603 421 1624; x_wconf 86' lang='lat' dir='ltr'><strong>sum</strong></span> <span class='ocrx_word' id='word_1_223' title='bbox 436 1595 640 1625; x_wconf 75' lang='lat' dir='ltr'><strong>Bentleinm.</strong></span> <span class='ocrx_word' id='word_1_224' title='bbox 671 1595 758 1626; x_wconf 82' lang='lat' dir='ltr'><strong>Nam</strong></span> <span class='ocrx_word' id='word_1_225' title='bbox 773 1595 876 1634; x_wconf 86' lang='lat' dir='ltr'><strong>illam,</strong></span> <span class='ocrx_word' id='word_1_226' title='bbox 890 1596 920 1626; x_wconf 77' lang='grc' dir='ltr'><strong>Ιι.</strong></span> <span class='ocrx_word' id='word_1_227' title='bbox 932 1606 957 1626; x_wconf 84' lang='lat' dir='ltr'><strong>e.</strong></span> <span class='ocrx_word' id='word_1_228' title='bbox 973 1602 1172 1637; x_wconf 83' lang='lat' dir='ltr'><strong>matronam,</strong></span> <span class='ocrx_word' id='word_1_229' title='bbox 1189 1607 1262 1637; x_wconf 81' lang='lat' dir='ltr'><strong>quae</strong></span> <span class='ocrx_word' id='word_1_230' title='bbox 1279 1602 1344 1628; x_wconf 80' lang='lat' dir='ltr'><strong>tam</strong></span> <span class='ocrx_word' id='word_1_231' title='bbox 1361 1597 1505 1629; x_wconf 75' lang='lat' dir='ltr'><strong>difficilis</strong></span> <span class='ocrx_word' id='word_1_232' title='bbox 1521 1605 1573 1628; x_wconf 85' lang='lat' dir='ltr'><strong>est</strong></span> <span class='ocrx_word' id='word_1_233' title='bbox 1588 1598 1672 1629; x_wconf 74' lang='lat' dir='ltr'><strong>iti-re</strong></span> <span class='ocrx_word' id='word_1_234' title='bbox 1687 1608 1766 1630; x_wconf 83' lang='lat' dir='ltr'><strong>eon-</strong></span> 
     </span>
     <span class='ocr_line' id='line_1_24' title="bbox 351 1635 1768 1678; baseline 0.005 -14"><span class='ocrx_word' id='word_1_235' title='bbox 351 1635 516 1672; x_wconf 83' lang='lat' dir='ltr'><strong>cedenda,</strong></span> <span class='ocrx_word' id='word_1_236' title='bbox 537 1640 572 1666; x_wconf 86' lang='lat' dir='ltr'><strong>et</strong></span> <span class='ocrx_word' id='word_1_237' title='bbox 593 1637 679 1666; x_wconf 89' lang='lat' dir='ltr'><strong>solet</strong></span> <span class='ocrx_word' id='word_1_238' title='bbox 699 1636 750 1666; x_wconf 88' lang='lat' dir='ltr'><strong>his</strong></span> <span class='ocrx_word' id='word_1_239' title='bbox 770 1637 878 1666; x_wconf 79' lang='lat' dir='ltr'><strong>verbis</strong></span> <span class='ocrx_word' id='word_1_240' title='bbox 902 1637 1059 1667; x_wconf 76' lang='lat' dir='ltr'><strong>remorari</strong></span> <span class='ocrx_word' id='word_1_241' title='bbox 1080 1639 1255 1674; x_wconf 78' lang='lat' dir='ltr'><strong>moeclium,</strong></span> <span class='ocrx_word' id='word_1_242' title='bbox 1277 1639 1355 1669; x_wconf 79' lang='lat' dir='ltr'><strong>Post</strong></span> <span class='ocrx_word' id='word_1_243' title='bbox 1375 1640 1464 1678; x_wconf 82' lang='lat' dir='ltr'><strong>paulo</strong></span> <span class='ocrx_word' id='word_1_244' title='bbox 1487 1640 1567 1675; x_wconf 79' lang='lat' dir='ltr'><strong>redi,</strong></span> <span class='ocrx_word' id='word_1_245' title='bbox 1591 1640 1698 1671; x_wconf 64' lang='lat' dir='ltr'><strong>Plani-³</strong></span> <span class='ocrx_word' id='word_1_246' title='bbox 1718 1650 1768 1671; x_wconf 73' lang='lat' dir='ltr'><strong>eo-</strong></span> 
     </span>
     <span class='ocr_line' id='line_1_25' title="bbox 349 1676 1770 1721; baseline 0.004 -16"><span class='ocrx_word' id='word_1_247' title='bbox 349 1676 432 1715; x_wconf 80' lang='lat' dir='ltr'><strong>piam</strong></span> <span class='ocrx_word' id='word_1_248' title='bbox 446 1676 502 1706; x_wconf 73' lang='lat' dir='ltr'><strong>tibi</strong></span> <span class='ocrx_word' id='word_1_249' title='bbox 517 1676 650 1716; x_wconf 78' lang='lat' dir='ltr'><strong>faciam,</strong></span> <span class='ocrx_word' id='word_1_250' title='bbox 665 1677 693 1706; x_wconf 78' lang='lat' dir='ltr'><strong>si</strong></span> <span class='ocrx_word' id='word_1_251' title='bbox 712 1677 843 1708; x_wconf 74' lang='lat' dir='ltr'><strong>maritus</strong></span> <span class='ocrx_word' id='word_1_252' title='bbox 856 1677 946 1714; x_wconf 77' lang='lat' dir='ltr'><strong>foras</strong></span> <span class='ocrx_word' id='word_1_253' title='bbox 967 1679 1131 1717; x_wconf 79' lang='lat' dir='ltr'><strong>prodierit,</strong></span> <span class='ocrx_word' id='word_1_254' title='bbox 1149 1683 1249 1719; x_wconf 87' lang='lat' dir='ltr'><strong>atque</strong></span> <span class='ocrx_word' id='word_1_255' title='bbox 1264 1679 1351 1717; x_wconf 75' lang='lat' dir='ltr'><strong>hano,</strong></span> <span class='ocrx_word' id='word_1_256' title='bbox 1373 1681 1404 1710; x_wconf 87' lang='lat' dir='ltr'><strong>h.</strong></span> <span class='ocrx_word' id='word_1_257' title='bbox 1421 1690 1449 1710; x_wconf 87' lang='lat' dir='ltr'><strong>e.</strong></span> <span class='ocrx_word' id='word_1_258' title='bbox 1472 1689 1538 1719; x_wconf 78' lang='lat' dir='ltr'><strong>quae</strong></span> <span class='ocrx_word' id='word_1_259' title='bbox 1549 1689 1643 1721; x_wconf 74' lang='lat' dir='ltr'><strong>neque</strong></span> <span class='ocrx_word' id='word_1_260' title='bbox 1657 1690 1770 1719; x_wconf 73' lang='lat' dir='ltr'><strong>magno·</strong></span> 
     </span>
     <span class='ocr_line' id='line_1_26' title="bbox 349 1718 1765 1762; baseline 0.005 -16"><span class='ocrx_word' id='word_1_261' title='bbox 349 1720 410 1748; x_wconf 78' lang='lat' dir='ltr'><strong>stet</strong></span> <span class='ocrx_word' id='word_1_262' title='bbox 430 1718 539 1756; x_wconf 77' lang='lat' dir='ltr'><strong>pretio,</strong></span> <span class='ocrx_word' id='word_1_263' title='bbox 554 1719 604 1756; x_wconf 57' lang='lat' dir='ltr'><strong>esc.</strong></span> <span class='ocrx_word' id='word_1_264' title='bbox 628 1718 689 1748; x_wconf 77' lang='lat' dir='ltr'><strong>sibi</strong></span> <span class='ocrx_word' id='word_1_265' title='bbox 705 1723 928 1758; x_wconf 84' lang='lat' dir='ltr'><strong>opponuntur.</strong></span> <span class='ocrx_word' id='word_1_266' title='bbox 975 1719 1070 1749; x_wconf 83' lang='lat' dir='ltr'><strong>Illam</strong></span> <span class='ocrx_word' id='word_1_267' title='bbox 1088 1720 1190 1759; x_wconf 80' lang='lat' dir='ltr'><strong>igitur</strong></span> <span class='ocrx_word' id='word_1_268' title='bbox 1204 1721 1420 1752; x_wconf 79' lang='lat' dir='ltr'><strong>Philodemus</strong></span> <span class='ocrx_word' id='word_1_269' title='bbox 1435 1721 1554 1760; x_wconf 81' lang='lat' dir='ltr'><strong>Gallis,</strong></span> <span class='ocrx_word' id='word_1_270' title='bbox 1567 1722 1598 1753; x_wconf 82' lang='lat' dir='ltr'><strong>h.</strong></span> <span class='ocrx_word' id='word_1_271' title='bbox 1611 1732 1640 1752; x_wconf 86' lang='lat' dir='ltr'><strong>e.</strong></span> <span class='ocrx_word' id='word_1_272' title='bbox 1656 1722 1765 1762; x_wconf 89' lang='lat' dir='ltr'><strong>Cybe-</strong></span> 
     </span>
     <span class='ocr_line' id='line_1_27' title="bbox 350 1758 1765 1803; baseline 0.004 -15"><span class='ocrx_word' id='word_1_273' title='bbox 350 1759 398 1788; x_wconf 83' lang='lat' dir='ltr'><strong>les</strong></span> <span class='ocrx_word' id='word_1_274' title='bbox 415 1758 658 1797; x_wconf 81' lang='lat' dir='ltr'><strong>sacerdotibus,</strong></span> <span class='ocrx_word' id='word_1_275' title='bbox 672 1760 873 1799; x_wconf 80' lang='lat' dir='ltr'><strong>spadonibus</strong></span> <span class='ocrx_word' id='word_1_276' title='bbox 891 1760 1139 1800; x_wconf 80' lang='lat' dir='ltr'><strong>relinquendam</strong></span> <span class='ocrx_word' id='word_1_277' title='bbox 1155 1771 1227 1792; x_wconf 80' lang='lat' dir='ltr'><strong>esse</strong></span> <span class='ocrx_word' id='word_1_278' title='bbox 1243 1761 1313 1792; x_wconf 55' lang='grc' dir='ltr'><strong>εἰμ’</strong></span> <span class='ocrx_word' id='word_1_279' title='bbox 1328 1763 1427 1793; x_wconf 79' lang='lat' dir='ltr'><strong>Zeun.</strong></span> <span class='ocrx_word' id='word_1_280' title='bbox 1463 1764 1471 1779; x_wconf 91' lang='lat'>‘</span> <span class='ocrx_word' id='word_1_281' title='bbox 1489 1763 1672 1803; x_wconf 77' lang='lat' dir='ltr'><strong>Distinguis</strong></span> <span class='ocrx_word' id='word_1_282' title='bbox 1689 1769 1765 1802; x_wconf 83' lang='lat' dir='ltr'><strong>post</strong></span> 
     </span>
     <span class='ocr_line' id='line_1_28' title="bbox 352 1799 1764 1842; baseline 0.004 -13"><span class='ocrx_word' id='word_1_283' title='bbox 352 1799 472 1830; x_wconf 74' lang='lat' dir='ltr'><strong>Gallis.-</strong></span> <span class='ocrx_word' id='word_1_284' title='bbox 496 1804 530 1831; x_wconf 80' lang='lat' dir='ltr'><strong>et</strong></span> <span class='ocrx_word' id='word_1_285' title='bbox 546 1802 595 1830; x_wconf 82' lang='lat' dir='ltr'><strong>ita</strong></span> <span class='ocrx_word' id='word_1_286' title='bbox 609 1801 784 1840; x_wconf 85' lang='lat' dir='ltr'><strong>distinguit</strong></span> <span class='ocrx_word' id='word_1_287' title='bbox 798 1801 952 1831; x_wconf 81' lang='lat' dir='ltr'><strong>Aurelius</strong></span> <span class='ocrx_word' id='word_1_288' title='bbox 969 1801 1222 1840; x_wconf 79' lang='lat' dir='ltr'><strong>Lessigniensis‚</strong></span> <span class='ocrx_word' id='word_1_289' title='bbox 1235 1809 1270 1834; x_wconf 88' lang='lat' dir='ltr'><strong>et</strong></span> <span class='ocrx_word' id='word_1_290' title='bbox 1285 1803 1356 1834; x_wconf 83' lang='lat' dir='ltr'><strong>ha=c</strong></span> <span class='ocrx_word' id='word_1_291' title='bbox 1371 1803 1485 1835; x_wconf 76' lang='lat' dir='ltr'><strong>addit:</strong></span> <span class='ocrx_word' id='word_1_292' title='bbox 1507 1806 1517 1820; x_wconf 84' lang='lat'>⁸</span> <span class='ocrx_word' id='word_1_293' title='bbox 1531 1804 1764 1842; x_wconf 65' lang='lat' dir='ltr'><strong>Ita-dintingue</strong></span> 
     </span>
     <span class='ocr_line' id='line_1_29' title="bbox 350 1842 1764 1884; baseline 0.004 -14"><span class='ocrx_word' id='word_1_294' title='bbox 350 1845 470 1870; x_wconf 81' lang='lat' dir='ltr'><strong>contra</strong></span> <span class='ocrx_word' id='word_1_295' title='bbox 483 1842 594 1871; x_wconf 89' lang='lat' dir='ltr'><strong>omnia</strong></span> <span class='ocrx_word' id='word_1_296' title='bbox 609 1851 682 1881; x_wconf 83' lang='lat' dir='ltr'><strong>quae</strong></span> <span class='ocrx_word' id='word_1_297' title='bbox 699 1849 775 1872; x_wconf 83' lang='lat' dir='ltr'><strong>sunt</strong></span> <span class='ocrx_word' id='word_1_298' title='bbox 791 1842 1015 1882; x_wconf 82' lang='lat' dir='ltr'><strong>exemplaria.’</strong></span> <span class='ocrx_word' id='word_1_299' title='bbox 1057 1843 1145 1874; x_wconf 87' lang='lat' dir='ltr'><strong>Vide</strong></span> <span class='ocrx_word' id='word_1_300' title='bbox 1163 1843 1225 1875; x_wconf 83' lang='lat' dir='ltr'><strong>Ed.</strong></span> <span class='ocrx_word' id='word_1_301' title='bbox 1241 1845 1343 1875; x_wconf 84' lang='lat' dir='ltr'><strong>Basil.</strong></span> <span class='ocrx_word' id='word_1_302' title='bbox 1362 1847 1455 1876; x_wconf 80' lang='lat'><strong>1580.</strong></span> <span class='ocrx_word' id='word_1_303' title='bbox 1478 1854 1552 1884; x_wconf 64' lang='lat' dir='ltr'><strong>pan.</strong></span> <span class='ocrx_word' id='word_1_304' title='bbox 1574 1845 1678 1879; x_wconf 52' lang='lat'><strong>1⁷0&amp;</strong></span> <span class='ocrx_word' id='word_1_305' title='bbox 1700 1847 1764 1876; x_wconf 79' lang='lat' dir='ltr'><strong>Cu-</strong></span> 
     </span>
     <span class='ocr_line' id='line_1_30' title="bbox 350 1882 1766 1925; baseline 0.004 -14"><span class='ocrx_word' id='word_1_306' title='bbox 350 1882 437 1919; x_wconf 69' lang='lat' dir='ltr'><strong>ning.</strong></span> <span class='ocrx_word' id='word_1_307' title='bbox 460 1882 540 1912; x_wconf 80' lang='lat' dir='ltr'><strong>vid.</strong></span> <span class='ocrx_word' id='word_1_308' title='bbox 556 1882 616 1912; x_wconf 82' lang='lat' dir='ltr'><strong>Dr.</strong></span> <span class='ocrx_word' id='word_1_309' title='bbox 632 1883 769 1913; x_wconf 85' lang='lat' dir='ltr'><strong>War&#39;tou</strong></span> <span class='ocrx_word' id='word_1_310' title='bbox 784 1882 825 1912; x_wconf 83' lang='lat' dir='ltr'><strong>de</strong></span> <span class='ocrx_word' id='word_1_311' title='bbox 841 1883 950 1913; x_wconf 88' lang='lat' dir='ltr'><strong>Genio</strong></span> <span class='ocrx_word' id='word_1_312' title='bbox 963 1883 1074 1922; x_wconf 77' lang='lat' dir='ltr'><strong>Popii,</strong></span> <span class='ocrx_word' id='word_1_313' title='bbox 1090 1889 1170 1914; x_wconf 89' lang='lat' dir='ltr'><strong>tom.</strong></span> <span class='ocrx_word' id='word_1_314' title='bbox 1188 1892 1228 1915; x_wconf 87' lang='lat' dir='ltr'><strong>n.</strong></span> <span class='ocrx_word' id='word_1_315' title='bbox 1245 1895 1275 1924; x_wconf 82' lang='lat' dir='ltr'><strong>p.</strong></span> <span class='ocrx_word' id='word_1_316' title='bbox 1293 1887 1366 1916; x_wconf 79' lang='lat'><strong>353.</strong></span> <span class='ocrx_word' id='word_1_317' title='bbox 1383 1891 1418 1916; x_wconf 85' lang='lat' dir='ltr'><strong>et</strong></span> <span class='ocrx_word' id='word_1_318' title='bbox 1434 1885 1594 1917; x_wconf 74' lang='lat' dir='ltr'><strong>Huschke</strong></span> <span class='ocrx_word' id='word_1_319' title='bbox 1609 1886 1766 1925; x_wconf 73' lang='lat' dir='ltr'><strong>inEpist.</strong></span> 
     </span>
     <span class='ocr_line' id='line_1_31' title="bbox 351 1921 1763 1963; baseline 0.005 -11"><span class='ocrx_word' id='word_1_320' title='bbox 351 1921 435 1952; x_wconf 86' lang='lat' dir='ltr'><strong>Crit.</strong></span> <span class='ocrx_word' id='word_1_321' title='bbox 451 1923 492 1952; x_wconf 83' lang='lat' dir='ltr'><strong>ad</strong></span> <span class='ocrx_word' id='word_1_322' title='bbox 509 1923 646 1953; x_wconf 85' lang='lat' dir='ltr'><strong>Santen.</strong></span> <span class='ocrx_word' id='word_1_323' title='bbox 663 1933 696 1963; x_wconf 87' lang='lat' dir='ltr'><strong>p.</strong></span> <span class='ocrx_word' id='word_1_324' title='bbox 712 1926 869 1954; x_wconf 82' lang='lat'><strong>56.—122</strong></span> <span class='ocrx_word' id='word_1_325' title='bbox 885 1923 955 1953; x_wconf 80' lang='lat' dir='ltr'><strong>Stet</strong></span> <span class='ocrx_word' id='word_1_326' title='bbox 972 1924 1072 1963; x_wconf 78' lang='lat' dir='ltr'><strong>pretio</strong></span> <span class='ocrx_word' id='word_1_327' title='bbox 1087 1933 1141 1954; x_wconf 77' lang='lat' dir='ltr'><strong>nec</strong></span> <span class='ocrx_word' id='word_1_328' title='bbox 1152 1929 1311 1956; x_wconf 79' lang='lat' dir='ltr'><strong>cunctetur</strong></span> <span class='ocrx_word' id='word_1_329' title='bbox 1326 1926 1437 1957; x_wconf 83' lang='lat' dir='ltr'><strong>Bentl.</strong></span> <span class='ocrx_word' id='word_1_330' title='bbox 1449 1927 1591 1959; x_wconf 83' lang='lat' dir='ltr'><strong>Wetzel.</strong></span> <span class='ocrx_word' id='word_1_331' title='bbox 1605 1935 1641 1958; x_wconf 88' lang='lat' dir='ltr'><strong>et</strong></span> <span class='ocrx_word' id='word_1_332' title='bbox 1657 1927 1763 1959; x_wconf 86' lang='lat' dir='ltr'><strong>Kidd.</strong></span> 
     </span>
     <span class='ocr_line' id='line_1_32' title="bbox 349 1964 1764 2006; baseline 0.004 -13"><span class='ocrx_word' id='word_1_333' title='bbox 349 1966 452 1994; x_wconf 81' lang='lat'>-125</span> <span class='ocrx_word' id='word_1_334' title='bbox 477 1964 592 1994; x_wconf 88' lang='lat' dir='ltr'><strong>Codex</strong></span> <span class='ocrx_word' id='word_1_335' title='bbox 612 1965 784 1994; x_wconf 80' lang='lat' dir='ltr'><strong>&#39;ronsanus</strong></span> <span class='ocrx_word' id='word_1_336' title='bbox 809 1964 945 2004; x_wconf 75' lang='lat' dir='ltr'><strong>cruquii</strong></span> <span class='ocrx_word' id='word_1_337' title='bbox 972 1965 1085 2004; x_wconf 78' lang='lat' dir='ltr'><strong>habet,</strong></span> <span class='ocrx_word' id='word_1_338' title='bbox 1107 1965 1250 1996; x_wconf 80' lang='lat' dir='ltr'><strong>dextrum</strong></span> <span class='ocrx_word' id='word_1_339' title='bbox 1272 1976 1380 2006; x_wconf 71' lang='lat' dir='ltr'><strong>corpun</strong></span> <span class='ocrx_word' id='word_1_340' title='bbox 1393 1967 1468 1998; x_wconf 77' lang='lat' dir='ltr'><strong>mihi</strong></span> <span class='ocrx_word' id='word_1_341' title='bbox 1490 1969 1576 1999; x_wconf 80' lang='lat' dir='ltr'><strong>laevo.</strong></span> <span class='ocrx_word' id='word_1_342' title='bbox 1620 1971 1630 1986; x_wconf 88' lang='lat'>‘</span> <span class='ocrx_word' id='word_1_343' title='bbox 1647 1968 1703 2000; x_wconf 82' lang='lat' dir='ltr'><strong>Sic</strong></span> <span class='ocrx_word' id='word_1_344' title='bbox 1727 1974 1764 1999; x_wconf 91' lang='lat' dir='ltr'><strong>et</strong></span> 
     </span>
     <span class='ocr_line' id='line_1_33' title="bbox 350 2004 1764 2048; baseline 0.004 -14"><span class='ocrx_word' id='word_1_345' title='bbox 350 2004 529 2035; x_wconf 80' lang='lat' dir='ltr'><strong>Lambinus</strong></span> <span class='ocrx_word' id='word_1_346' title='bbox 548 2009 582 2035; x_wconf 84' lang='lat' dir='ltr'><strong>et</strong></span> <span class='ocrx_word' id='word_1_347' title='bbox 597 2005 760 2045; x_wconf 84' lang='lat' dir='ltr'><strong>Cruquius</strong></span> <span class='ocrx_word' id='word_1_348' title='bbox 775 2014 817 2035; x_wconf 87' lang='lat' dir='ltr'><strong>ex</strong></span> <span class='ocrx_word' id='word_1_349' title='bbox 834 2005 940 2036; x_wconf 87' lang='lat' dir='ltr'><strong>veteri</strong></span> <span class='ocrx_word' id='word_1_350' title='bbox 955 2005 1079 2036; x_wconf 86' lang='lat' dir='ltr'><strong>Codice</strong></span> <span class='ocrx_word' id='word_1_351' title='bbox 1097 2015 1276 2045; x_wconf 83' lang='lat' dir='ltr'><strong>reposuere</strong></span> <span class='ocrx_word' id='word_1_352' title='bbox 1290 2007 1389 2048; x_wconf 74' lang='lat' dir='ltr'><strong>(quos</strong></span> <span class='ocrx_word' id='word_1_353' title='bbox 1403 2013 1437 2039; x_wconf 87' lang='lat' dir='ltr'><strong>et</strong></span> <span class='ocrx_word' id='word_1_354' title='bbox 1453 2014 1586 2040; x_wconf 80' lang='lat' dir='ltr'><strong>secutus</strong></span> <span class='ocrx_word' id='word_1_355' title='bbox 1600 2014 1653 2040; x_wconf 77' lang='lat' dir='ltr'><strong>est</strong></span> <span class='ocrx_word' id='word_1_356' title='bbox 1665 2010 1764 2040; x_wconf 85' lang='lat' dir='ltr'><strong>Lubi-</strong></span> 
     </span>
     <span class='ocr_line' id='line_1_34' title="bbox 351 2044 1766 2089; baseline 0.005 -14"><span class='ocrx_word' id='word_1_357' title='bbox 351 2044 428 2086; x_wconf 76' lang='lat' dir='ltr'><strong>nus)</strong></span> <span class='ocrx_word' id='word_1_358' title='bbox 447 2055 506 2084; x_wconf 82' lang='lat' dir='ltr'><strong>pro</strong></span> <span class='ocrx_word' id='word_1_359' title='bbox 521 2055 561 2076; x_wconf 93' lang='lat' dir='ltr'><strong>eo</strong></span> <span class='ocrx_word' id='word_1_360' title='bbox 577 2046 665 2086; x_wconf 90' lang='lat' dir='ltr'><strong>quod</strong></span> <span class='ocrx_word' id='word_1_361' title='bbox 679 2051 764 2085; x_wconf 82' lang='lat' dir='ltr'><strong>erat,</strong></span> <span class='ocrx_word' id='word_1_362' title='bbox 780 2048 890 2077; x_wconf 73' lang='lat' dir='ltr'><strong>dextro</strong></span> <span class='ocrx_word' id='word_1_363' title='bbox 903 2056 1011 2086; x_wconf 77' lang='lat' dir='ltr'><strong>corpus</strong></span> <span class='ocrx_word' id='word_1_364' title='bbox 1023 2046 1098 2077; x_wconf 70' lang='lat' dir='ltr'><strong>mihi</strong></span> <span class='ocrx_word' id='word_1_365' title='bbox 1117 2047 1236 2087; x_wconf 81' lang='lat' dir='ltr'><strong>loevum,</strong></span> <span class='ocrx_word' id='word_1_366' title='bbox 1251 2049 1337 2087; x_wconf 86' lang='lat' dir='ltr'><strong>quod</strong></span> <span class='ocrx_word' id='word_1_367' title='bbox 1355 2050 1406 2080; x_wconf 89' lang='lat' dir='ltr'><strong>vel</strong></span> <span class='ocrx_word' id='word_1_368' title='bbox 1422 2051 1529 2089; x_wconf 82' lang='lat' dir='ltr'><strong>prima</strong></span> <span class='ocrx_word' id='word_1_369' title='bbox 1543 2048 1654 2082; x_wconf 80' lang='lat' dir='ltr'><strong>fronte</strong></span> <span class='ocrx_word' id='word_1_370' title='bbox 1670 2051 1766 2082; x_wconf 84' lang='lat' dir='ltr'><strong>vitio-</strong></span> 
     </span>
     <span class='ocr_line' id='line_1_35' title="bbox 351 2087 1764 2131; baseline 0.004 -14"><span class='ocrx_word' id='word_1_371' title='bbox 351 2096 421 2116; x_wconf 89' lang='lat' dir='ltr'><strong>sum</strong></span> <span class='ocrx_word' id='word_1_372' title='bbox 439 2087 516 2118; x_wconf 85' lang='lat' dir='ltr'><strong>est.’</strong></span> <span class='ocrx_word' id='word_1_373' title='bbox 544 2088 638 2118; x_wconf 76' lang='lat' dir='ltr'><strong>Baxt.</strong></span> <span class='ocrx_word' id='word_1_374' title='bbox 681 2089 789 2118; x_wconf 75' lang='lat' dir='ltr'><strong>dextro</strong></span> <span class='ocrx_word' id='word_1_375' title='bbox 802 2097 909 2127; x_wconf 76' lang='lat' dir='ltr'><strong>corpus</strong></span> <span class='ocrx_word' id='word_1_376' title='bbox 923 2087 997 2117; x_wconf 75' lang='lat' dir='ltr'><strong>mihi</strong></span> <span class='ocrx_word' id='word_1_377' title='bbox 1012 2089 1121 2118; x_wconf 75' lang='lat' dir='ltr'><strong>loevum</strong></span> <span class='ocrx_word' id='word_1_378' title='bbox 1137 2088 1233 2119; x_wconf 83' lang='lat' dir='ltr'><strong>Harl.</strong></span> <span class='ocrx_word' id='word_1_379' title='bbox 1244 2091 1274 2120; x_wconf 81' lang='lat'><strong>2.</strong></span> <span class='ocrx_word' id='word_1_380' title='bbox 1286 2092 1316 2120; x_wconf 74' lang='lat'><strong>3.</strong></span> <span class='ocrx_word' id='word_1_381' title='bbox 1329 2093 1360 2120; x_wconf 83' lang='grc'><strong>4.</strong></span> <span class='ocrx_word' id='word_1_382' title='bbox 1374 2094 1405 2122; x_wconf 81' lang='grc'><strong>6.</strong></span> <span class='ocrx_word' id='word_1_383' title='bbox 1420 2094 1451 2122; x_wconf 81' lang='lat'><strong>7.</strong></span> <span class='ocrx_word' id='word_1_384' title='bbox 1466 2092 1584 2131; x_wconf 87' lang='lat' dir='ltr'><strong>ceteri,</strong></span> <span class='ocrx_word' id='word_1_385' title='bbox 1598 2101 1671 2123; x_wconf 86' lang='lat' dir='ltr'><strong>enm</strong></span> <span class='ocrx_word' id='word_1_386' title='bbox 1686 2092 1764 2123; x_wconf 86' lang='lat' dir='ltr'><strong>edd.</strong></span> 
     </span>
     <span class='ocr_line' id='line_1_36' title="bbox 350 2128 1763 2173; baseline 0.004 -15"><span class='ocrx_word' id='word_1_387' title='bbox 350 2128 472 2160; x_wconf 84' lang='lat' dir='ltr'><strong>Venet.</strong></span> <span class='ocrx_word' id='word_1_388' title='bbox 488 2131 581 2159; x_wconf 82' lang='lat'><strong>1559.</strong></span> <span class='ocrx_word' id='word_1_389' title='bbox 605 2129 762 2159; x_wconf 82' lang='lat' dir='ltr'><strong>Glarean.</strong></span> <span class='ocrx_word' id='word_1_390' title='bbox 780 2130 894 2159; x_wconf 79' lang='lat' dir='ltr'><strong>Lamb.</strong></span> <span class='ocrx_word' id='word_1_391' title='bbox 909 2129 1010 2168; x_wconf 86' lang='lat' dir='ltr'><strong>Cruq.</strong></span> <span class='ocrx_word' id='word_1_392' title='bbox 1024 2130 1175 2160; x_wconf 86' lang='lat' dir='ltr'><strong>Torrent.</strong></span> <span class='ocrx_word' id='word_1_393' title='bbox 1191 2131 1331 2162; x_wconf 83' lang='lat' dir='ltr'><strong>Chabot.</strong></span> <span class='ocrx_word' id='word_1_394' title='bbox 1348 2131 1391 2163; x_wconf 78' lang='lat' dir='ltr'><strong>H.</strong></span> <span class='ocrx_word' id='word_1_395' title='bbox 1406 2137 1440 2163; x_wconf 89' lang='lat' dir='ltr'><strong>et</strong></span> <span class='ocrx_word' id='word_1_396' title='bbox 1456 2133 1496 2163; x_wconf 80' lang='lat' dir='ltr'><strong>R.</strong></span> <span class='ocrx_word' id='word_1_397' title='bbox 1511 2133 1628 2173; x_wconf 78' lang='lat' dir='ltr'><strong>steph.</strong></span> <span class='ocrx_word' id='word_1_398' title='bbox 1644 2133 1763 2165; x_wconf 77' lang='lat' dir='ltr'><strong>Helm.</strong></span> 
     </span>
     <span class='ocr_line' id='line_1_37' title="bbox 349 2169 1762 2210; baseline 0.004 -11"><span class='ocrx_word' id='word_1_399' title='bbox 349 2169 456 2202; x_wconf 89' lang='lat' dir='ltr'><strong>Bond.</strong></span> <span class='ocrx_word' id='word_1_400' title='bbox 471 2169 642 2201; x_wconf 86' lang='lat' dir='ltr'><strong>Schrevel.</strong></span> <span class='ocrx_word' id='word_1_401' title='bbox 659 2171 770 2201; x_wconf 85' lang='lat' dir='ltr'><strong>Bentl.</strong></span> <span class='ocrx_word' id='word_1_402' title='bbox 787 2171 937 2210; x_wconf 80' lang='lat' dir='ltr'><strong>Francis,</strong></span> <span class='ocrx_word' id='word_1_403' title='bbox 952 2170 1056 2202; x_wconf 86' lang='lat' dir='ltr'><strong>Zeun.</strong></span> <span class='ocrx_word' id='word_1_404' title='bbox 1080 2171 1253 2202; x_wconf 81' lang='lat' dir='ltr'><strong>Heindorf.</strong></span> <span class='ocrx_word' id='word_1_405' title='bbox 1270 2178 1304 2202; x_wconf 89' lang='lat' dir='ltr'><strong>et</strong></span> <span class='ocrx_word' id='word_1_406' title='bbox 1320 2173 1422 2205; x_wconf 88' lang='lat' dir='ltr'><strong>Kidd.</strong></span> <span class='ocrx_word' id='word_1_407' title='bbox 1455 2174 1640 2205; x_wconf 84' lang='lat' dir='ltr'><strong>Baxterum</strong></span> <span class='ocrx_word' id='word_1_408' title='bbox 1656 2175 1762 2206; x_wconf 79' lang='lat' dir='ltr'><strong>secuti</strong></span> 
     </span>
    </p>
   </div>
   <div class='ocr_carea' id='block_1_6' title="bbox 986 2275 1128 2308">
    <p class='ocr_par' dir='ltr' id='par_1_10' title="bbox 986 2275 1128 2308">
     <span class='ocr_line' id='line_1_38' title="bbox 986 2275 1128 2308; baseline 0 -1"><span class='ocrx_word' id='word_1_409' title='bbox 986 2275 1128 2308; x_wconf 81' lang='lat' dir='ltr'><strong>No&#39;rAE</strong></span> 
     </span>
    </p>
   </div>
   <div class='ocr_carea' id='block_1_7' title="bbox 348 2346 1761 2777">
    <p class='ocr_par' dir='ltr' id='par_1_11' title="bbox 348 2346 1760 2486">
     <span class='ocr_line' id='line_1_39' title="bbox 393 2346 1760 2388; baseline 0.001 -10"><span class='ocrx_word' id='word_1_410' title='bbox 393 2351 452 2379; x_wconf 83' lang='grc'><strong>121</strong></span> <span class='ocrx_word' id='word_1_411' title='bbox 479 2348 595 2388; x_wconf 78' lang='lat' dir='ltr'><strong>Gallis]</strong></span> <span class='ocrx_word' id='word_1_412' title='bbox 624 2348 760 2388; x_wconf 84' lang='lat' dir='ltr'><strong>Cybelae</strong></span> <span class='ocrx_word' id='word_1_413' title='bbox 785 2348 1030 2387; x_wconf 82' lang='lat' dir='ltr'><strong>sacerdotibus,</strong></span> <span class='ocrx_word' id='word_1_414' title='bbox 1075 2347 1154 2387; x_wconf 83' lang='lat' dir='ltr'><strong>juta</strong></span> <span class='ocrx_word' id='word_1_415' title='bbox 1175 2346 1368 2387; x_wconf 62' lang='lat' dir='ltr'><strong>cothurnis:</strong></span> <span class='ocrx_word' id='word_1_416' title='bbox 1391 2352 1426 2378; x_wconf 89' lang='lat' dir='ltr'><strong>ut</strong></span> <span class='ocrx_word' id='word_1_417' title='bbox 1448 2347 1494 2378; x_wconf 86' lang='lat' dir='ltr'><strong>ait</strong></span> <span class='ocrx_word' id='word_1_418' title='bbox 1514 2347 1670 2385; x_wconf 75' lang='lat' dir='ltr'><strong>Juvenal.</strong></span> <span class='ocrx_word' id='word_1_419' title='bbox 1692 2349 1760 2381; x_wconf 72' lang='lat' dir='ltr'><strong>Sat.</strong></span> 
     </span>
     <span class='ocr_line' id='line_1_40' title="bbox 349 2397 1221 2438; baseline -0.002 -10"><span class='ocrx_word' id='word_1_420' title='bbox 349 2397 497 2432; x_wconf 73' lang='lat' dir='ltr'><strong>eviratis,</strong></span> <span class='ocrx_word' id='word_1_421' title='bbox 527 2398 694 2438; x_wconf 81' lang='lat' dir='ltr'><strong>castratis,</strong></span> <span class='ocrx_word' id='word_1_422' title='bbox 725 2397 875 2438; x_wconf 81' lang='lat' dir='ltr'><strong>adeoque</strong></span> <span class='ocrx_word' id='word_1_423' title='bbox 904 2405 1028 2427; x_wconf 87' lang='lat' dir='ltr'><strong>moram</strong></span> <span class='ocrx_word' id='word_1_424' title='bbox 1081 2398 1221 2427; x_wconf 83' lang='lat' dir='ltr'><strong>v1.505.</strong></span> 
     </span>
     <span class='ocr_line' id='line_1_41' title="bbox 348 2443 1760 2486; baseline 0.001 -10"><span class='ocrx_word' id='word_1_425' title='bbox 348 2449 469 2486; x_wconf 77' lang='lat' dir='ltr'><strong>sponte</strong></span> <span class='ocrx_word' id='word_1_426' title='bbox 484 2445 680 2477; x_wconf 82' lang='lat' dir='ltr'><strong>ferentibus.</strong></span> <span class='ocrx_word' id='word_1_427' title='bbox 1124 2447 1183 2475; x_wconf 80' lang='grc'><strong>124</strong></span> <span class='ocrx_word' id='word_1_428' title='bbox 1207 2444 1312 2483; x_wconf 69' lang='lat' dir='ltr'><strong>Magis</strong></span> <span class='ocrx_word' id='word_1_429' title='bbox 1336 2443 1418 2483; x_wconf 72' lang='lat' dir='ltr'><strong><em>alba]</em></strong></span> <span class='ocrx_word' id='word_1_430' title='bbox 1441 2443 1548 2475; x_wconf 78' lang='lat' dir='ltr'><strong>Pictis</strong></span> <span class='ocrx_word' id='word_1_431' title='bbox 1570 2449 1605 2475; x_wconf 89' lang='lat' dir='ltr'><strong>et</strong></span> <span class='ocrx_word' id='word_1_432' title='bbox 1627 2444 1760 2477; x_wconf 78' lang='lat' dir='ltr'><strong>dealba-</strong></span> 
     </span>
    </p>

    <p class='ocr_par' dir='ltr' id='par_1_12' title="bbox 350 2492 1761 2726">
     <span class='ocr_line' id='line_1_42' title="bbox 393 2492 1759 2533; baseline 0.001 -9"><span class='ocrx_word' id='word_1_433' title='bbox 393 2492 602 2533; x_wconf 72' lang='lat' dir='ltr'><strong>Philodemue]</strong></span> <span class='ocrx_word' id='word_1_434' title='bbox 636 2494 718 2526; x_wconf 70' lang='lat' dir='ltr'><strong>Quis</strong></span> <span class='ocrx_word' id='word_1_435' title='bbox 752 2494 822 2533; x_wconf 88' lang='lat' dir='ltr'><strong>ille,</strong></span> <span class='ocrx_word' id='word_1_436' title='bbox 853 2494 1029 2525; x_wconf 85' lang='lat' dir='ltr'><strong>incertum.</strong></span> <span class='ocrx_word' id='word_1_437' title='bbox 1081 2493 1123 2524; x_wconf 82' lang='lat' dir='ltr'><strong>tis</strong></span> <span class='ocrx_word' id='word_1_438' title='bbox 1137 2499 1228 2524; x_wconf 84' lang='lat' dir='ltr'><strong>creta</strong></span> <span class='ocrx_word' id='word_1_439' title='bbox 1243 2493 1296 2523; x_wconf 80' lang='lat' dir='ltr'><strong>vel</strong></span> <span class='ocrx_word' id='word_1_440' title='bbox 1311 2501 1443 2524; x_wconf 77' lang='lat' dir='ltr'><strong>cerussa</strong></span> <span class='ocrx_word' id='word_1_441' title='bbox 1459 2493 1565 2533; x_wconf 82' lang='lat' dir='ltr'><strong>genis,</strong></span> <span class='ocrx_word' id='word_1_442' title='bbox 1587 2493 1597 2510; x_wconf 94' lang='lat'>‘</span> <span class='ocrx_word' id='word_1_443' title='bbox 1610 2502 1759 2525; x_wconf 67' lang='lat' dir='ltr'><strong>cerussa·</strong></span> 
     </span>
     <span class='ocr_line' id='line_1_43' title="bbox 350 2541 1761 2582; baseline -0.001 -9"><span class='ocrx_word' id='word_1_444' title='bbox 350 2541 508 2574; x_wconf 79' lang='lat' dir='ltr'><strong>Afferunt</strong></span> <span class='ocrx_word' id='word_1_445' title='bbox 530 2543 629 2582; x_wconf 86' lang='lat' dir='ltr'><strong>vulgo</strong></span> <span class='ocrx_word' id='word_1_446' title='bbox 654 2542 797 2574; x_wconf 58' lang='lat' dir='ltr'><strong>Poetam</strong></span> <span class='ocrx_word' id='word_1_447' title='bbox 818 2543 1032 2582; x_wconf 86' lang='lat' dir='ltr'><strong>Epicureum,</strong></span> <span class='ocrx_word' id='word_1_448' title='bbox 1082 2541 1124 2572; x_wconf 82' lang='lat' dir='ltr'><strong>tis</strong></span> <span class='ocrx_word' id='word_1_449' title='bbox 1139 2541 1274 2581; x_wconf 85' lang='lat' dir='ltr'><strong>buccis,&#39;</strong></span> <span class='ocrx_word' id='word_1_450' title='bbox 1289 2546 1326 2572; x_wconf 87' lang='lat' dir='ltr'><strong>ut</strong></span> <span class='ocrx_word' id='word_1_451' title='bbox 1345 2541 1488 2581; x_wconf 81' lang='lat' dir='ltr'><strong>loquitur</strong></span> <span class='ocrx_word' id='word_1_452' title='bbox 1505 2541 1623 2572; x_wconf 81' lang='lat' dir='ltr'><strong>Cicero</strong></span> <span class='ocrx_word' id='word_1_453' title='bbox 1646 2541 1680 2572; x_wconf 91' lang='lat' dir='ltr'><strong>in</strong></span> <span class='ocrx_word' id='word_1_454' title='bbox 1703 2541 1761 2572; x_wconf 77' lang='lat' dir='ltr'><strong>Pi-</strong></span> 
     </span>
     <span class='ocr_line' id='line_1_44' title="bbox 351 2589 1759 2632; baseline -0.001 -10"><span class='ocrx_word' id='word_1_455' title='bbox 351 2592 461 2631; x_wconf 82' lang='lat' dir='ltr'><strong>patria</strong></span> <span class='ocrx_word' id='word_1_456' title='bbox 475 2591 689 2630; x_wconf 79' lang='lat' dir='ltr'><strong>Gadaraeum,</strong></span> <span class='ocrx_word' id='word_1_457' title='bbox 705 2591 762 2632; x_wconf 88' lang='lat' dir='ltr'><strong>qui</strong></span> <span class='ocrx_word' id='word_1_458' title='bbox 783 2591 906 2623; x_wconf 83' lang='lat' dir='ltr'><strong>Graece</strong></span> <span class='ocrx_word' id='word_1_459' title='bbox 928 2591 1033 2631; x_wconf 83' lang='lat' dir='ltr'><strong>scrip·</strong></span> <span class='ocrx_word' id='word_1_460' title='bbox 1082 2596 1151 2622; x_wconf 84' lang='lat' dir='ltr'><strong>son.</strong></span> <span class='ocrx_word' id='word_1_461' title='bbox 1188 2590 1345 2630; x_wconf 84' lang='lat' dir='ltr'><strong>Propert.</strong></span> <span class='ocrx_word' id='word_1_462' title='bbox 1382 2598 1438 2621; x_wconf 85' lang='lat'><strong>111.</strong></span> <span class='ocrx_word' id='word_1_463' title='bbox 1463 2591 1515 2620; x_wconf 78' lang='lat'><strong>23.</strong></span> <span class='ocrx_word' id='word_1_464' title='bbox 1559 2589 1666 2620; x_wconf 86' lang='lat' dir='ltr'><strong>‘Cum</strong></span> <span class='ocrx_word' id='word_1_465' title='bbox 1698 2590 1759 2627; x_wconf 77' lang='lat' dir='ltr'><strong>tibi</strong></span> 
     </span>
     <span class='ocr_line' id='line_1_45' title="bbox 350 2637 1759 2679; baseline 0.001 -11"><span class='ocrx_word' id='word_1_466' title='bbox 350 2639 394 2669; x_wconf 84' lang='lat' dir='ltr'><strong>sit</strong></span> <span class='ocrx_word' id='word_1_467' title='bbox 404 2639 554 2679; x_wconf 84' lang='lat' dir='ltr'><strong>quaedam</strong></span> <span class='ocrx_word' id='word_1_468' title='bbox 563 2639 821 2679; x_wconf 75' lang='lat' dir='ltr'><strong>Epigrammata.</strong></span> <span class='ocrx_word' id='word_1_469' title='bbox 843 2639 1030 2670; x_wconf 83' lang='lat' dir='ltr'><strong>Meminere</strong></span> <span class='ocrx_word' id='word_1_470' title='bbox 1082 2639 1240 2678; x_wconf 79' lang='lat' dir='ltr'><strong>quaesitus</strong></span> <span class='ocrx_word' id='word_1_471' title='bbox 1262 2638 1387 2670; x_wconf 86' lang='lat' dir='ltr'><strong>candor</strong></span> <span class='ocrx_word' id='word_1_472' title='bbox 1405 2639 1438 2669; x_wconf 90' lang='lat' dir='ltr'><strong>in</strong></span> <span class='ocrx_word' id='word_1_473' title='bbox 1455 2647 1513 2669; x_wconf 83' lang='lat' dir='ltr'><strong>ore</strong></span> <span class='ocrx_word' id='word_1_474' title='bbox 1528 2637 1639 2670; x_wconf 64' lang='lat' dir='ltr'><strong>foret?</strong></span> <span class='ocrx_word' id='word_1_475' title='bbox 1668 2638 1759 2670; x_wconf 65' lang='lat' dir='ltr'><strong>Mar-</strong></span> 
     </span>
     <span class='ocr_line' id='line_1_46' title="bbox 351 2685 1760 2726; baseline 0 -9"><span class='ocrx_word' id='word_1_476' title='bbox 351 2688 484 2725; x_wconf 77' lang='lat' dir='ltr'><strong>Stmbo,</strong></span> <span class='ocrx_word' id='word_1_477' title='bbox 501 2687 753 2726; x_wconf 84' lang='lat' dir='ltr'><strong>Asconius‚&amp;c.</strong></span> <span class='ocrx_word' id='word_1_478' title='bbox 1083 2686 1152 2717; x_wconf 85' lang='lat' dir='ltr'><strong>tial.</strong></span> <span class='ocrx_word' id='word_1_479' title='bbox 1181 2694 1246 2717; x_wconf 85' lang='lat' dir='ltr'><strong>vu.</strong></span> <span class='ocrx_word' id='word_1_480' title='bbox 1269 2689 1322 2718; x_wconf 73' lang='grc'><strong>24.</strong></span> <span class='ocrx_word' id='word_1_481' title='bbox 1352 2687 1361 2703; x_wconf 91' lang='lat'>‘</span> <span class='ocrx_word' id='word_1_482' title='bbox 1377 2691 1549 2718; x_wconf 77' lang='lat' dir='ltr'><strong>cerussata</strong></span> <span class='ocrx_word' id='word_1_483' title='bbox 1570 2685 1760 2718; x_wconf 71' lang='lat' dir='ltr'><strong>candidium</strong></span> 
     </span>
    </p>

    <p class='ocr_par' dir='ltr' id='par_1_13' title="bbox 394 2735 1182 2777">
     <span class='ocr_line' id='line_1_47' title="bbox 394 2735 1182 2777; baseline 0 -11"><span class='ocrx_word' id='word_1_484' title='bbox 394 2738 453 2766; x_wconf 76' lang='lat'><strong>123</strong></span> <span class='ocrx_word' id='word_1_485' title='bbox 479 2736 584 2774; x_wconf 83' lang='lat' dir='ltr'><strong>Neque</strong></span> <span class='ocrx_word' id='word_1_486' title='bbox 603 2738 694 2775; x_wconf 79' lang='lat' dir='ltr'><strong>longa</strong></span> <span class='ocrx_word' id='word_1_487' title='bbox 715 2737 827 2777; x_wconf 71' lang='lat' dir='ltr'><strong>magis,</strong></span> <span class='ocrx_word' id='word_1_488' title='bbox 847 2735 914 2776; x_wconf 53' lang='grc' dir='ltr'><strong>ξω]</strong></span> <span class='ocrx_word' id='word_1_489' title='bbox 934 2735 944 2753; x_wconf 82' lang='lat'><em>⁴</em></span> <span class='ocrx_word' id='word_1_490' title='bbox 962 2735 1029 2766; x_wconf 88' lang='lat' dir='ltr'><strong>Ad·</strong></span> <span class='ocrx_word' id='word_1_491' title='bbox 1081 2735 1182 2767; x_wconf 59' lang='lat' dir='ltr'><strong>cute!</strong></span> 
     </span>
    </p>
   </div>
  </div>
 </body>
</html>
