<?xml version="1.0" encoding="UTF-8"?>
<!DOCTYPE html PUBLIC "-//W3C//DTD XHTML 1.0 Transitional//EN"
    "http://www.w3.org/TR/xhtml1/DTD/xhtml1-transitional.dtd">
<html xmlns="http://www.w3.org/1999/xhtml" xml:lang="en" lang="en">
 <head>
  <title>
</title>
<meta http-equiv="Content-Type" content="text/html;charset=utf-8" />
  <meta name='ocr-system' content='tesseract 3.04.00' />
  <meta name='ocr-capabilities' content='ocr_page ocr_carea ocr_par ocr_line ocrx_word'/>
</head>
<body>
  <div class='ocr_page' id='page_1' title='image "./operazeune02horauoft_0232.png"; bbox 0 0 1904 3256; ppageno 0'>
   <div class='ocr_carea' id='block_1_1' title="bbox 339 272 1365 322">
    <p class='ocr_par' dir='ltr' id='par_1_1' title="bbox 339 272 1365 322">
     <span class='ocr_line' id='line_1_1' title="bbox 339 272 1365 322; baseline -0.006 -8"><span class='ocrx_word' id='word_1_1' title='bbox 339 272 424 314; x_wconf 78' lang='lat'><strong>772</strong></span> <span class='ocrx_word' id='word_1_2' title='bbox 810 287 851 322; x_wconf 81' lang='lat' dir='ltr'><strong>Q.</strong></span> <span class='ocrx_word' id='word_1_3' title='bbox 884 280 1085 313; x_wconf 75' lang='lat' dir='ltr'><strong>noRA&#39;rn</strong></span> <span class='ocrx_word' id='word_1_4' title='bbox 1123 280 1292 310; x_wconf 71' lang='lat' dir='ltr'><strong>FLAcci</strong></span> <span class='ocrx_word' id='word_1_5' title='bbox 1356 277 1365 285; x_wconf 74' lang='grc'><strong><em>’</em></strong></span> 
     </span>
    </p>
   </div>
   <div class='ocr_carea' id='block_1_2' title="bbox 338 374 1608 952">
    <p class='ocr_par' dir='ltr' id='par_1_2' title="bbox 343 374 1236 430">
     <span class='ocr_line' id='line_1_2' title="bbox 343 374 1236 430; baseline -0.007 -12"><span class='ocrx_word' id='word_1_6' title='bbox 343 375 592 418; x_wconf 81' lang='lat' dir='ltr'><strong>Reticulum</strong></span> <span class='ocrx_word' id='word_1_7' title='bbox 612 378 739 430; x_wconf 86' lang='lat' dir='ltr'><strong>panis</strong></span> <span class='ocrx_word' id='word_1_8' title='bbox 761 375 935 414; x_wconf 82' lang='lat' dir='ltr'><strong>venales</strong></span> <span class='ocrx_word' id='word_1_9' title='bbox 953 374 1058 412; x_wconf 88' lang='lat' dir='ltr'><strong>inter</strong></span> <span class='ocrx_word' id='word_1_10' title='bbox 1079 377 1236 412; x_wconf 88' lang='lat' dir='ltr'><strong>onusto</strong></span> 
     </span>
    </p>

    <p class='ocr_par' dir='ltr' id='par_1_3' title="bbox 343 438 1474 492">
     <span class='ocr_line' id='line_1_3' title="bbox 343 438 1474 492; baseline -0.003 -10"><span class='ocrx_word' id='word_1_11' title='bbox 343 442 472 483; x_wconf 83' lang='lat' dir='ltr'><strong>Forte</strong></span> <span class='ocrx_word' id='word_1_12' title='bbox 495 443 628 484; x_wconf 84' lang='lat' dir='ltr'>vehas</span> <span class='ocrx_word' id='word_1_13' title='bbox 647 443 840 488; x_wconf 83' lang='lat' dir='ltr'><strong>humero,</strong></span> <span class='ocrx_word' id='word_1_14' title='bbox 861 438 990 478; x_wconf 90' lang='lat' dir='ltr'>nihilo</span> <span class='ocrx_word' id='word_1_15' title='bbox 1011 438 1113 490; x_wconf 81' lang='lat' dir='ltr'><strong>plus</strong></span> <span class='ocrx_word' id='word_1_16' title='bbox 1131 439 1323 490; x_wconf 86' lang='lat' dir='ltr'><strong>accipias</strong></span> <span class='ocrx_word' id='word_1_17' title='bbox 1344 451 1474 492; x_wconf 88' lang='lat' dir='ltr'><strong>quam</strong></span> 
     </span>
    </p>

    <p class='ocr_par' dir='ltr' id='par_1_4' title="bbox 343 503 1389 560">
     <span class='ocr_line' id='line_1_4' title="bbox 343 503 1389 560; baseline -0.004 -11"><span class='ocrx_word' id='word_1_18' title='bbox 343 507 433 558; x_wconf 87' lang='lat' dir='ltr'><strong>Qui</strong></span> <span class='ocrx_word' id='word_1_19' title='bbox 453 508 512 548; x_wconf 92' lang='lat' dir='ltr'><strong>nil</strong></span> <span class='ocrx_word' id='word_1_20' title='bbox 532 507 718 560; x_wconf 82' lang='lat' dir='ltr'><strong>portarit.</strong></span> <span class='ocrx_word' id='word_1_21' title='bbox 776 504 862 544; x_wconf 88' lang='lat' dir='ltr'><strong>Vel</strong></span> <span class='ocrx_word' id='word_1_22' title='bbox 882 503 969 552; x_wconf 91' lang='lat' dir='ltr'><strong>dic,</strong></span> <span class='ocrx_word' id='word_1_23' title='bbox 985 503 1090 556; x_wconf 87' lang='lat' dir='ltr'><strong>quid</strong></span> <span class='ocrx_word' id='word_1_24' title='bbox 1111 503 1263 544; x_wconf 86' lang='lat' dir='ltr'><strong>referat</strong></span> <span class='ocrx_word' id='word_1_25' title='bbox 1276 504 1389 545; x_wconf 84' lang='lat' dir='ltr'><strong>intra</strong></span> 
     </span>
    </p>

    <p class='ocr_par' dir='ltr' id='par_1_5' title="bbox 342 569 1283 622">
     <span class='ocr_line' id='line_1_5' title="bbox 342 569 1283 622; baseline -0.007 -6"><span class='ocrx_word' id='word_1_26' title='bbox 342 574 526 615; x_wconf 85' lang='lat' dir='ltr'><strong>Naturae</strong></span> <span class='ocrx_word' id='word_1_27' title='bbox 544 573 648 612; x_wconf 86' lang='lat' dir='ltr'><strong>fines</strong></span> <span class='ocrx_word' id='word_1_28' title='bbox 670 570 847 619; x_wconf 89' lang='lat' dir='ltr'><strong>viventi,</strong></span> <span class='ocrx_word' id='word_1_29' title='bbox 862 569 1014 622; x_wconf 83' lang='lat' dir='ltr'><strong>jugera</strong></span> <span class='ocrx_word' id='word_1_30' title='bbox 1034 575 1208 610; x_wconf 88' lang='lat' dir='ltr'><strong>centum</strong></span> <span class='ocrx_word' id='word_1_31' title='bbox 1227 582 1283 610; x_wconf 86' lang='lat' dir='ltr'><strong>an</strong></span> 
     </span>
    </p>

    <p class='ocr_par' dir='ltr' id='par_1_6' title="bbox 339 627 1608 819">
     <span class='ocr_line' id='line_1_6' title="bbox 341 627 1608 688; baseline -0.002 -8"><span class='ocrx_word' id='word_1_32' title='bbox 341 639 468 680; x_wconf 89' lang='lat' dir='ltr'><strong>Mille</strong></span> <span class='ocrx_word' id='word_1_33' title='bbox 489 644 590 679; x_wconf 88' lang='lat' dir='ltr'><strong>aret.</strong></span> <span class='ocrx_word' id='word_1_34' title='bbox 649 635 684 683; x_wconf 65' lang='grc' dir='ltr'><strong>ἹῘ</strong></span> <span class='ocrx_word' id='word_1_35' title='bbox 705 634 764 676; x_wconf 88' lang='lat' dir='ltr'><strong>At</strong></span> <span class='ocrx_word' id='word_1_36' title='bbox 783 648 916 676; x_wconf 88' lang='lat' dir='ltr'><strong>suave</strong></span> <span class='ocrx_word' id='word_1_37' title='bbox 935 641 1003 676; x_wconf 87' lang='lat' dir='ltr'><strong>est</strong></span> <span class='ocrx_word' id='word_1_38' title='bbox 1023 649 1082 676; x_wconf 87' lang='lat' dir='ltr'><strong>ex</strong></span> <span class='ocrx_word' id='word_1_39' title='bbox 1102 627 1256 688; x_wconf 77' lang='lat' dir='ltr'><strong>magno</strong></span> <span class='ocrx_word' id='word_1_40' title='bbox 1273 635 1422 677; x_wconf 86' lang='lat' dir='ltr'><strong>tollere</strong></span> <span class='ocrx_word' id='word_1_41' title='bbox 1440 649 1608 679; x_wconf 82' lang='lat' dir='ltr'><strong>acervo.</strong></span> 
     </span>
     <span class='ocr_line' id='line_1_7' title="bbox 339 701 1601 755; baseline -0.002 -10"><span class='ocrx_word' id='word_1_42' title='bbox 339 704 377 753; x_wconf 62' lang='grc' dir='ltr'><strong>ἸῙ</strong></span> <span class='ocrx_word' id='word_1_43' title='bbox 398 705 515 745; x_wconf 89' lang='lat' dir='ltr'><strong>Dum</strong></span> <span class='ocrx_word' id='word_1_44' title='bbox 536 715 593 742; x_wconf 84' lang='lat' dir='ltr'><strong>ex</strong></span> <span class='ocrx_word' id='word_1_45' title='bbox 613 714 748 754; x_wconf 84' lang='lat' dir='ltr'><strong>parvo</strong></span> <span class='ocrx_word' id='word_1_46' title='bbox 765 702 892 741; x_wconf 91' lang='lat' dir='ltr'><strong>nobis</strong></span> <span class='ocrx_word' id='word_1_47' title='bbox 914 701 1158 743; x_wconf 82' lang='lat' dir='ltr'><strong>tantundem</strong></span> <span class='ocrx_word' id='word_1_48' title='bbox 1179 701 1347 742; x_wconf 84' lang='lat' dir='ltr'><strong>haurire</strong></span> <span class='ocrx_word' id='word_1_49' title='bbox 1366 701 1601 755; x_wconf 63' lang='lat' dir='ltr'><strong>relinquas»,</strong></span> 
     </span>
     <span class='ocr_line' id='line_1_8' title="bbox 342 766 1435 819; baseline -0.002 -10"><span class='ocrx_word' id='word_1_50' title='bbox 342 769 431 810; x_wconf 84' lang='lat' dir='ltr'><strong>Cur</strong></span> <span class='ocrx_word' id='word_1_51' title='bbox 449 773 523 809; x_wconf 84' lang='lat' dir='ltr'><strong>tua</strong></span> <span class='ocrx_word' id='word_1_52' title='bbox 543 767 643 819; x_wconf 90' lang='lat' dir='ltr'><strong>plus</strong></span> <span class='ocrx_word' id='word_1_53' title='bbox 663 766 816 807; x_wconf 81' lang='lat' dir='ltr'><strong>laudes</strong></span> <span class='ocrx_word' id='word_1_54' title='bbox 836 768 1021 807; x_wconf 86' lang='lat' dir='ltr'><strong>cumeris</strong></span> <span class='ocrx_word' id='word_1_55' title='bbox 1039 767 1234 818; x_wconf 85' lang='lat' dir='ltr'><strong>granaria</strong></span> <span class='ocrx_word' id='word_1_56' title='bbox 1253 767 1435 808; x_wconf 73' lang='lat' dir='ltr'><strong>nostris?</strong></span> 
     </span>
    </p>

    <p class='ocr_par' dir='ltr' id='par_1_7' title="bbox 340 832 1402 885">
     <span class='ocr_line' id='line_1_9' title="bbox 340 832 1402 885; baseline -0.002 -11"><span class='ocrx_word' id='word_1_57' title='bbox 340 834 417 882; x_wconf 88' lang='lat' dir='ltr'><strong>Ut,</strong></span> <span class='ocrx_word' id='word_1_58' title='bbox 439 832 517 874; x_wconf 91' lang='lat' dir='ltr'><strong>tibi</strong></span> <span class='ocrx_word' id='word_1_59' title='bbox 537 832 576 872; x_wconf 89' lang='lat' dir='ltr'><strong>si</strong></span> <span class='ocrx_word' id='word_1_60' title='bbox 596 833 656 872; x_wconf 88' lang='lat' dir='ltr'><strong>sit</strong></span> <span class='ocrx_word' id='word_1_61' title='bbox 676 845 788 885; x_wconf 88' lang='lat' dir='ltr'><strong>opus</strong></span> <span class='ocrx_word' id='word_1_62' title='bbox 803 832 953 885; x_wconf 86' lang='lat' dir='ltr'><strong>liquidi</strong></span> <span class='ocrx_word' id='word_1_63' title='bbox 974 845 1058 873; x_wconf 91' lang='lat' dir='ltr'><strong>non</strong></span> <span class='ocrx_word' id='word_1_64' title='bbox 1078 832 1264 884; x_wconf 85' lang='lat' dir='ltr'><strong>amplius</strong></span> <span class='ocrx_word' id='word_1_65' title='bbox 1286 844 1402 881; x_wconf 85' lang='lat' dir='ltr'><strong>urna,</strong></span> 
     </span>
    </p>

    <p class='ocr_par' dir='ltr' id='par_1_8' title="bbox 338 897 1512 952">
     <span class='ocr_line' id='line_1_10' title="bbox 338 897 1512 952; baseline -0.001 -12"><span class='ocrx_word' id='word_1_66' title='bbox 338 899 423 940; x_wconf 93' lang='lat' dir='ltr'><strong>Vel</strong></span> <span class='ocrx_word' id='word_1_67' title='bbox 444 897 618 952; x_wconf 80' lang='lat' dir='ltr'><strong>cyatho,</strong></span> <span class='ocrx_word' id='word_1_68' title='bbox 638 901 679 938; x_wconf 92' lang='lat' dir='ltr'><strong>et</strong></span> <span class='ocrx_word' id='word_1_69' title='bbox 695 897 844 948; x_wconf 84' lang='lat' dir='ltr'><strong>dicas;</strong></span> <span class='ocrx_word' id='word_1_70' title='bbox 876 897 1039 950; x_wconf 84' lang='lat' dir='ltr'><strong>Magno</strong></span> <span class='ocrx_word' id='word_1_71' title='bbox 1059 897 1113 937; x_wconf 89' lang='lat' dir='ltr'><strong>de</strong></span> <span class='ocrx_word' id='word_1_72' title='bbox 1133 898 1308 938; x_wconf 89' lang='lat' dir='ltr'><strong>flumine</strong></span> <span class='ocrx_word' id='word_1_73' title='bbox 1325 899 1512 948; x_wconf 85' lang='lat' dir='ltr'><strong>mallem,</strong></span> 
     </span>
    </p>
   </div>
   <div class='ocr_carea' id='block_1_3' title="bbox 1690 541 1759 613">
    <p class='ocr_par' dir='ltr' id='par_1_9' title="bbox 1690 541 1759 613">
     <span class='ocr_line' id='line_1_11' title="bbox 1690 541 1759 613; baseline 0 0"><span class='ocrx_word' id='word_1_74' title='bbox 1690 541 1759 613; x_wconf 67' lang='lat'><strong>&#39;50</strong></span> 
     </span>
    </p>
   </div>
   <div class='ocr_carea' id='block_1_4' title="bbox 1703 900 1762 942">
    <p class='ocr_par' dir='ltr' id='par_1_10' title="bbox 1703 900 1762 942">
     <span class='ocr_line' id='line_1_12' title="bbox 1703 900 1762 942; baseline 0.017 -1"><span class='ocrx_word' id='word_1_75' title='bbox 1703 900 1762 942; x_wconf 88' lang='grc'><strong>55</strong></span> 
     </span>
    </p>
   </div>
   <div class='ocr_carea' id='block_1_5' title="bbox 327 1022 1760 1273">
    <p class='ocr_par' dir='ltr' id='par_1_11' title="bbox 327 1022 1760 1273">
     <span class='ocr_line' id='line_1_13' title="bbox 337 1022 1759 1075; baseline 0.001 -22"><span class='ocrx_word' id='word_1_76' title='bbox 337 1022 436 1054; x_wconf 79' lang='lat' dir='ltr'><strong>culum</strong></span> <span class='ocrx_word' id='word_1_77' title='bbox 449 1024 539 1063; x_wconf 78' lang='lat' dir='ltr'><strong>panis</strong></span> <span class='ocrx_word' id='word_1_78' title='bbox 552 1026 674 1054; x_wconf 72' lang='lat' dir='ltr'><strong>onerato</strong></span> <span class='ocrx_word' id='word_1_79' title='bbox 689 1024 809 1054; x_wconf 80' lang='lat' dir='ltr'><strong>humero</strong></span> <span class='ocrx_word' id='word_1_80' title='bbox 816 1024 953 1061; x_wconf 69' lang='lat' dir='ltr'><strong>sortasse</strong></span> <span class='ocrx_word' id='word_1_81' title='bbox 966 1026 1096 1065; x_wconf 66' lang='lat' dir='ltr'><strong>differ-m,</strong></span> <span class='ocrx_word' id='word_1_82' title='bbox 1117 1027 1194 1058; x_wconf 78' lang='lat' dir='ltr'><strong>nihil</strong></span> <span class='ocrx_word' id='word_1_83' title='bbox 1209 1029 1310 1057; x_wconf 78' lang='lat' dir='ltr'><strong>tamen</strong></span> <span class='ocrx_word' id='word_1_84' title='bbox 1321 1026 1451 1065; x_wconf 77' lang='lat' dir='ltr'><strong>amplius</strong></span> <span class='ocrx_word' id='word_1_85' title='bbox 1463 1025 1593 1075; x_wconf 73' lang='lat' dir='ltr'><strong>accipies</strong></span> <span class='ocrx_word' id='word_1_86' title='bbox 1604 1035 1693 1066; x_wconf 77' lang='lat' dir='ltr'><strong>quam</strong></span> <span class='ocrx_word' id='word_1_87' title='bbox 1705 1026 1759 1065; x_wconf 77' lang='lat' dir='ltr'><strong>qui</strong></span> 
     </span>
     <span class='ocr_line' id='line_1_14' title="bbox 336 1065 1760 1107; baseline 0.001 -12"><span class='ocrx_word' id='word_1_88' title='bbox 336 1065 606 1104; x_wconf 70' lang='lat' dir='ltr'><strong>nihilgestuverit.</strong></span> <span class='ocrx_word' id='word_1_89' title='bbox 650 1065 715 1096; x_wconf 78' lang='lat' dir='ltr'><strong>Aut</strong></span> <span class='ocrx_word' id='word_1_90' title='bbox 733 1065 861 1105; x_wconf 81' lang='lat' dir='ltr'><strong>loquere,</strong></span> <span class='ocrx_word' id='word_1_91' title='bbox 876 1067 947 1106; x_wconf 81' lang='lat' dir='ltr'><strong>quid</strong></span> <span class='ocrx_word' id='word_1_92' title='bbox 969 1069 1064 1106; x_wconf 73' lang='lat' dir='ltr'><strong>prosit</strong></span> <span class='ocrx_word' id='word_1_93' title='bbox 1086 1068 1243 1098; x_wconf 78' lang='lat' dir='ltr'><strong>nictitonti</strong></span> <span class='ocrx_word' id='word_1_94' title='bbox 1263 1067 1348 1098; x_wconf 74' lang='lat' dir='ltr'><strong>intra</strong></span> <span class='ocrx_word' id='word_1_95' title='bbox 1368 1070 1489 1099; x_wconf 70' lang='lat' dir='ltr'><strong>natura!</strong></span> <span class='ocrx_word' id='word_1_96' title='bbox 1512 1067 1638 1107; x_wconf 77' lang='lat' dir='ltr'><strong>limites,</strong></span> <span class='ocrx_word' id='word_1_97' title='bbox 1657 1070 1760 1098; x_wconf 67' lang='lat' dir='ltr'><strong>utrium</strong></span> 
     </span>
     <span class='ocr_line' id='line_1_15' title="bbox 327 1105 1759 1149; baseline 0.001 -13"><span class='ocrx_word' id='word_1_98' title='bbox 327 1105 444 1144; x_wconf 73' lang='lat' dir='ltr'><strong>jugera</strong></span> <span class='ocrx_word' id='word_1_99' title='bbox 458 1110 583 1137; x_wconf 79' lang='lat' dir='ltr'><strong>centena</strong></span> <span class='ocrx_word' id='word_1_100' title='bbox 597 1108 688 1142; x_wconf 72' lang='lat' dir='ltr'><strong>colat,</strong></span> <span class='ocrx_word' id='word_1_101' title='bbox 702 1116 742 1137; x_wconf 83' lang='lat' dir='ltr'><strong>on</strong></span> <span class='ocrx_word' id='word_1_102' title='bbox 754 1107 887 1137; x_wconf 73' lang='lat' dir='ltr'><strong>millena.</strong></span> <span class='ocrx_word' id='word_1_103' title='bbox 938 1108 1060 1147; x_wconf 82' lang='lat' dir='ltr'><strong>Verum,</strong></span> <span class='ocrx_word' id='word_1_104' title='bbox 1074 1109 1203 1149; x_wconf 79' lang='lat' dir='ltr'><strong>inquies,</strong></span> <span class='ocrx_word' id='word_1_105' title='bbox 1218 1109 1387 1147; x_wconf 75' lang='lat' dir='ltr'><strong>jucundum</strong></span> <span class='ocrx_word' id='word_1_106' title='bbox 1398 1111 1446 1139; x_wconf 75' lang='lat' dir='ltr'><strong>est</strong></span> <span class='ocrx_word' id='word_1_107' title='bbox 1458 1117 1574 1140; x_wconf 77' lang='lat' dir='ltr'><strong>sumere</strong></span> <span class='ocrx_word' id='word_1_108' title='bbox 1584 1117 1624 1140; x_wconf 73' lang='lat' dir='ltr'><strong>ex</strong></span> <span class='ocrx_word' id='word_1_109' title='bbox 1638 1107 1759 1147; x_wconf 70' lang='lat' dir='ltr'><strong>ingenti</strong></span> 
     </span>
     <span class='ocr_line' id='line_1_16' title="bbox 336 1149 1759 1189; baseline 0.003 -13"><span class='ocrx_word' id='word_1_110' title='bbox 336 1149 465 1178; x_wconf 79' lang='lat' dir='ltr'><strong>cumulo.</strong></span> <span class='ocrx_word' id='word_1_111' title='bbox 498 1149 605 1187; x_wconf 85' lang='lat' dir='ltr'><strong>Immo,</strong></span> <span class='ocrx_word' id='word_1_112' title='bbox 618 1149 645 1179; x_wconf 84' lang='lat' dir='ltr'><strong>si</strong></span> <span class='ocrx_word' id='word_1_113' title='bbox 659 1149 847 1179; x_wconf 70' lang='lat' dir='ltr'><strong>tantumdem</strong></span> <span class='ocrx_word' id='word_1_114' title='bbox 862 1149 1014 1188; x_wconf 73' lang='lat' dir='ltr'><strong>relinquen</strong></span> <span class='ocrx_word' id='word_1_115' title='bbox 1029 1150 1115 1181; x_wconf 68' lang='lat' dir='ltr'><strong>nobis</strong></span> <span class='ocrx_word' id='word_1_116' title='bbox 1128 1150 1334 1189; x_wconf 73' lang='lat' dir='ltr'><strong>accipiendum</strong></span> <span class='ocrx_word' id='word_1_117' title='bbox 1349 1159 1364 1179; x_wconf 83' lang='lat' dir='ltr'><strong>e</strong></span> <span class='ocrx_word' id='word_1_118' title='bbox 1375 1150 1500 1184; x_wconf 78' lang='lat' dir='ltr'><strong>modico,</strong></span> <span class='ocrx_word' id='word_1_119' title='bbox 1515 1157 1607 1189; x_wconf 67' lang='lat' dir='ltr'><strong>quare</strong></span> <span class='ocrx_word' id='word_1_120' title='bbox 1621 1153 1676 1180; x_wconf 76' lang='lat' dir='ltr'><strong>tua</strong></span> <span class='ocrx_word' id='word_1_121' title='bbox 1687 1149 1759 1180; x_wconf 75' lang='lat' dir='ltr'><strong>lun·-</strong></span> 
     </span>
     <span class='ocr_line' id='line_1_17' title="bbox 336 1189 1760 1230; baseline 0.004 -14"><span class='ocrx_word' id='word_1_122' title='bbox 336 1197 387 1218; x_wconf 80' lang='lat' dir='ltr'><strong>reu</strong></span> <span class='ocrx_word' id='word_1_123' title='bbox 400 1189 547 1228; x_wconf 75' lang='lat' dir='ltr'><strong>praeferas</strong></span> <span class='ocrx_word' id='word_1_124' title='bbox 561 1190 692 1220; x_wconf 74' lang='lat' dir='ltr'><strong>vasculis</strong></span> <span class='ocrx_word' id='word_1_125' title='bbox 703 1191 816 1220; x_wconf 78' lang='lat' dir='ltr'><strong>nostris</strong></span> <span class='ocrx_word' id='word_1_126' title='bbox 829 1193 840 1219; x_wconf 83' lang='lat'><strong><em>?</em></strong></span> <span class='ocrx_word' id='word_1_127' title='bbox 855 1190 980 1228; x_wconf 77' lang='lat' dir='ltr'><strong><em>perinde</em></strong></span> <span class='ocrx_word' id='word_1_128' title='bbox 1003 1201 1038 1221; x_wconf 80' lang='lat' dir='ltr'><strong>ac</strong></span> <span class='ocrx_word' id='word_1_129' title='bbox 1062 1192 1090 1221; x_wconf 85' lang='lat' dir='ltr'><strong>si</strong></span> <span class='ocrx_word' id='word_1_130' title='bbox 1111 1201 1201 1230; x_wconf 74' lang='lat' dir='ltr'><strong>egeas</strong></span> <span class='ocrx_word' id='word_1_131' title='bbox 1224 1200 1308 1230; x_wconf 80' lang='lat' dir='ltr'><strong>oquoe</strong></span> <span class='ocrx_word' id='word_1_132' title='bbox 1321 1199 1397 1220; x_wconf 81' lang='lat' dir='ltr'><strong>urna</strong></span> <span class='ocrx_word' id='word_1_133' title='bbox 1411 1191 1458 1221; x_wconf 81' lang='lat' dir='ltr'><strong>vel</strong></span> <span class='ocrx_word' id='word_1_134' title='bbox 1472 1190 1581 1229; x_wconf 76' lang='lat' dir='ltr'><strong>cyatho</strong></span> <span class='ocrx_word' id='word_1_135' title='bbox 1595 1191 1760 1228; x_wconf 70' lang='lat' dir='ltr'><strong>duntaxat,</strong></span> 
     </span>
     <span class='ocr_line' id='line_1_18' title="bbox 337 1230 1760 1273; baseline 0.002 -14"><span class='ocrx_word' id='word_1_136' title='bbox 337 1230 479 1271; x_wconf 76' lang='lat' dir='ltr'><strong>dicasque</strong></span> <span class='ocrx_word' id='word_1_137' title='bbox 488 1242 498 1262; x_wconf 70' lang='grc' dir='ltr'><strong><em>ε</em></strong></span> <span class='ocrx_word' id='word_1_138' title='bbox 522 1232 650 1262; x_wconf 83' lang='lat' dir='ltr'><strong>Mallem</strong></span> <span class='ocrx_word' id='word_1_139' title='bbox 664 1232 841 1262; x_wconf 80' lang='lat' dir='ltr'><strong><em>tantundem</em></strong></span> <span class='ocrx_word' id='word_1_140' title='bbox 853 1231 975 1262; x_wconf 81' lang='lat' dir='ltr'><strong>haurire</strong></span> <span class='ocrx_word' id='word_1_141' title='bbox 987 1241 1098 1271; x_wconf 82' lang='lat' dir='ltr'><strong>magno</strong></span> <span class='ocrx_word' id='word_1_142' title='bbox 1108 1233 1265 1273; x_wconf 81' lang='lat' dir='ltr'><strong>defluvio,</strong></span> <span class='ocrx_word' id='word_1_143' title='bbox 1283 1241 1372 1272; x_wconf 79' lang='lat' dir='ltr'><strong>quam</strong></span> <span class='ocrx_word' id='word_1_144' title='bbox 1392 1232 1429 1263; x_wconf 81' lang='lat' dir='ltr'><strong>de</strong></span> <span class='ocrx_word' id='word_1_145' title='bbox 1443 1232 1502 1262; x_wconf 68' lang='lat' dir='ltr'><strong>isto</strong></span> <span class='ocrx_word' id='word_1_146' title='bbox 1515 1231 1607 1270; x_wconf 71' lang='lat' dir='ltr'><strong>sonte</strong></span> <span class='ocrx_word' id='word_1_147' title='bbox 1620 1231 1760 1272; x_wconf 75' lang='lat' dir='ltr'><strong>parvulo.</strong></span> 
     </span>
    </p>
   </div>
   <div class='ocr_carea' id='block_1_6' title="bbox 936 1312 1169 1325">
    <p class='ocr_par' dir='ltr' id='par_1_12' title="bbox 936 1312 1169 1325">
     <span class='ocr_line' id='line_1_19' title="bbox 936 1312 1169 1325; baseline 0 -1"><span class='ocrx_word' id='word_1_148' title='bbox 936 1312 1169 1325; x_wconf 59' lang='lat' dir='ltr'><strong>oemnooaeeo</strong></span> 
     </span>
    </p>
   </div>
   <div class='ocr_carea' id='block_1_7' title="bbox 333 1377 1762 1912">
    <p class='ocr_par' dir='ltr' id='par_1_13' title="bbox 333 1377 1762 1912">
     <span class='ocr_line' id='line_1_20' title="bbox 338 1377 1759 1418; baseline 0.002 -12"><span class='ocrx_word' id='word_1_149' title='bbox 338 1382 515 1416; x_wconf 71' lang='lat' dir='ltr'><strong>sequentes</strong></span> <span class='ocrx_word' id='word_1_150' title='bbox 544 1381 796 1417; x_wconf 75' lang='lat' dir='ltr'><strong>propagarunt:</strong></span> <span class='ocrx_word' id='word_1_151' title='bbox 822 1377 922 1416; x_wconf 85' lang='lat' dir='ltr'><strong>idque</strong></span> <span class='ocrx_word' id='word_1_152' title='bbox 947 1377 1082 1408; x_wconf 88' lang='lat' dir='ltr'><strong>silentio</strong></span> <span class='ocrx_word' id='word_1_153' title='bbox 1109 1378 1364 1409; x_wconf 77' lang='lat' dir='ltr'><strong>transmiserunt</strong></span> <span class='ocrx_word' id='word_1_154' title='bbox 1389 1378 1591 1418; x_wconf 74' lang='lat' dir='ltr'><strong>interpretes</strong></span> <span class='ocrx_word' id='word_1_155' title='bbox 1621 1387 1759 1418; x_wconf 79' lang='lat' dir='ltr'><strong>omnes3</strong></span> 
     </span>
     <span class='ocr_line' id='line_1_21' title="bbox 337 1418 1760 1459; baseline 0.002 -12"><span class='ocrx_word' id='word_1_156' title='bbox 337 1422 484 1457; x_wconf 86' lang='lat' dir='ltr'><strong>excepto</strong></span> <span class='ocrx_word' id='word_1_157' title='bbox 498 1418 717 1458; x_wconf 83' lang='lat' dir='ltr'><strong>Bersmanno,</strong></span> <span class='ocrx_word' id='word_1_158' title='bbox 732 1418 788 1458; x_wconf 84' lang='lat' dir='ltr'><strong>qui</strong></span> <span class='ocrx_word' id='word_1_159' title='bbox 805 1427 846 1449; x_wconf 89' lang='lat' dir='ltr'><strong>ex</strong></span> <span class='ocrx_word' id='word_1_160' title='bbox 863 1418 991 1449; x_wconf 86' lang='lat' dir='ltr'><strong>dnobus</strong></span> <span class='ocrx_word' id='word_1_161' title='bbox 1007 1419 1075 1448; x_wconf 82' lang='lat' dir='ltr'><strong>suis</strong></span> <span class='ocrx_word' id='word_1_162' title='bbox 1097 1420 1165 1457; x_wconf 80' lang='lat' dir='ltr'><strong>plus</strong></span> <span class='ocrx_word' id='word_1_163' title='bbox 1186 1429 1222 1449; x_wconf 82' lang='lat' dir='ltr'><strong>ac</strong></span> <span class='ocrx_word' id='word_1_164' title='bbox 1245 1429 1327 1450; x_wconf 81' lang='lat' dir='ltr'><strong>meus</strong></span> <span class='ocrx_word' id='word_1_165' title='bbox 1349 1419 1499 1459; x_wconf 87' lang='lat' dir='ltr'><strong>protulit.</strong></span> <span class='ocrx_word' id='word_1_166' title='bbox 1543 1420 1615 1459; x_wconf 83' lang='lat' dir='ltr'><strong>Ego</strong></span> <span class='ocrx_word' id='word_1_167' title='bbox 1631 1428 1710 1450; x_wconf 82' lang='lat' dir='ltr'><strong>vero</strong></span> <span class='ocrx_word' id='word_1_168' title='bbox 1725 1420 1760 1450; x_wconf 87' lang='lat' dir='ltr'><strong>in</strong></span> 
     </span>
     <span class='ocr_line' id='line_1_22' title="bbox 339 1458 1762 1501; baseline 0.003 -13"><span class='ocrx_word' id='word_1_169' title='bbox 339 1458 532 1493; x_wconf 77' lang='lat' dir='ltr'><strong>Graeviano,</strong></span> <span class='ocrx_word' id='word_1_170' title='bbox 555 1459 748 1498; x_wconf 82' lang='lat' dir='ltr'><strong>Reginensi,</strong></span> <span class='ocrx_word' id='word_1_171' title='bbox 766 1463 802 1489; x_wconf 86' lang='lat' dir='ltr'><strong>et</strong></span> <span class='ocrx_word' id='word_1_172' title='bbox 817 1464 893 1490; x_wconf 86' lang='lat' dir='ltr'><strong>octo</strong></span> <span class='ocrx_word' id='word_1_173' title='bbox 912 1463 1074 1498; x_wconf 77' lang='lat' dir='ltr'><strong>praeterea</strong></span> <span class='ocrx_word' id='word_1_174' title='bbox 1087 1461 1159 1491; x_wconf 82' lang='lat' dir='ltr'><strong>aliis</strong></span> <span class='ocrx_word' id='word_1_175' title='bbox 1175 1460 1316 1491; x_wconf 84' lang='lat' dir='ltr'><strong>eandem</strong></span> <span class='ocrx_word' id='word_1_176' title='bbox 1338 1461 1516 1492; x_wconf 79' lang='lat' dir='ltr'><strong>lectionem</strong></span> <span class='ocrx_word' id='word_1_177' title='bbox 1532 1461 1657 1501; x_wconf 81' lang='lat' dir='ltr'><strong>reperi,</strong></span> <span class='ocrx_word' id='word_1_178' title='bbox 1670 1470 1762 1501; x_wconf 77' lang='lat' dir='ltr'><strong>quam</strong></span> 
     </span>
     <span class='ocr_line' id='line_1_23' title="bbox 339 1501 1760 1542; baseline 0.001 -12"><span class='ocrx_word' id='word_1_179' title='bbox 339 1505 450 1530; x_wconf 85' lang='lat' dir='ltr'><strong>antem</strong></span> <span class='ocrx_word' id='word_1_180' title='bbox 467 1501 500 1531; x_wconf 90' lang='lat' dir='ltr'><strong>in</strong></span> <span class='ocrx_word' id='word_1_181' title='bbox 518 1501 646 1531; x_wconf 83' lang='lat' dir='ltr'><strong>duobus</strong></span> <span class='ocrx_word' id='word_1_182' title='bbox 663 1505 805 1540; x_wconf 84' lang='lat' dir='ltr'><strong>tantum,</strong></span> <span class='ocrx_word' id='word_1_183' title='bbox 829 1502 944 1540; x_wconf 83' lang='lat' dir='ltr'><strong>eisque</strong></span> <span class='ocrx_word' id='word_1_184' title='bbox 962 1506 1051 1531; x_wconf 83' lang='lat' dir='ltr'><strong>notae</strong></span> <span class='ocrx_word' id='word_1_185' title='bbox 1068 1501 1253 1542; x_wconf 75' lang='lat' dir='ltr'><strong>sequioris:</strong></span> <span class='ocrx_word' id='word_1_186' title='bbox 1278 1506 1316 1532; x_wconf 92' lang='lat' dir='ltr'><strong>ut</strong></span> <span class='ocrx_word' id='word_1_187' title='bbox 1330 1501 1408 1532; x_wconf 89' lang='lat' dir='ltr'><strong>inde</strong></span> <span class='ocrx_word' id='word_1_188' title='bbox 1423 1501 1466 1532; x_wconf 90' lang='lat' dir='ltr'><strong>de</strong></span> <span class='ocrx_word' id='word_1_189' title='bbox 1481 1501 1619 1532; x_wconf 85' lang='lat' dir='ltr'><strong>aliorum</strong></span> <span class='ocrx_word' id='word_1_190' title='bbox 1635 1501 1760 1533; x_wconf 88' lang='lat' dir='ltr'><strong>codici-</strong></span> 
     </span>
     <span class='ocr_line' id='line_1_24' title="bbox 336 1540 1758 1582; baseline 0.002 -11"><span class='ocrx_word' id='word_1_191' title='bbox 336 1540 398 1571; x_wconf 90' lang='lat' dir='ltr'><strong>bus</strong></span> <span class='ocrx_word' id='word_1_192' title='bbox 414 1542 642 1582; x_wconf 81' lang='lat' dir='ltr'><strong>conjecturam</strong></span> <span class='ocrx_word' id='word_1_193' title='bbox 657 1551 779 1582; x_wconf 81' lang='lat' dir='ltr'><strong>capere</strong></span> <span class='ocrx_word' id='word_1_194' title='bbox 797 1543 914 1581; x_wconf 77' lang='lat' dir='ltr'><strong>possis.</strong></span> <span class='ocrx_word' id='word_1_195' title='bbox 958 1543 1159 1573; x_wconf 83' lang='lat' dir='ltr'><strong>Revocanda</strong></span> <span class='ocrx_word' id='word_1_196' title='bbox 1175 1543 1276 1581; x_wconf 83' lang='lat' dir='ltr'><strong>igitur</strong></span> <span class='ocrx_word' id='word_1_197' title='bbox 1291 1543 1558 1574; x_wconf 81' lang='lat' dir='ltr'><strong>membranarum</strong></span> <span class='ocrx_word' id='word_1_198' title='bbox 1570 1544 1758 1582; x_wconf 74' lang='lat' dir='ltr'><strong>scripturn:</strong></span> 
     </span>
     <span class='ocr_line' id='line_1_25' title="bbox 333 1583 1760 1622; baseline 0.002 -10"><span class='ocrx_word' id='word_1_199' title='bbox 333 1583 405 1621; x_wconf 82' lang='lat' dir='ltr'><strong>plus</strong></span> <span class='ocrx_word' id='word_1_200' title='bbox 419 1593 454 1612; x_wconf 85' lang='lat' dir='ltr'><strong>oc</strong></span> <span class='ocrx_word' id='word_1_201' title='bbox 468 1583 575 1613; x_wconf 59' lang='lat' dir='ltr'><strong>meus!</strong></span> <span class='ocrx_word' id='word_1_202' title='bbox 600 1584 713 1614; x_wconf 83' lang='lat' dir='ltr'><strong>Bentl.</strong></span> <span class='ocrx_word' id='word_1_203' title='bbox 753 1584 822 1622; x_wconf 79' lang='lat' dir='ltr'><strong>plns</strong></span> <span class='ocrx_word' id='word_1_204' title='bbox 836 1593 924 1622; x_wconf 81' lang='lat' dir='ltr'><strong>quam</strong></span> <span class='ocrx_word' id='word_1_205' title='bbox 940 1593 1022 1613; x_wconf 79' lang='lat' dir='ltr'><strong>meus</strong></span> <span class='ocrx_word' id='word_1_206' title='bbox 1037 1583 1130 1613; x_wconf 83' lang='lat' dir='ltr'><strong>Harl.</strong></span> <span class='ocrx_word' id='word_1_207' title='bbox 1149 1586 1180 1614; x_wconf 89' lang='grc'><strong>2.</strong></span> <span class='ocrx_word' id='word_1_208' title='bbox 1193 1587 1223 1614; x_wconf 81' lang='grc'><strong>3.</strong></span> <span class='ocrx_word' id='word_1_209' title='bbox 1239 1586 1270 1614; x_wconf 79' lang='grc'><strong>4.</strong></span> <span class='ocrx_word' id='word_1_210' title='bbox 1286 1587 1317 1614; x_wconf 86' lang='grc'><strong>6.</strong></span> <span class='ocrx_word' id='word_1_211' title='bbox 1333 1587 1365 1615; x_wconf 83' lang='grc'><strong>’1.</strong></span> <span class='ocrx_word' id='word_1_212' title='bbox 1388 1588 1423 1615; x_wconf 88' lang='lat' dir='ltr'><strong>et</strong></span> <span class='ocrx_word' id='word_1_213' title='bbox 1445 1584 1522 1614; x_wconf 88' lang='lat' dir='ltr'><strong>edd.</strong></span> <span class='ocrx_word' id='word_1_214' title='bbox 1544 1589 1622 1615; x_wconf 77' lang='lat' dir='ltr'><strong>ante</strong></span> <span class='ocrx_word' id='word_1_215' title='bbox 1644 1584 1760 1615; x_wconf 81' lang='lat' dir='ltr'><strong>Bentl.</strong></span> 
     </span>
     <span class='ocr_line' id='line_1_26' title="bbox 335 1623 1760 1664; baseline 0.001 -11"><span class='ocrx_word' id='word_1_216' title='bbox 335 1624 416 1653; x_wconf 83' lang='lat' dir='ltr'><strong>item</strong></span> <span class='ocrx_word' id='word_1_217' title='bbox 437 1624 600 1663; x_wconf 65' lang='lat' dir='ltr'><strong>minster,</strong></span> <span class='ocrx_word' id='word_1_218' title='bbox 617 1624 716 1654; x_wconf 86' lang='lat' dir='ltr'><strong>Baxt.</strong></span> <span class='ocrx_word' id='word_1_219' title='bbox 735 1623 839 1654; x_wconf 82' lang='lat' dir='ltr'><strong>Geso.</strong></span> <span class='ocrx_word' id='word_1_220' title='bbox 854 1624 960 1655; x_wconf 87' lang='lat' dir='ltr'><strong>Zenn.</strong></span> <span class='ocrx_word' id='word_1_221' title='bbox 977 1625 1120 1655; x_wconf 85' lang='lat' dir='ltr'><strong>Wetzel.</strong></span> <span class='ocrx_word' id='word_1_222' title='bbox 1143 1629 1179 1655; x_wconf 86' lang='lat' dir='ltr'><strong>et</strong></span> <span class='ocrx_word' id='word_1_223' title='bbox 1199 1625 1337 1664; x_wconf 86' lang='lat' dir='ltr'><strong>Bipont.</strong></span> <span class='ocrx_word' id='word_1_224' title='bbox 1373 1626 1532 1664; x_wconf 74' lang='lat' dir='ltr'><strong>plusquam</strong></span> <span class='ocrx_word' id='word_1_225' title='bbox 1546 1634 1629 1656; x_wconf 78' lang='lat' dir='ltr'><strong>meus</strong></span> <span class='ocrx_word' id='word_1_226' title='bbox 1642 1623 1760 1657; x_wconf 88' lang='lat' dir='ltr'><strong>Comb.</strong></span> 
     </span>
     <span class='ocr_line' id='line_1_27' title="bbox 333 1664 1760 1706; baseline 0.003 -13"><span class='ocrx_word' id='word_1_227' title='bbox 333 1665 404 1703; x_wconf 73' lang='lat' dir='ltr'><strong>ptus</strong></span> <span class='ocrx_word' id='word_1_228' title='bbox 423 1674 459 1694; x_wconf 84' lang='lat' dir='ltr'><strong>ac</strong></span> <span class='ocrx_word' id='word_1_229' title='bbox 480 1674 563 1695; x_wconf 81' lang='lat' dir='ltr'><strong>meus</strong></span> <span class='ocrx_word' id='word_1_230' title='bbox 589 1665 687 1695; x_wconf 82' lang='lat' dir='ltr'><strong>habet</strong></span> <span class='ocrx_word' id='word_1_231' title='bbox 707 1666 807 1694; x_wconf 84' lang='lat' dir='ltr'><strong>etiam</strong></span> <span class='ocrx_word' id='word_1_232' title='bbox 831 1664 927 1695; x_wconf 82' lang='lat' dir='ltr'><strong>Harl.</strong></span> <span class='ocrx_word' id='word_1_233' title='bbox 945 1668 972 1695; x_wconf 83' lang='grc'><strong>1.</strong></span> <span class='ocrx_word' id='word_1_234' title='bbox 995 1671 1030 1695; x_wconf 73' lang='lat' dir='ltr'><strong>et</strong></span> <span class='ocrx_word' id='word_1_235' title='bbox 1046 1666 1094 1696; x_wconf 87' lang='lat' dir='ltr'><strong>sic</strong></span> <span class='ocrx_word' id='word_1_236' title='bbox 1117 1666 1235 1696; x_wconf 80' lang='lat' dir='ltr'><strong>Sauad.</strong></span> <span class='ocrx_word' id='word_1_237' title='bbox 1257 1667 1403 1706; x_wconf 86' lang='lat' dir='ltr'><strong>Towers,</strong></span> <span class='ocrx_word' id='word_1_238' title='bbox 1414 1667 1562 1706; x_wconf 81' lang='lat' dir='ltr'><strong>Francis,</strong></span> <span class='ocrx_word' id='word_1_239' title='bbox 1581 1665 1760 1697; x_wconf 83' lang='lat' dir='ltr'><strong>Heindorf.</strong></span> 
     </span>
     <span class='ocr_line' id='line_1_28' title="bbox 341 1705 1761 1744; baseline 0.003 -9"><span class='ocrx_word' id='word_1_240' title='bbox 341 1705 470 1736; x_wconf 84' lang='lat' dir='ltr'><strong>Wakef.</strong></span> <span class='ocrx_word' id='word_1_241' title='bbox 494 1711 529 1736; x_wconf 81' lang='lat' dir='ltr'><strong>et</strong></span> <span class='ocrx_word' id='word_1_242' title='bbox 560 1705 749 1737; x_wconf 75' lang='lat' dir='ltr'><strong>Kidd.-‹t7</strong></span> <span class='ocrx_word' id='word_1_243' title='bbox 775 1705 907 1744; x_wconf 78' lang='lat' dir='ltr'><strong>Optimi</strong></span> <span class='ocrx_word' id='word_1_244' title='bbox 944 1706 1042 1737; x_wconf 87' lang='lat' dir='ltr'><strong>codd.</strong></span> <span class='ocrx_word' id='word_1_245' title='bbox 1074 1707 1256 1744; x_wconf 80' lang='lat' dir='ltr'><strong>Tun-eutii,</strong></span> <span class='ocrx_word' id='word_1_246' title='bbox 1287 1707 1371 1738; x_wconf 78' lang='lat' dir='ltr'><strong>inter</strong></span> <span class='ocrx_word' id='word_1_247' title='bbox 1397 1707 1621 1739; x_wconf 56' lang='lat' dir='ltr'><strong>honusta—48</strong></span> <span class='ocrx_word' id='word_1_248' title='bbox 1643 1707 1761 1739; x_wconf 80' lang='lat' dir='ltr'><strong>Codex</strong></span> 
     </span>
     <span class='ocr_line' id='line_1_29' title="bbox 336 1746 1761 1788; baseline 0.002 -12"><span class='ocrx_word' id='word_1_249' title='bbox 336 1746 549 1785; x_wconf 78' lang='lat' dir='ltr'><strong>Bersmanni,</strong></span> <span class='ocrx_word' id='word_1_250' title='bbox 577 1748 645 1786; x_wconf 81' lang='lat' dir='ltr'><strong>plus</strong></span> <span class='ocrx_word' id='word_1_251' title='bbox 664 1748 889 1787; x_wconf 52' lang='lat' dir='ltr'><strong>accipisse—53</strong></span> <span class='ocrx_word' id='word_1_252' title='bbox 915 1748 981 1778; x_wconf 81' lang='lat' dir='ltr'><strong>Cur</strong></span> <span class='ocrx_word' id='word_1_253' title='bbox 1004 1751 1059 1778; x_wconf 80' lang='lat' dir='ltr'><strong>tua</strong></span> <span class='ocrx_word' id='word_1_254' title='bbox 1079 1748 1149 1788; x_wconf 78' lang='lat' dir='ltr'><strong>ptus</strong></span> <span class='ocrx_word' id='word_1_255' title='bbox 1172 1749 1279 1779; x_wconf 74' lang='lat' dir='ltr'><strong>laudas</strong></span> <span class='ocrx_word' id='word_1_256' title='bbox 1304 1749 1398 1780; x_wconf 80' lang='lat' dir='ltr'><strong>Harl.</strong></span> <span class='ocrx_word' id='word_1_257' title='bbox 1414 1751 1445 1781; x_wconf 93' lang='grc'><strong>2.</strong></span> <span class='ocrx_word' id='word_1_258' title='bbox 1461 1752 1577 1780; x_wconf 78' lang='grc'><strong>7.-55</strong></span> <span class='ocrx_word' id='word_1_259' title='bbox 1598 1750 1608 1766; x_wconf 88' lang='lat'><strong>‘</strong></span> <span class='ocrx_word' id='word_1_260' title='bbox 1621 1749 1761 1780; x_wconf 73' lang='lat' dir='ltr'><strong>Mallem</strong></span> 
     </span>
     <span class='ocr_line' id='line_1_30' title="bbox 338 1787 1762 1830; baseline 0.003 -12"><span class='ocrx_word' id='word_1_261' title='bbox 338 1787 454 1818; x_wconf 77' lang='lat' dir='ltr'><strong>abesse</strong></span> <span class='ocrx_word' id='word_1_262' title='bbox 473 1789 636 1827; x_wconf 79' lang='lat' dir='ltr'><strong>particula</strong></span> <span class='ocrx_word' id='word_1_263' title='bbox 657 1793 699 1829; x_wconf 82' lang='lat' dir='ltr'><strong>et,</strong></span> <span class='ocrx_word' id='word_1_264' title='bbox 719 1793 757 1819; x_wconf 87' lang='lat' dir='ltr'><strong>ut</strong></span> <span class='ocrx_word' id='word_1_265' title='bbox 771 1790 804 1818; x_wconf 90' lang='lat' dir='ltr'><strong>in</strong></span> <span class='ocrx_word' id='word_1_266' title='bbox 822 1788 951 1819; x_wconf 79' lang='lat' dir='ltr'><strong>duobus</strong></span> <span class='ocrx_word' id='word_1_267' title='bbox 972 1789 1231 1830; x_wconf 64' lang='lat' dir='ltr'><strong>manuscriptis!</strong></span> <span class='ocrx_word' id='word_1_268' title='bbox 1256 1790 1396 1821; x_wconf 70' lang='lat' dir='ltr'><strong>Tor-rent.</strong></span> <span class='ocrx_word' id='word_1_269' title='bbox 1441 1791 1550 1822; x_wconf 82' lang='lat' dir='ltr'><strong>Etiam</strong></span> <span class='ocrx_word' id='word_1_270' title='bbox 1575 1791 1695 1822; x_wconf 74' lang='lat' dir='ltr'><strong>mollem</strong></span> <span class='ocrx_word' id='word_1_271' title='bbox 1718 1789 1762 1822; x_wconf 77' lang='lat' dir='ltr'><strong>de</strong></span> 
     </span>
     <span class='ocr_line' id='line_1_31' title="bbox 337 1829 1761 1871; baseline 0.004 -12"><span class='ocrx_word' id='word_1_272' title='bbox 337 1829 412 1859; x_wconf 87' lang='lat' dir='ltr'><strong>loco</strong></span> <span class='ocrx_word' id='word_1_273' title='bbox 428 1839 562 1860; x_wconf 80' lang='lat' dir='ltr'><strong>movere</strong></span> <span class='ocrx_word' id='word_1_274' title='bbox 580 1830 677 1860; x_wconf 78' lang='lat' dir='ltr'><strong>veriti</strong></span> <span class='ocrx_word' id='word_1_275' title='bbox 695 1834 773 1860; x_wconf 82' lang='lat' dir='ltr'><strong>sunt</strong></span> <span class='ocrx_word' id='word_1_276' title='bbox 789 1830 1012 1868; x_wconf 79' lang='lat' dir='ltr'><strong>Interpretes,</strong></span> <span class='ocrx_word' id='word_1_277' title='bbox 1024 1831 1102 1871; x_wconf 84' lang='lat' dir='ltr'><strong>quia</strong></span> <span class='ocrx_word' id='word_1_278' title='bbox 1118 1831 1151 1861; x_wconf 87' lang='lat' dir='ltr'><strong>in</strong></span> <span class='ocrx_word' id='word_1_279' title='bbox 1168 1831 1335 1871; x_wconf 77' lang='lat' dir='ltr'><strong>prioribus</strong></span> <span class='ocrx_word' id='word_1_280' title='bbox 1348 1832 1550 1864; x_wconf 76' lang='lat' dir='ltr'><strong>editionibus</strong></span> <span class='ocrx_word' id='word_1_281' title='bbox 1562 1832 1761 1864; x_wconf 77' lang='lat' dir='ltr'><strong>obtinuerat.</strong></span> 
     </span>
     <span class='ocr_line' id='line_1_32' title="bbox 337 1870 1759 1912; baseline 0.003 -11"><span class='ocrx_word' id='word_1_282' title='bbox 337 1870 434 1901; x_wconf 85' lang='lat' dir='ltr'><strong>Solus</strong></span> <span class='ocrx_word' id='word_1_283' title='bbox 451 1871 628 1902; x_wconf 77' lang='lat' dir='ltr'><strong>Lambinus</strong></span> <span class='ocrx_word' id='word_1_284' title='bbox 644 1871 676 1901; x_wconf 88' lang='lat' dir='ltr'><strong>in</strong></span> <span class='ocrx_word' id='word_1_285' title='bbox 691 1871 837 1912; x_wconf 87' lang='lat' dir='ltr'><strong>quinque</strong></span> <span class='ocrx_word' id='word_1_286' title='bbox 853 1872 920 1901; x_wconf 80' lang='lat' dir='ltr'><strong>suis</strong></span> <span class='ocrx_word' id='word_1_287' title='bbox 941 1872 1045 1901; x_wconf 82' lang='lat' dir='ltr'><strong>malim</strong></span> <span class='ocrx_word' id='word_1_288' title='bbox 1067 1881 1102 1902; x_wconf 85' lang='lat' dir='ltr'><strong>se</strong></span> <span class='ocrx_word' id='word_1_289' title='bbox 1124 1873 1290 1903; x_wconf 87' lang='lat' dir='ltr'><strong>invenisse</strong></span> <span class='ocrx_word' id='word_1_290' title='bbox 1305 1878 1486 1912; x_wconf 87' lang='lat' dir='ltr'><strong>memorat;</strong></span> <span class='ocrx_word' id='word_1_291' title='bbox 1509 1874 1615 1905; x_wconf 84' lang='lat' dir='ltr'><strong>ceteri</strong></span> <span class='ocrx_word' id='word_1_292' title='bbox 1632 1877 1759 1905; x_wconf 81' lang='lat' dir='ltr'><strong>tacent.</strong></span> 
     </span>
    </p>
   </div>
   <div class='ocr_carea' id='block_1_8' title="bbox 983 1954 1120 1985">
    <p class='ocr_par' dir='ltr' id='par_1_14' title="bbox 983 1954 1120 1985">
     <span class='ocr_line' id='line_1_33' title="bbox 983 1954 1120 1985; baseline 0 0"><span class='ocrx_word' id='word_1_293' title='bbox 983 1954 1120 1985; x_wconf 82' lang='lat' dir='ltr'><strong>NOTAE</strong></span> 
     </span>
    </p>
   </div>
   <div class='ocr_carea' id='block_1_9' title="bbox 338 2015 1025 2644">
    <p class='ocr_par' dir='ltr' id='par_1_15' title="bbox 338 2015 1025 2252">
     <span class='ocr_line' id='line_1_34' title="bbox 380 2015 1024 2056; baseline 0.002 -10"><span class='ocrx_word' id='word_1_294' title='bbox 380 2018 421 2047; x_wconf 79' lang='lat'><strong>47</strong></span> <span class='ocrx_word' id='word_1_295' title='bbox 446 2016 622 2049; x_wconf 79' lang='lat' dir='ltr'><strong>Reticuzum</strong></span> <span class='ocrx_word' id='word_1_296' title='bbox 653 2015 758 2056; x_wconf 75' lang='lat' dir='ltr'><strong>panis]</strong></span> <span class='ocrx_word' id='word_1_297' title='bbox 799 2016 976 2047; x_wconf 84' lang='lat' dir='ltr'><strong>Saeculum</strong></span> <span class='ocrx_word' id='word_1_298' title='bbox 1005 2026 1024 2047; x_wconf 86' lang='lat' dir='ltr'><strong>e</strong></span> 
     </span>
     <span class='ocr_line' id='line_1_35' title="bbox 338 2065 1024 2106; baseline 0.001 -10"><span class='ocrx_word' id='word_1_299' title='bbox 338 2066 492 2104; x_wconf 84' lang='lat' dir='ltr'><strong>reticulo,</strong></span> <span class='ocrx_word' id='word_1_300' title='bbox 507 2075 571 2106; x_wconf 86' lang='lat' dir='ltr'><strong>quo</strong></span> <span class='ocrx_word' id='word_1_301' title='bbox 584 2066 677 2105; x_wconf 84' lang='lat' dir='ltr'><strong>panis</strong></span> <span class='ocrx_word' id='word_1_302' title='bbox 688 2065 871 2097; x_wconf 84' lang='lat' dir='ltr'><strong>ferebatur.</strong></span> <span class='ocrx_word' id='word_1_303' title='bbox 904 2067 939 2097; x_wconf 94' lang='lat' dir='ltr'><strong>S.</strong></span> <span class='ocrx_word' id='word_1_304' title='bbox 958 2067 1024 2097; x_wconf 87' lang='grc' dir='ltr'>Αιι-</span> 
     </span>
     <span class='ocr_line' id='line_1_36' title="bbox 339 2115 1025 2155; baseline 0.001 -9"><span class='ocrx_word' id='word_1_305' title='bbox 339 2119 427 2155; x_wconf 84' lang='lat' dir='ltr'><strong>gust.</strong></span> <span class='ocrx_word' id='word_1_306' title='bbox 444 2115 485 2146; x_wconf 86' lang='lat' dir='ltr'><strong>de</strong></span> <span class='ocrx_word' id='word_1_307' title='bbox 499 2115 571 2146; x_wconf 86' lang='lat' dir='ltr'><strong>Civ.</strong></span> <span class='ocrx_word' id='word_1_308' title='bbox 582 2115 645 2145; x_wconf 88' lang='lat' dir='ltr'><strong>Dei</strong></span> <span class='ocrx_word' id='word_1_309' title='bbox 661 2123 767 2146; x_wconf 77' lang='lat' dir='ltr'><strong>xvnr.</strong></span> <span class='ocrx_word' id='word_1_310' title='bbox 782 2118 832 2146; x_wconf 84' lang='lat'><strong>18.</strong></span> <span class='ocrx_word' id='word_1_311' title='bbox 859 2116 869 2132; x_wconf 84' lang='lat'>‘</span> <span class='ocrx_word' id='word_1_312' title='bbox 882 2115 1025 2147; x_wconf 81' lang='lat' dir='ltr'><strong>Annona</strong></span> 
     </span>
     <span class='ocr_line' id='line_1_37' title="bbox 340 2163 1023 2205; baseline 0.001 -11"><span class='ocrx_word' id='word_1_313' title='bbox 340 2165 447 2195; x_wconf 75' lang='lat' dir='ltr'><strong>retica</strong></span> <span class='ocrx_word' id='word_1_314' title='bbox 471 2163 618 2203; x_wconf 84' lang='lat' dir='ltr'><strong>dicitur,’</strong></span> <span class='ocrx_word' id='word_1_315' title='bbox 648 2164 768 2204; x_wconf 85' lang='lat' dir='ltr'><strong>inquit,</strong></span> <span class='ocrx_word' id='word_1_316' title='bbox 787 2165 794 2181; x_wconf 93' lang='lat'>‘</span> <span class='ocrx_word' id='word_1_317' title='bbox 811 2165 965 2205; x_wconf 80' lang='lat' dir='ltr'><strong>quoniam</strong></span> <span class='ocrx_word' id='word_1_318' title='bbox 982 2165 1023 2195; x_wconf 81' lang='lat' dir='ltr'><strong>ad</strong></span> 
     </span>
     <span class='ocr_line' id='line_1_38' title="bbox 342 2213 662 2252; baseline 0.003 -8"><span class='ocrx_word' id='word_1_319' title='bbox 342 2214 427 2244; x_wconf 85' lang='lat' dir='ltr'><strong>retia</strong></span> <span class='ocrx_word' id='word_1_320' title='bbox 441 2213 662 2252; x_wconf 65' lang='lat' dir='ltr'><strong>deportatur!</strong></span> 
     </span>
    </p>

    <p class='ocr_par' dir='ltr' id='par_1_16' title="bbox 341 2261 1024 2350">
     <span class='ocr_line' id='line_1_39' title="bbox 389 2261 1024 2300; baseline 0 -8"><span class='ocrx_word' id='word_1_321' title='bbox 389 2261 516 2292; x_wconf 75' lang='lat' dir='ltr'><strong>Venales</strong></span> <span class='ocrx_word' id='word_1_322' title='bbox 529 2261 625 2300; x_wconf 81' lang='lat' dir='ltr'><strong>inter]</strong></span> <span class='ocrx_word' id='word_1_323' title='bbox 661 2261 755 2292; x_wconf 85' lang='lat' dir='ltr'><strong>Inter</strong></span> <span class='ocrx_word' id='word_1_324' title='bbox 771 2262 940 2292; x_wconf 85' lang='lat' dir='ltr'><strong>venalitios</strong></span> <span class='ocrx_word' id='word_1_325' title='bbox 955 2271 1024 2293; x_wconf 87' lang='lat' dir='ltr'><strong>ser-</strong></span> 
     </span>
     <span class='ocr_line' id='line_1_40' title="bbox 341 2310 740 2350; baseline -0.003 -9"><span class='ocrx_word' id='word_1_326' title='bbox 341 2320 411 2350; x_wconf 81' lang='lat' dir='ltr'><strong>vos,</strong></span> <span class='ocrx_word' id='word_1_327' title='bbox 427 2320 545 2341; x_wconf 81' lang='lat' dir='ltr'><strong>venum</strong></span> <span class='ocrx_word' id='word_1_328' title='bbox 559 2310 740 2350; x_wconf 85' lang='lat' dir='ltr'><strong>expositos.</strong></span> 
     </span>
    </p>

    <p class='ocr_par' dir='ltr' id='par_1_17' title="bbox 340 2359 1024 2546">
     <span class='ocr_line' id='line_1_41' title="bbox 381 2359 1024 2399; baseline 0.002 -9"><span class='ocrx_word' id='word_1_329' title='bbox 381 2362 423 2390; x_wconf 80' lang='lat'><strong>49</strong></span> <span class='ocrx_word' id='word_1_330' title='bbox 445 2360 537 2390; x_wconf 81' lang='lat' dir='ltr'><strong>Intra</strong></span> <span class='ocrx_word' id='word_1_331' title='bbox 561 2360 692 2390; x_wconf 72' lang='lat' dir='ltr'><strong>Natum</strong></span> <span class='ocrx_word' id='word_1_332' title='bbox 706 2359 791 2399; x_wconf 83' lang='lat' dir='ltr'><strong>fines</strong></span> <span class='ocrx_word' id='word_1_333' title='bbox 813 2359 943 2399; x_wconf 77' lang='lat' dir='ltr'><strong>tiventi]</strong></span> <span class='ocrx_word' id='word_1_334' title='bbox 966 2361 1024 2391; x_wconf 91' lang='lat' dir='ltr'><strong>Se-</strong></span> 
     </span>
     <span class='ocr_line' id='line_1_42' title="bbox 340 2408 1024 2448; baseline -0.001 -8"><span class='ocrx_word' id='word_1_335' title='bbox 340 2418 415 2440; x_wconf 88' lang='lat' dir='ltr'><strong>nec.</strong></span> <span class='ocrx_word' id='word_1_336' title='bbox 440 2409 546 2448; x_wconf 86' lang='lat' dir='ltr'><strong>Epist.</strong></span> <span class='ocrx_word' id='word_1_337' title='bbox 571 2416 646 2438; x_wconf 74' lang='lat' dir='ltr'><strong>xV1.</strong></span> <span class='ocrx_word' id='word_1_338' title='bbox 668 2409 678 2425; x_wconf 87' lang='lat'>‘</span> <span class='ocrx_word' id='word_1_339' title='bbox 693 2408 726 2438; x_wconf 87' lang='lat' dir='ltr'><strong>Si</strong></span> <span class='ocrx_word' id='word_1_340' title='bbox 744 2408 785 2439; x_wconf 83' lang='lat' dir='ltr'><strong>ad</strong></span> <span class='ocrx_word' id='word_1_341' title='bbox 807 2409 1024 2439; x_wconf 81' lang='lat' dir='ltr'><strong>naturamvi-</strong></span> 
     </span>
     <span class='ocr_line' id='line_1_43' title="bbox 343 2457 1023 2498; baseline -0.001 -9"><span class='ocrx_word' id='word_1_342' title='bbox 343 2468 412 2498; x_wconf 76' lang='lat' dir='ltr'><strong>veS,</strong></span> <span class='ocrx_word' id='word_1_343' title='bbox 429 2467 595 2498; x_wconf 85' lang='lat' dir='ltr'><strong>nunquam</strong></span> <span class='ocrx_word' id='word_1_344' title='bbox 611 2457 675 2488; x_wconf 82' lang='lat' dir='ltr'><strong>eris</strong></span> <span class='ocrx_word' id='word_1_345' title='bbox 691 2467 837 2497; x_wconf 84' lang='lat' dir='ltr'><strong>pauper:</strong></span> <span class='ocrx_word' id='word_1_346' title='bbox 855 2458 882 2488; x_wconf 86' lang='lat' dir='ltr'><strong>si</strong></span> <span class='ocrx_word' id='word_1_347' title='bbox 897 2457 938 2488; x_wconf 85' lang='lat' dir='ltr'><strong>ad</strong></span> <span class='ocrx_word' id='word_1_348' title='bbox 954 2458 1023 2498; x_wconf 90' lang='lat' dir='ltr'><strong>opi-</strong></span> 
     </span>
     <span class='ocr_line' id='line_1_44' title="bbox 341 2505 856 2546; baseline -0.006 -8"><span class='ocrx_word' id='word_1_349' title='bbox 341 2507 469 2544; x_wconf 87' lang='lat' dir='ltr'><strong>niones,</strong></span> <span class='ocrx_word' id='word_1_350' title='bbox 486 2515 652 2546; x_wconf 84' lang='lat' dir='ltr'><strong>nunqnam</strong></span> <span class='ocrx_word' id='word_1_351' title='bbox 665 2506 730 2536; x_wconf 83' lang='lat' dir='ltr'><strong>eris</strong></span> <span class='ocrx_word' id='word_1_352' title='bbox 744 2505 856 2536; x_wconf 78' lang='lat' dir='ltr'><strong>dives-³</strong></span> 
     </span>
    </p>

    <p class='ocr_par' dir='ltr' id='par_1_18' title="bbox 340 2554 1025 2644">
     <span class='ocr_line' id='line_1_45' title="bbox 383 2554 1025 2595; baseline 0.002 -10"><span class='ocrx_word' id='word_1_353' title='bbox 383 2558 424 2586; x_wconf 78' lang='lat'><strong>50</strong></span> <span class='ocrx_word' id='word_1_354' title='bbox 445 2555 580 2595; x_wconf 81' lang='lat' dir='ltr'><strong>Jugeru]</strong></span> <span class='ocrx_word' id='word_1_355' title='bbox 622 2555 785 2593; x_wconf 85' lang='lat' dir='ltr'><strong>Jngerum</strong></span> <span class='ocrx_word' id='word_1_356' title='bbox 822 2554 890 2593; x_wconf 83' lang='lat' dir='ltr'><strong>agri</strong></span> <span class='ocrx_word' id='word_1_357' title='bbox 923 2554 1025 2595; x_wconf 80' lang='lat' dir='ltr'><strong>pedes</strong></span> 
     </span>
     <span class='ocr_line' id='line_1_46' title="bbox 340 2603 1023 2644; baseline 0 -10"><span class='ocrx_word' id='word_1_358' title='bbox 340 2606 414 2634; x_wconf 85' lang='grc'><strong>240.</strong></span> <span class='ocrx_word' id='word_1_359' title='bbox 430 2604 461 2634; x_wconf 84' lang='lat' dir='ltr'><strong>in</strong></span> <span class='ocrx_word' id='word_1_360' title='bbox 479 2605 627 2643; x_wconf 86' lang='lat' dir='ltr'><strong>longum,</strong></span> <span class='ocrx_word' id='word_1_361' title='bbox 645 2606 715 2634; x_wconf 89' lang='grc'><strong>120.</strong></span> <span class='ocrx_word' id='word_1_362' title='bbox 742 2603 774 2633; x_wconf 89' lang='lat' dir='ltr'><strong>iu</strong></span> <span class='ocrx_word' id='word_1_363' title='bbox 790 2604 904 2644; x_wconf 83' lang='lat' dir='ltr'><strong>latum,</strong></span> <span class='ocrx_word' id='word_1_364' title='bbox 917 2604 1023 2635; x_wconf 84' lang='lat' dir='ltr'><strong>conti—</strong></span> 
     </span>
    </p>
   </div>
   <div class='ocr_carea' id='block_1_10' title="bbox 280 2648 1022 2693">
    <p class='ocr_par' dir='ltr' id='par_1_19' title="bbox 280 2648 1022 2693">
     <span class='ocr_line' id='line_1_47' title="bbox 280 2648 1022 2693; baseline 0.003 -12"><span class='ocrx_word' id='word_1_365' title='bbox 280 2648 292 2656; x_wconf 51' lang='lat'><em>*</em></span> <span class='ocrx_word' id='word_1_366' title='bbox 341 2656 422 2682; x_wconf 85' lang='lat' dir='ltr'><strong>net:</strong></span> <span class='ocrx_word' id='word_1_367' title='bbox 447 2652 530 2689; x_wconf 85' lang='lat' dir='ltr'><strong>sive,</strong></span> <span class='ocrx_word' id='word_1_368' title='bbox 552 2658 712 2692; x_wconf 83' lang='lat' dir='ltr'><strong>quantum</strong></span> <span class='ocrx_word' id='word_1_369' title='bbox 734 2662 799 2683; x_wconf 88' lang='lat' dir='ltr'><strong>uno</strong></span> <span class='ocrx_word' id='word_1_370' title='bbox 818 2653 917 2683; x_wconf 89' lang='lat' dir='ltr'><strong>boum</strong></span> <span class='ocrx_word' id='word_1_371' title='bbox 937 2653 1022 2693; x_wconf 85' lang='lat' dir='ltr'><strong>jugo</strong></span> 
     </span>
    </p>
   </div>
   <div class='ocr_carea' id='block_1_11' title="bbox 341 2699 1028 2789">
    <p class='ocr_par' dir='ltr' id='par_1_20' title="bbox 341 2699 1028 2789">
     <span class='ocr_line' id='line_1_48' title="bbox 341 2699 852 2739; baseline 0.002 -9"><span class='ocrx_word' id='word_1_372' title='bbox 341 2699 427 2730; x_wconf 83' lang='lat' dir='ltr'><strong>arari</strong></span> <span class='ocrx_word' id='word_1_373' title='bbox 443 2709 506 2730; x_wconf 92' lang='lat' dir='ltr'><strong>uno</strong></span> <span class='ocrx_word' id='word_1_374' title='bbox 517 2700 570 2730; x_wconf 85' lang='lat' dir='ltr'><strong>die</strong></span> <span class='ocrx_word' id='word_1_375' title='bbox 586 2705 708 2739; x_wconf 88' lang='lat' dir='ltr'><strong>potest.</strong></span> <span class='ocrx_word' id='word_1_376' title='bbox 731 2701 852 2732; x_wconf 78' lang='lat' dir='ltr'><strong>Isidor.</strong></span> 
     </span>
     <span class='ocr_line' id='line_1_49' title="bbox 385 2748 1028 2789; baseline 0.003 -11"><span class='ocrx_word' id='word_1_377' title='bbox 385 2748 514 2779; x_wconf 75' lang='lat' dir='ltr'><strong>Centum</strong></span> <span class='ocrx_word' id='word_1_378' title='bbox 528 2757 567 2778; x_wconf 82' lang='lat' dir='ltr'><strong>an</strong></span> <span class='ocrx_word' id='word_1_379' title='bbox 588 2750 669 2780; x_wconf 78' lang='lat' dir='ltr'><strong>mille</strong></span> <span class='ocrx_word' id='word_1_380' title='bbox 683 2749 764 2789; x_wconf 79' lang='lat' dir='ltr'><strong>aret]</strong></span> <span class='ocrx_word' id='word_1_381' title='bbox 801 2749 915 2782; x_wconf 73' lang='lat' dir='ltr'><strong>Aul-el.</strong></span> <span class='ocrx_word' id='word_1_382' title='bbox 940 2748 1028 2780; x_wconf 86' lang='lat' dir='ltr'><strong>Vic--</strong></span> 
     </span>
    </p>
   </div>
   <div class='ocr_carea' id='block_1_12' title="bbox 1074 2017 1762 2732">
    <p class='ocr_par' dir='ltr' id='par_1_21' title="bbox 1077 2017 1762 2292">
     <span class='ocr_line' id='line_1_50' title="bbox 1079 2017 1762 2050; baseline 0.003 -2"><span class='ocrx_word' id='word_1_383' title='bbox 1079 2022 1142 2048; x_wconf 84' lang='lat' dir='ltr'><strong>tor.</strong></span> <span class='ocrx_word' id='word_1_384' title='bbox 1158 2017 1199 2048; x_wconf 87' lang='lat' dir='ltr'><strong>de</strong></span> <span class='ocrx_word' id='word_1_385' title='bbox 1217 2017 1330 2049; x_wconf 86' lang='lat' dir='ltr'><strong>Manio</strong></span> <span class='ocrx_word' id='word_1_386' title='bbox 1352 2019 1453 2050; x_wconf 88' lang='lat' dir='ltr'><strong>Curio</strong></span> <span class='ocrx_word' id='word_1_387' title='bbox 1474 2019 1625 2050; x_wconf 77' lang='lat' dir='ltr'><strong>Dentato</strong></span> <span class='ocrx_word' id='word_1_388' title='bbox 1646 2018 1695 2050; x_wconf 80' lang='lat' dir='ltr'><strong>sic</strong></span> <span class='ocrx_word' id='word_1_389' title='bbox 1711 2027 1762 2050; x_wconf 87' lang='lat' dir='ltr'><strong>re-</strong></span> 
     </span>
     <span class='ocr_line' id='line_1_51' title="bbox 1077 2064 1762 2107; baseline 0.006 -12"><span class='ocrx_word' id='word_1_390' title='bbox 1077 2064 1164 2096; x_wconf 83' lang='lat' dir='ltr'><strong>fert:</strong></span> <span class='ocrx_word' id='word_1_391' title='bbox 1203 2066 1398 2099; x_wconf 81' lang='lat' dir='ltr'><strong>‘Quaterna</strong></span> <span class='ocrx_word' id='word_1_392' title='bbox 1424 2067 1511 2098; x_wconf 82' lang='lat' dir='ltr'><strong>dena</strong></span> <span class='ocrx_word' id='word_1_393' title='bbox 1539 2066 1611 2107; x_wconf 79' lang='lat' dir='ltr'><strong>agri</strong></span> <span class='ocrx_word' id='word_1_394' title='bbox 1638 2067 1762 2107; x_wconf 69' lang='lat' dir='ltr'><strong>jugera</strong></span> 
     </span>
     <span class='ocr_line' id='line_1_52' title="bbox 1080 2114 1762 2154; baseline 0.004 -11"><span class='ocrx_word' id='word_1_395' title='bbox 1080 2114 1202 2145; x_wconf 80' lang='lat' dir='ltr'><strong>viritim</strong></span> <span class='ocrx_word' id='word_1_396' title='bbox 1230 2116 1352 2154; x_wconf 89' lang='lat' dir='ltr'><strong>populo</strong></span> <span class='ocrx_word' id='word_1_397' title='bbox 1381 2115 1515 2146; x_wconf 81' lang='lat' dir='ltr'><strong>divisit:</strong></span> <span class='ocrx_word' id='word_1_398' title='bbox 1546 2115 1611 2146; x_wconf 80' lang='lat' dir='ltr'><strong>sibi</strong></span> <span class='ocrx_word' id='word_1_399' title='bbox 1638 2115 1762 2147; x_wconf 78' lang='lat' dir='ltr'><strong>deinde</strong></span> 
     </span>
     <span class='ocr_line' id='line_1_53' title="bbox 1079 2163 1759 2202; baseline 0.003 -8"><span class='ocrx_word' id='word_1_400' title='bbox 1079 2163 1218 2195; x_wconf 82' lang='lat' dir='ltr'><strong>totidem</strong></span> <span class='ocrx_word' id='word_1_401' title='bbox 1245 2165 1428 2202; x_wconf 83' lang='lat' dir='ltr'><strong>constituit,</strong></span> <span class='ocrx_word' id='word_1_402' title='bbox 1453 2164 1568 2195; x_wconf 85' lang='lat' dir='ltr'><strong>dicens</strong></span> <span class='ocrx_word' id='word_1_403' title='bbox 1594 2164 1759 2196; x_wconf 79' lang='lat' dir='ltr'><strong>neminem</strong></span> 
     </span>
     <span class='ocr_line' id='line_1_54' title="bbox 1078 2213 1759 2252; baseline 0 -9"><span class='ocrx_word' id='word_1_404' title='bbox 1078 2222 1150 2243; x_wconf 88' lang='lat' dir='ltr'><strong>esse</strong></span> <span class='ocrx_word' id='word_1_405' title='bbox 1178 2213 1303 2243; x_wconf 87' lang='lat' dir='ltr'><strong>debere</strong></span> <span class='ocrx_word' id='word_1_406' title='bbox 1325 2213 1445 2252; x_wconf 86' lang='lat' dir='ltr'><strong>civem,</strong></span> <span class='ocrx_word' id='word_1_407' title='bbox 1466 2213 1520 2244; x_wconf 86' lang='lat' dir='ltr'><strong>cui</strong></span> <span class='ocrx_word' id='word_1_408' title='bbox 1540 2221 1606 2243; x_wconf 90' lang='lat' dir='ltr'><strong>non</strong></span> <span class='ocrx_word' id='word_1_409' title='bbox 1630 2216 1759 2244; x_wconf 73' lang='lat' dir='ltr'><strong>tantum</strong></span> 
     </span>
     <span class='ocr_line' id='line_1_55' title="bbox 1078 2260 1272 2292; baseline 0 -1"><span class='ocrx_word' id='word_1_410' title='bbox 1078 2260 1272 2292; x_wconf 63' lang='lat' dir='ltr'><strong>sufficeret!</strong></span> 
     </span>
    </p>

    <p class='ocr_par' dir='ltr' id='par_1_22' title="bbox 1078 2308 1759 2388">
     <span class='ocr_line' id='line_1_56' title="bbox 1120 2308 1759 2349; baseline 0 -9"><span class='ocrx_word' id='word_1_411' title='bbox 1120 2312 1159 2340; x_wconf 83' lang='lat'><strong>51</strong></span> <span class='ocrx_word' id='word_1_412' title='bbox 1183 2309 1227 2340; x_wconf 70' lang='lat' dir='ltr'><strong>A:</strong></span> <span class='ocrx_word' id='word_1_413' title='bbox 1240 2319 1330 2340; x_wconf 80' lang='lat' dir='ltr'><strong>suave</strong></span> <span class='ocrx_word' id='word_1_414' title='bbox 1348 2313 1395 2340; x_wconf 73' lang='lat' dir='ltr'><strong>est</strong></span> <span class='ocrx_word' id='word_1_415' title='bbox 1408 2319 1447 2340; x_wconf 79' lang='lat' dir='ltr'><strong>ex</strong></span> <span class='ocrx_word' id='word_1_416' title='bbox 1458 2309 1583 2349; x_wconf 75' lang='lat' dir='ltr'><strong>magno]</strong></span> <span class='ocrx_word' id='word_1_417' title='bbox 1607 2309 1693 2340; x_wconf 68' lang='lat' dir='ltr'><strong>Haec</strong></span> <span class='ocrx_word' id='word_1_418' title='bbox 1709 2308 1759 2340; x_wconf 88' lang='lat' dir='ltr'><strong>di-</strong></span> 
     </span>
     <span class='ocr_line' id='line_1_57' title="bbox 1078 2357 1395 2388; baseline -0.003 0"><span class='ocrx_word' id='word_1_419' title='bbox 1078 2357 1125 2388; x_wconf 86' lang='lat' dir='ltr'><strong>cit</strong></span> <span class='ocrx_word' id='word_1_420' title='bbox 1140 2367 1257 2388; x_wconf 78' lang='lat' dir='ltr'><strong>avarus</strong></span> <span class='ocrx_word' id='word_1_421' title='bbox 1271 2362 1395 2388; x_wconf 85' lang='lat' dir='ltr'><strong>contra.</strong></span> 
     </span>
    </p>

    <p class='ocr_par' dir='ltr' id='par_1_23' title="bbox 1077 2405 1757 2484">
     <span class='ocr_line' id='line_1_58' title="bbox 1119 2405 1757 2445; baseline 0.003 -9"><span class='ocrx_word' id='word_1_422' title='bbox 1119 2409 1160 2436; x_wconf 77' lang='grc'><strong>62</strong></span> <span class='ocrx_word' id='word_1_423' title='bbox 1183 2406 1268 2436; x_wconf 84' lang='lat' dir='ltr'><strong>Dum</strong></span> <span class='ocrx_word' id='word_1_424' title='bbox 1291 2415 1331 2436; x_wconf 81' lang='lat' dir='ltr'><strong>ex</strong></span> <span class='ocrx_word' id='word_1_425' title='bbox 1357 2415 1450 2445; x_wconf 82' lang='lat' dir='ltr'><strong>parvo</strong></span> <span class='ocrx_word' id='word_1_426' title='bbox 1475 2405 1576 2445; x_wconf 69' lang='lat' dir='ltr'><strong>nobis]</strong></span> <span class='ocrx_word' id='word_1_427' title='bbox 1611 2405 1757 2438; x_wconf 82' lang='lat' dir='ltr'><strong>Avarum</strong></span> 
     </span>
     <span class='ocr_line' id='line_1_59' title="bbox 1077 2453 1338 2484; baseline 0.004 -1"><span class='ocrx_word' id='word_1_428' title='bbox 1077 2453 1185 2484; x_wconf 71' lang='lat' dir='ltr'><strong>Poeta</strong></span> <span class='ocrx_word' id='word_1_429' title='bbox 1199 2453 1338 2484; x_wconf 77' lang='lat' dir='ltr'><strong>refutat.</strong></span> 
     </span>
    </p>

    <p class='ocr_par' dir='ltr' id='par_1_24' title="bbox 1074 2501 1758 2732">
     <span class='ocr_line' id='line_1_60' title="bbox 1118 2501 1758 2542; baseline 0 -8"><span class='ocrx_word' id='word_1_430' title='bbox 1118 2505 1158 2534; x_wconf 80' lang='lat'><strong>53</strong></span> <span class='ocrx_word' id='word_1_431' title='bbox 1183 2503 1335 2542; x_wconf 71' lang='lat' dir='ltr'><strong>Conteris]</strong></span> <span class='ocrx_word' id='word_1_432' title='bbox 1371 2501 1468 2533; x_wconf 80' lang='lat' dir='ltr'><strong>vasis</strong></span> <span class='ocrx_word' id='word_1_433' title='bbox 1481 2501 1649 2542; x_wconf 80' lang='lat' dir='ltr'><strong>fictilibus,</strong></span> <span class='ocrx_word' id='word_1_434' title='bbox 1665 2503 1758 2534; x_wconf 86' lang='lat' dir='ltr'><strong>vimi-</strong></span> 
     </span>
     <span class='ocr_line' id='line_1_61' title="bbox 1077 2553 1757 2593; baseline 0.001 -8"><span class='ocrx_word' id='word_1_435' title='bbox 1077 2554 1160 2589; x_wconf 85' lang='lat' dir='ltr'><strong>neis,</strong></span> <span class='ocrx_word' id='word_1_436' title='bbox 1175 2553 1330 2593; x_wconf 80' lang='lat' dir='ltr'><strong>sparteis,</strong></span> <span class='ocrx_word' id='word_1_437' title='bbox 1346 2553 1495 2592; x_wconf 78' lang='lat' dir='ltr'><strong>palmeis,</strong></span> <span class='ocrx_word' id='word_1_438' title='bbox 1516 2554 1550 2583; x_wconf 89' lang='lat' dir='ltr'><strong>in</strong></span> <span class='ocrx_word' id='word_1_439' title='bbox 1572 2553 1690 2593; x_wconf 77' lang='lat' dir='ltr'><strong>quibus</strong></span> <span class='ocrx_word' id='word_1_440' title='bbox 1707 2559 1757 2586; x_wconf 86' lang='lat' dir='ltr'><strong>te-</strong></span> 
     </span>
     <span class='ocr_line' id='line_1_62' title="bbox 1077 2601 1756 2636; baseline 0.003 -3"><span class='ocrx_word' id='word_1_441' title='bbox 1077 2603 1209 2633; x_wconf 85' lang='lat' dir='ltr'><strong>nuiores</strong></span> <span class='ocrx_word' id='word_1_442' title='bbox 1237 2601 1436 2632; x_wconf 80' lang='lat' dir='ltr'><strong>frumentum</strong></span> <span class='ocrx_word' id='word_1_443' title='bbox 1467 2611 1560 2632; x_wconf 87' lang='lat' dir='ltr'><strong>suum</strong></span> <span class='ocrx_word' id='word_1_444' title='bbox 1589 2602 1756 2636; x_wconf 80' lang='lat' dir='ltr'><strong>modicum</strong></span> 
     </span>
     <span class='ocr_line' id='line_1_63' title="bbox 1075 2650 1753 2692; baseline 0 -9"><span class='ocrx_word' id='word_1_445' title='bbox 1075 2651 1286 2683; x_wconf 80' lang='lat' dir='ltr'><strong>condebant:</strong></span> <span class='ocrx_word' id='word_1_446' title='bbox 1315 2655 1348 2681; x_wconf 86' lang='lat' dir='ltr'><strong>at</strong></span> <span class='ocrx_word' id='word_1_447' title='bbox 1378 2650 1500 2682; x_wconf 83' lang='lat' dir='ltr'><strong>divites</strong></span> <span class='ocrx_word' id='word_1_448' title='bbox 1529 2651 1562 2682; x_wconf 90' lang='lat' dir='ltr'><strong>in</strong></span> <span class='ocrx_word' id='word_1_449' title='bbox 1591 2652 1753 2692; x_wconf 72' lang='lat' dir='ltr'><strong>granariis</strong></span> 
     </span>
     <span class='ocr_line' id='line_1_64' title="bbox 1074 2699 1442 2732; baseline -0.003 -1"><span class='ocrx_word' id='word_1_450' title='bbox 1074 2709 1132 2732; x_wconf 87' lang='lat' dir='ltr'><strong>seu</strong></span> <span class='ocrx_word' id='word_1_451' title='bbox 1147 2699 1287 2731; x_wconf 84' lang='lat' dir='ltr'><strong>horreis.</strong></span> <span class='ocrx_word' id='word_1_452' title='bbox 1311 2699 1442 2731; x_wconf 83' lang='lat' dir='ltr'><strong>Festus.</strong></span> 
     </span>
    </p>
   </div>
  </div>
 </body>
</html>
