1890 3256
338 319 345 324 δ
376 275 488 317 1108
830 288 872 325 Q.
904 286 1109 317 ΗοΒΑτιι
1146 285 1315 315 FLAccr

377 378 544 418 Lucum
563 378 711 429 ligna?
743 389 918 418 caverne
939 380 1093 428 portus
1113 380 1298 428 occupet
1317 377 1449 419 alter:

379 443 450 485 Ne
473 443 734 496 Cibyratica,
754 455 809 482 ne
833 442 1020 494 Bithyna
1039 443 1214 492 negotia
1234 443 1405 495 perdas.

380 509 505 548 Mille
524 509 682 548 talenta
701 507 988 556 mundentur,
1009 507 1190 548 totidem
1213 507 1361 556 altera,
1391 506 1519 562 porro
1539 514 1586 550 et

377 573 526 614 Tertia
547 572 795 621 succedant,
816 575 860 613 et
879 585 979 626 quae
999 585 1100 625 pars
1122 573 1302 625 quadret
1321 587 1536 615 acervum.

381 639 560 680 Scilicet
579 651 756 679 uxorem
778 651 876 679 cum
895 638 1010 688 dote,
1031 637 1258 692 fidemque,
1280 641 1323 678 et:
1343 640 1522 688 amicos,

1742 575 1799 616 35

380 763 504 794 arbores
518 767 657 801 tanturm·
679 773 751 795 cura
766 764 928 802 diligenter
943 774 979 795 ne
993 765 1072 795 alter·
1083 767 1191 804 portus
1214 768 1346 804 occupet,
1366 775 1438 796 neve
1456 765 1596 796 dimittas
1617 764 1802 804 negotiatio·

380 815 447 835 nem
462 807 542 845 apud
560 806 722 846 Cibyrates
733 809 762 836 et
780 806 950 846 Bithynos:
972 815 1046 837 cura
1060 809 1095 836 ut
1115 806 1197 836 mille
1211 807 1326 837 talenta
1341 808 1557 847 compleantur,
1580 810 1681 846 totque
1705 807 1803 837 altera

381 846 579 884 adjiciantur,
604 847 733 888 itemque
759 848 866 887 tercia,
892 847 983 878 immo
1011 851 1040 878 et
1067 850 1198 887 (μανία,-
1228 850 1263 878 ut
1292 849 1426 879 cwnulus
1458 849 1606 880 reddatur
1628 849 1803 888 quadratus.

973 949 1031 961 0⁴ae
1035 949 1050 960 ο
1055 949 1110 961 000
1114 949 1170 961 συθ
1174 949 1210 960 00

382 1022 529 1063 Sandby,
543 1023 673 1054 Valart.
686 1022 831 1062 Bodoni‚
845 1027 880 1054 et
896 1023 1086 1054 metm—34
1108 1025 1208 1055 Multi
1225 1024 1325 1055 codd.
1341 1033 1395 1063 ap.
1410 1025 1525 1064 Feam,
1543 1025 1598 1056 alii
1610 1035 1664 1065 ap.
1687 1026 1804 1058 Lamb.
1862 1052 1866 1055 .

383 1064 486 1104 Cruq.
511 1067 547 1095 et
574 1064 684 1096 Pnlm.
712 1064 791 1095 item
818 1065 915 1095 Harl.
929 1067 959 1096 1.
975 1067 1006 1096 2.
1021 1067 1052 1095 3.
1070 1067 1102 1096 4.
1125 1068 1155 1096 6.
1177 1067 1210 1096 7.
1232 1075 1322 1105 porro
1346 1069 1398 1102 et,·
1419 1066 1568 1097 restituit
1590 1066 1705 1097 Lamb-
1726 1067 1805 1098 inde

384 1104 517 1145 Gryph.
532 1107 625 1137 1566.
638 1105 740 1146 Cruq.
764 1106 863 1138 Baxt‘.
879 1107 993 1138 Bentl.
1009 1106 1100 1146 Traj.
1117 1106 1159 1137 ad
1183 1107 1287 1137 Rhen.
1300 1108 1395 1138 1713.
1417 1107 1562 1147 Cuning.
1576 1107 1698 1139 Sanad.
1713 1108 1804 1139 Mer-

383 1146 454 1177 vill.
475 1146 580 1178 Geso.
603 1147 691 1178 Phil.
714 1148 843 1178 Valart.
867 1148 1018 1188 Francis,
1038 1148 1178 1187 Dorigh.
1200 1148 1353 1180 Oberlin.
1377 1148 1493 1180 Comb.
1511 1147 1642 1183 Wakef.
1668 1149 1806 1180 Wetzel.

385 1187 492 1218 Zenn.
510 1187 615 1219 Kidd.
640 1189 723 1228 Fea,
745 1189 865 1229 Bothe,
887 1189 1007 1228 Jaeck,
1030 1194 1065 1220 et
1080 1189 1229 1230 Doering.
1271 1189 1340 1220 Alii
1355 1189 1515 1221 omittunt
1528 1189 1566 1220 τὸ
1579 1193 1705 1222 et.-85
1728 1191 1806 1222 Vat-

384 1229 524 1260 Rom.7.
546 1230 715 1262 succedent.
750 1230 896 1262 Chisian.
912 1234 944 1261 5.
965 1234 995 1262 et
1010 1240 1083 1271 pars
1096 1241 1174 1271 quae.
1219 1230 1418 1263 Quindecim
1444 1231 1542 1263 codd.
1560 1232 1650 1270 Feae,
1672 1232 1728 1262 alii
1754 1241 1807 1270 ap.

383 1270 512 1303 valart.
524 1275 560 1302 et
581 1275 732 1303 notatum
753 1281 795 1303 ex
812 1273 894 1303 Mss.
908 1272 941 1303 iu
957 1282 1014 1304 ora
1026 1273 1080 1305 ed.
1095 1272 1172 1304 Ald.
1187 1275 1280 1304 1519.
1304 1273 1338 1303 in
1354 1272 1517 1305 Biblioth.
1533 1273 1708 1305 Barberin.
1733 1283 1807 1313 qua-

1034 1377 1172 1410 NOTAE

385 1453 424 1482 nt
441 1460 476 1483 se
491 1451 707 1483 interficeret.
868 1489 870 1491 ¹

433 1500 477 1530 Ut
491 1500 608 1531 Lucum
623 1501 725 1541 ligna]
748 1500 989 1531 Verumtamen
1003 1509 1069 1531 non

387 1547 524 1579 arbores
540 1548 669 1582 faciunt
691 1549 814 1583 lucum,
828 1548 886 1579 sed
903 1549 1020 1589 religio
1034 1553 1070 1580 et

385 1597 598 1628 consecratio
612 1597 712 1627 alicui
728 1597 866 1628 numini.

431 1645 513 1676 Cave
537 1655 575 1676 ne
597 1648 704 1686 portus
723 1649 845 1686 occupet
863 1645 957 1686 alter]
982 1645 1072 1677 Ante

387 1694 470 1724 aiios
498 1694 579 1724 mari
605 1699 639 1725 te
666 1694 859 1726 committe:
886 1695 1007 1735 naviga
1031 1695 1073 1726 ad

387 1743 567 1784 Cibyrates
595 1748 631 1774 et
657 1743 844 1783 Bithynos:
882 1744 1074 1775 occasiones

388 1802 519 1833 occupa
533 1791 739 1832 negotiandi,
755 1796 791 1823 et
811 1801 853 1823 ex
875 1792 1074 1832 negotiatio—

387 1849 430 1872 ne
443 1841 642 1872 ditescendi.
660 1841 754 1872 Pers.
765 1842 833 1872 Sat.
843 1849 893 1872 vr.
904 1841 1073 1872 76.‘Mer-

387 1897 478 1928 care,
493 1894 594 1929 atque
611 1893 734 1919 excute
751 1889 854 1920 solers
869 1898 966 1920 omne
987 1890 1073 1920 latus

387 1937 514 1975 mundi,
527 1946 568 1967 ne
583 1937 625 1966 sit
641 1936 856 1975 praestantior
868 1936 976 1971 alter‚’
986 1939 1051 1968 &c-

430 1987 471 2016 33
497 1983 691 2025 Cibyratica]
713 1983 836 2024 Cibyra
858 1984 936 2015 urbe
964 1984 1071 2024 Phry-

389 2033 454 2074 giae
478 2042 619 2073 magnae,
633 2033 666 2062 in
689 2031 832 2063 confinio
847 2032 973 2072 Lyciae,
994 2041 1072 2071 cog-

389 2086 548 2114 nomento
571 2089 712 2121 magna3
735 2081 902 2120 aequitatis
915 2080 1004 2111 sama
1019 2090 1074 2111 ce-

390 2131 513 2168 lebris;
536 2140 578 2161 ex
602 2129 777 2160 Strabone.
820 2129 870 2160 Eo
891 2139 969 2160 vero
986 2129 1075 2160 mitti

391 2179 545 2210 solebant
558 2179 738 2218 lucriones,
750 2182 785 2209 et
796 2183 961 2219 quotquot
977 2178 1075 2209 avide

392 2230 558 2268 quaestum
573 2226 704 2258 odorari
719 2231 754 2256 et
765 2227 885 2258 sectari
898 2235 1076 2268 cognosce-

391 2276 524 2307 bantur.
578 2275 696 2306 Altera
725 2273 790 2307 fuit
818 2276 942 2316 Cibyra
969 2277 1077 2307 minor

393 2324 496 2364 dicta,
519 2323 607 2364 apud
638 2324 800 2362 Ciliciam,
827 2323 868 2354 ab
893 2333 952 2355 ora
977 2325 1077 2356 maris

393 2373 521 2404 distans
537 2373 653 2403 decem
669 2382 776 2412 prope
791 2372 1000 2404 milliaribus.

436 2421 593 2462 Bithyna]
608 2421 765 2461 Bithynia
781 2420 870 2451 Asiae
885 2421 990 2461 regio,
1001 2421 1077 2453 hinc

396 2471 528 2502 Euxino
546 2471 640 2507 mari,
663 2471 754 2502 illinc
776 2470 976 2510 Propontidi
998 2471 1078 2501 vici-

394 2529 460 2557 na;
497 2519 638 2550 Thracia
673 2518 824 2550 Asiatica
862 2518 1078 2559 Xenophonti

395 2574 598 2610 nuncupata.
636 2568 745 2599 Urbes
761 2567 875 2599 habuit
900 2568 1078 2608 praeclaras

396 2618 657 2657 chalcedonem,
679 2617 919 2653 Nicomediam,
945 2617 1079 2658 Apami-

396 2676 460 2704 am,
478 2667 640 2706 Nicaeam,
655 2666 867 2705 Heracleam,
882 2666 1035 2697 Prusam.

438 2717 478 2745 34
501 2716 591 2747 Mille
618 2717 733 2747 talenta
756 2715 973 2755 rotundentur]
1009 2715 1076 2747 Ro-

396 2763 535 2795 cundum
559 2764 681 2796 dicitur
703 2765 792 2796 omni
817 2773 859 2794 ex
880 2768 976 2804 parte
998 2772 1073 2804 per-

1120 1449 1258 1482 fectum.
1286 1449 1470 1488 Galbsaire
1485 1452 1512 1482 le
1525 1454 1642 1492 compte
1653 1452 1740 1483 rond.

1167 1499 1310 1540 Talentm]
1334 1499 1528 1536 Talentum,
1553 1498 1721 1538 τάλαντον,
1743 1502 1807 1530 eea·

1122 1551 1199 1584 tera,
1215 1549 1302 1586 lanx,
1320 1548 1436 1588 pondus
1447 1558 1458 1578 .·
1481 1547 1660 1589 aliquando
1675 1550 1808 1588 ponitur

1122 1606 1182 1638 pro
1197 1597 1312 1637 quovis
1338 1596 1467 1636 ingenti
1490 1596 1637 1636 pondere
1659 1597 1732 1628 anri
1755 1597 1808 1627 vel

1124 1645 1275 1685 argenti:
1299 1645 1379 1675 alias
1395 1644 1562 1684 significat
1581 1649 1710 1676 certum
1729 1653 1810 1685 pon-

1125 1694 1210 1733 dus;
1231 1693 1320 1734 qnod
1345 1699 1455 1724 tamen
1473 1693 1598 1724 varium
1612 1692 1713 1724 variis
1733 1702 1811 1732 gen·

1125 1744 1226 1776 tibus.
1270 1743 1468 1774 celebratur
1483 1742 1631 1783 inprimis
1646 1742 1808 1774 talentum

1125 1791 1287 1830 Atticum,
1302 1791 1388 1832 quod
1404 1791 1577 1822 drachmas
1595 1790 1705 1821 sexies
1719 1789 1810 1820 mille

1126 1840 1330 1872 continebat.
1375 1839 1483 1870 Porro
1512 1838 1668 1868 drachma
1693 1836 1810 1868 Attica

1125 1888 1309 1928 respondet
1325 1896 1440 1927 grosso
1456 1887 1633 1925 Francico,
1647 1886 1703 1927 qni
1720 1887 1810 1918 valet

1125 1941 1202 1968 octo
1225 1936 1350 1967 solidos
1365 1945 1440 1966 cum
1463 1944 1523 1966 sex
1545 1935 1738 1974 decuriens,
1753 1940 1811 1966 anit

1125 1986 1284 2016 circiter:
1329 1984 1492 2025 siquidem
1527 1993 1640 2015 marca
1679 1985 1813 2025 argenti

1126 2043 1256 2073 grossos
1268 2033 1369 2064 habet
1383 2033 1557 2073 sexaginta
1569 2038 1725 2074 quatuor,
1741 2027 1807 2066 illa·

1127 2086 1242 2124 quent
1257 2083 1433 2123 plurimum
1447 2082 1536 2114 valet
1550 2083 1668 2124 viginti
1681 2079 1811 2114 nexant

1126 2135 1255 2172 septem
1285 2131 1424 2172 libellas,
1451 2131 1522 2162 sive
1552 2131 1745 2171 Francicus,
1774 2136 1812 2162 ut

1128 2189 1294 2211 vocamus.
1338 2180 1421 2212 Quae
1438 2188 1514 2211 cum
1531 2179 1578 2211 ita
1602 2180 1682 2218 sint,
1705 2180 1810 2220 grossi

1126 2227 1176 2259 illi
1202 2228 1309 2259 sexies
1333 2228 1454 2259 millies
1477 2228 1692 2269 multiplicati
1711 2228 1812 2260 confi-

1128 2277 1220 2309 ciunt
1241 2281 1384 2307 monetae
1414 2281 1536 2308 nostrae
1563 2277 1691 2308 libellas
1715 2279 1810 2307 255⁰.

1129 2326 1263 2359 Quanto
1278 2333 1356 2356 vero
1371 2324 1533 2356 talentum
1557 2325 1627 2355 anri
1647 2325 1752 2364 majus
1767 2326 1811 2355 sit

1129 2379 1303 2415 argenteo,
1315 2382 1356 2404 ex
1372 2373 1440 2403 auri
1455 2382 1554 2413 supra
1568 2377 1741 2413 argentum
1757 2383 1812 2405 va-

1127 2425 1200 2456 lore
1215 2423 1314 2454 facile
1330 2421 1561 2464 aestimaveris.
1753 2425 1756 2427 '

1174 2476 1213 2504 36
1239 2472 1316 2508 Qua·
1337 2479 1408 2511 pars
1436 2471 1565 2510 quadret
1589 2472 1744 2512 acervum]
1763 2472 1811 2503 Ut

1131 2525 1250 2563 quater
1271 2520 1361 2550 mille
1384 2520 1512 2550 talenta
1532 2519 1743 2551 inveniantur
1762 2520 1812 2551 in-

1131 2574 1238 2610 tegra,
1263 2569 1431 2608 completa
1459 2571 1494 2599 et
1519 2566 1682 2608 perfecta.
1717 2567 1811 2600 Pers.

1132 2619 1190 2650 cit.
1204 2619 1214 2635 ‘
1228 2618 1310 2648 Rem
1326 2617 1469 2657 duplica.
1483 2616 1562 2648 Feci
1575 2627 1584 2649 ε
1592 2616 1661 2657 jam
1673 2615 1809 2656 triplex,

1126 2668 1193 2708 J’am
1209 2665 1288 2696 mihi
1304 2669 1434 2707 quarto,
1447 2664 1523 2697 Jam
1539 2664 1652 2696 decies
1675 2665 1762 2696 redit
1777 2665 1810 2696 in

1129 2714 1267 2755 rugam!
