1890 3256
584 291 860 324 SERMONUM
894 291 990 322 mn.
1021 291 1075 322 11.
1108 279 1152 322 3.
1506 282 1590 323 971

146 389 327 432 Scilicet
346 392 398 430 ut
415 388 612 442 plausus,
632 400 747 441 quos
767 387 848 428 fert
868 385 1083 441 Agrippa,
1102 385 1218 426 feras
1238 387 1300 435 tu,
1508 383 1593 426 185

147 455 312 497 Astuta
330 456 561 508 ingenuum
580 454 736 507 vulpes
755 454 925 495 imitata
942 454 1116 495 leonem
1128 453 1147 492 'l

146 521 219 563 Ne
239 522 336 576 quis
355 521 562 562 humasse
583 521 690 562 velit
711 519 916 574 Ajacem,
936 518 1110 570 Atrida,
1131 522 1254 560 vetas
1273 520 1379 560 cur‘?

145 587 182 637 ἹῘ
200 588 303 630 Rex
325 600 436 628 sum.
494 586 530 635 ἿῘ
554 586 633 627 Nil
654 587 767 627 ultra
787 599 936 640 quaero
957 585 1170 639 plebeius.
1231 583 1267 633 Ἥ
1285 584 1342 626 Ε1
1362 598 1534 639 aequam

146 655 260 697 Rem
278 654 509 708 imperito;
541 659 587 695 at
606 654 644 695 si
665 654 738 695 cui
757 654 914 695 videor
933 665 1019 694 non
1042 652 1209 706 justus,
1228 651 1366 692 inulto

146 807 303 849 Agrippa,
320 812 355 841 tu
369 818 484 850 quoque
498 809 645 849 accipias,
667 809 756 849 quasi
780 808 872 846 vqfra
893 808 998 847 vulpes
1019 816 1201 846 generosum
1217 807 1331 837 leonem
1345 803 1515 837 aemulnta?
1562 806 1592 836 0

146 851 277 888 Atrida,
296 861 390 892 quare
410 851 552 892 prohibes
572 861 611 882 ue
632 851 787 892 quispiam
808 853 893 881 curet
916 850 1122 889 sepeliendum
1141 849 1291 888 Ajacem?
1334 847 1594 880 Acmzmon.

148 892 230 928 Quia
246 902 303 924 rex
318 903 396 925 sum.
439 893 612 924 Srnn‘rm.
635 894 706 932 Ego
721 902 801 923 unus
814 902 831 923 e
845 892 931 932 plebe
946 892 1028 923 nihil
1049 891 1182 931 amplius
1196 891 1366 928 interrogo.
1411 891 1594 922 ΑοΑΜΕΜ.

148 934 233 971 Quin
245 938 277 967 et
291 945 357 967 rem
369 935 490 975 ‚iustam
504 935 610 975 jubeo.
657 936 748 971 Quod
761 934 790 965 si
804 934 874 975 quis
887 943 935 965 me
958 935 1098 975 iniquum
1112 933 1252 973 Judicat,
1273 933 1347 964 huic
1369 941 1425 973 per
1449 942 1498 963 me
1522 932 1594 964 licet

750 1048 991 1062 OOO‘OOOOOOOO

148 1130 344 1162 Markland.
367 1130 409 1161 ad
436 1131 524 1163 stat.
547 1140 571 1162 1.
595 1131 686 1172 Sylv.
705 1134 736 1163 1.
753 1134 913 1163 51.-186
935 1132 1093 1164 Quatuor
1115 1129 1193 1162 libri
1216 1129 1337 1170 optimi
1359 1139 1411 1170 ap.
1435 1129 1594 1161 'Pori-ent.

145 1173 329 1212 ingenium,·
358 1177 398 1203 ut
426 1178 533 1204 totum
560 1173 656 1212 illud,
685 1173 803 1205 Astula
827 1174 1001 1213 ingenium,
1024 1173 1117 1213 vulpi
1148 1173 1371 1204 deme—188
1397 1172 1407 1188 ‘
1423 1171 1592 1212 Cruquius

145 1215 182 1246 in
207 1215 336 1255 optimo
362 1215 574 1246 Gandasensi
597 1225 699 1255 quere
725 1217 891 1256 scriptum
915 1215 1020 1247 fuisse
1048 1214 1214 1246 affirmat:
1243 1220 1346 1255 atque
1369 1213 1418 1245 ita
1444 1213 1512 1254 legi
1537 1213 1595 1244 de-

146 1256 229 1288 bere
256 1257 338 1288 Gul.
367 1257 533 1288 canterus
557 1257 646 1288 Nov.
669 1257 768 1290 Lect.
796 1267 845 1289 iv.
868 1260 921 1289 12.
944 1259 1014 1290 ait:
1043 1267 1106 1289 nec
1127 1257 1210 1288 mihi
1231 1256 1414 1297 displicet:
1443 1255 1503 1287 sed
1528 1265 1595 1286 non

146 1299 232 1330 tanti
263 1303 328 1338 est,
359 1303 397 1330 ut
432 1299 504 1330 sine
537 1299 720 1340 majoribus
753 1300 948 1331 auctoribus
985 1300 1168 1340 ‚quicquam
1206 1298 1403 1330 immutent!
1450 1298 1595 1329 Tor-rent.

145 1342 155 1358 ‘
174 1341 351 1372 Bentleius
372 1350 438 1372 non
464 1341 548 1372 vidit
573 1342 817 1380 Dialogismum
842 1351 929 1377 esse,
953 1351 1028 1373 cum
1051 1341 1191 1372 arbitrio
1220 1350 1280 1372 suo
1310 1339 1492 1371 mutaverit
1513 1349 1594 1380 quoe-

146 1392 182 1413 ro
209 1383 243 1414 in
272 1391 385 1423 quare.
428 1383 570 1413 ‘verum
593 1383 656 1414 hoc
682 1382 767 1414 fecit
794 1384 837 1414 de
867 1393 960 1414 more
984 1393 1043 1414 suo
1067 1382 1272 1414 auctoritate
1301 1382 1397 1413 unius
1429 1381 1596 1412 membra-

145 1433 212 1460 ιιι»,
234 1433 336 1466 quam
359 1423 402 1455 ob
422 1424 596 1455 raritatem
622 1425 748 1456 ceteris
773 1424 1019 1464 praeferendam
1043 1423 1202 1455 censuit!
1237 1424 1335 1454 Baxt.
1383 1423 1507 1454 Trinit.
1538 1432 1594 1462 ap.

145 1466 261 1498 Bentl.
276 1470 313 1496 et
327 1464 456 1505 Acron,
477 1475 624 1506 qua-ram.
669 1466 798 1498 Omnes
814 1466 914 1498 codd.
929 1466 1093 1506 Bentleii,
1115 1466 1213 1497 Gott.
1238 1465 1335 1496 Harl.
1350 1467 1381 1496 2.
1398 1467 1430 1496 3.
1446 1467 1479 1496 4.
1495 1467 1527 1496 6.
1549 1465 1592 1494 al.

145 1513 182 1539 et
207 1507 286 1539 edd.
316 1507 434 1540 zan-ot.
465 1507 606 1539 Mediol.
629 1510 726 1540 1477.
749 1511 844 1540 1486.
869 1511 962 1541 1502.
1004 1509 1144 1540 Venett.
1160 1510 1256 1539 1477.
1276 1509 1369 1538 1478.
1386 1509 1481 1538 1479.
1498 1509 1592 1537 1490.

146 1551 242 1582 1⁴92.
258 1552 353 1581 1659.
382 1550 528 1582 Florent.
557 1552 652 1581 1482.
683 1552 728 1582 al.
754 1551 860 1592 antiq.
884 1561 1010 1591 (μιαν-ος
1034 1550 1082 1582 ita
1105 1550 1208 1582 etiam
1233 1550 1335 1581 Baxt.
1361 1549 1468 1580 Gesn.
1487 1548 1594 1579 Zeun.

146 1592 319 1624 Schrevel.
346 1593 454 1623 Bond.
476 1592 606 1632 Delph.
637 1592 762 1625 Sanad.
790 1594 959 1631 munster,
982 1593 1134 1628 Francis.
1159 1590 1344 1629 Heindorf,
1366 1591 1512 1622 Wetzel.
1534 1590 1594 1621 Bi-

145 1639 242 1674 pont.
266 1634 401 1666 Wukef.
426 1639 462 1666 et
476 1635 705 1666 Comb.—·189
728 1637 738 1653 ‘
755 1636 800 1667 At
821 1635 861 1676 si:
875 1635 926 1666 cui
950 1644 1060 1675 nuper
1089 1633 1274 1665 ediderunt
1304 1642 1348 1664 ex
1376 1632 1495 1663 codice
1524 1641 1596 1662 om-

147 1676 240 1708 nium
270 1678 451 1708 veterrimo
477 1676 670 1708 Blandinio.
713 1677 781 1708 Sed
806 1677 933 1708 rectius
960 1681 1014 1708 est
1038 1676 1086 1708 Ac
1106 1676 1147 1715 si,
1175 1680 1212 1707 ut
1237 1674 1293 1706 alii
1321 1683 1451 1710 omues,
1475 1673 1595 1714 scripti

794 1792 942 1826 NOTAE

147 1877 316 1910 donariis:
341 1882 377 1911 et
388 1879 475 1910 Milo
489 1879 626 1920 quidem
642 1878 708 1910 tria
720 1878 844 1911 dicitur
897 1879 986 1911 bitat
1001 1883 1224 1920 perpetrare3
1247 1876 1409 1908 videlicet
1421 1868 1592 1916 propriam

146 1929 351 1968 patrimonia
377 1930 604 1961 consumsisse
642 1939 758 1961 auram
788 1939 843 1960 ve·
894 1928 997 1960 filiam
1016 1928 1195 1960 ambitioni
1219 1937 1288 1958 suae
1313 1926 1420 1966 magis
1444 1925 1595 1956 immolat

148 1978 261 2010 nendo
277 1979 471 2020 popularem
489 1980 684 2020 congiariis.

194 2030 254 2060 18⁵
277 2028 437 2070 Agrippa]
465 2029 613 2070 Augusti
641 2039 758 2071 gener,
783 2038 842 2070 po·

150 2078 231 2120 pulo
260 2077 343 2110 item
370 2079 624 2111 dilectissimus.
670 2080 725 2111 De
750 2088 792 2110 eo
815 2088 843 2110 1.

152 2127 221 2160 Od.
235 2131 268 2160 6.

194 2180 258 2210 186
279 2178 398 2210 Ast-«ta
422 2178 601 2218 ingenuum,
623 2178 693 2220 Esca]
715 2179 764 2210 Tu
783 2188 844 2219 pu-

150 2228 248 2259 sillus
274 2237 414 2269 magnos
445 2238 622 2269 perperam
653 2229 843 2261 aemulatus.

148 2277 237 2309 Sunt
251 2278 310 2319 qui
324 2277 429 2310 alludi
443 2278 550 2309 velint
563 2277 606 2309 ad
618 2277 732 2319 AEsopi
747 2277 843 2310 fabu-

148 2327 216 2358 lam
232 2327 275 2359 de
301 2328 402 2368 vulpe
421 2336 482 2359 seu
497 2328 591 2359 asino
606 2328 758 2360 cumano
774 2328 844 2359 leo-

151 2377 240 2409 ninis
256 2377 386 2409 exuviis
399 2377 532 2409 induto.

194 2429 255 2458 187
279 2428 332 2459 Ne
342 2427 412 2469 quis
424 2427 565 2459 humasse
578 2428 666 2464 velie,
678 2428 749 2468 ssa]
773 2427 845 2459 No·

151 2485 214 2508 vus
231 2476 406 2518 Dialogus,
419 2487 487 2519 quo
503 2477 697 2509 ambitiosos
714 2478 846 2518 pariter

154 2525 301 2558 insanire
321 2526 590 2560 demonstratur:
617 2528 846 2568 asseriturque

157 2575 192 2606 id
207 2575 296 2616 qnod
310 2580 364 2608 est
378 2586 480 2617 supra
493 2587 543 2610 ve.
557 2581 611 2610 45.
634 2580 643 2596 ‘
655 2578 744 2610 Haec
755 2587 847 2618 mag-

156 2633 219 2656 nos
233 2624 378 2657 formula
392 2635 490 2666 reges
503 2649 512 2659 .
525 2650 533 2659 .
545 2649 555 2659 .
566 2627 685 2660 tenet?
723 2627 848 2668 Itaque

155 2673 341 2706 Stertinius
363 2683 422 2705 seu
440 2675 590 2715 plebeius
611 2676 778 2718 quispiam
796 2676 848 2707 in-

156 2724 295 2755 ducitur
319 2724 459 2765 loquens
481 2734 556 2757 cum
571 2725 845 2766 Agamemnone3

157 2774 216 2815 qui
246 2772 394 2814 quidem,
421 2777 460 2805 111
495 2773 506 2791 ‘
519 2783 634 2815 regum
662 2775 848 2807 maximus’

158 2823 362 2865 appelletur,
376 2822 505 2865 grande
519 2824 686 2866 piaculum
701 2834 767 2857 non
783 2824 845 2856 du-

895 1989 994 2021 quam
1023 1979 1147 2011 Dianae
1178 1981 1238 2008 aut
1268 1976 1412 2018 publicae
1443 1975 1595 2007 utilitati.

894 2029 984 2060 Vide
1001 2027 1156 2069 Euripid.
1179 2026 1338 2068 Iphigen.
1353 2026 1388 2057 in
1403 2025 1540 2058 Aulide.

938 2077 1082 2118 Aiacem]
1101 2076 1291 2108 Telamonis
1312 2075 1432 2115 filium,
1446 2080 1594 2115 excepto

897 2127 1032 2159 Achille
1046 2128 1130 2168 solo,
1139 2125 1359 2158 fortissimum
1373 2125 1592 2157 Graecorum:

897 2187 1081 2218 eorumque
1097 2179 1107 2194 ‘
1120 2176 1259 2216 Insigne
1275 2173 1595 2216 propugnaculum,'

897 2230 1000 2268 atque
1022 2227 1112 2257 inter
1135 2228 1269 2256 ceteros
1297 2223 1307 2241 ‘
1322 2223 1437 2264 capite
1459 2227 1496 2254 et
1516 2223 1593 2254 latis

895 2276 1042 2308 humeris
1063 2273 1345 2314 eminentiorem‚’
1365 2277 1454 2305 teste
1467 2273 1594 2304 Home-

897 2335 935 2358 ro
949 2325 1049 2357 Iliad.
1071 2329 1107 2357 B.
1120 2329 1156 2357 et
1170 2328 1205 2357 r.
1221 2324 1299 2355 vide
1314 2333 1357 2355 11.
1373 2323 1441 2355 Od.
1457 2325 1489 2354 4.

945 2376 1040 2408 Vetas
1062 2375 1133 2416 cur]
1164 2374 1306 2415 Ajacem
1330 2372 1471 2414 propria
1493 2380 1593 2403 mann

896 2424 1116 2458 interfectum
1134 2425 1272 2456 Teucer
1287 2422 1396 2454 frater
1415 2421 1459 2452 ad
1482 2421 1595 2462 sepul-

898 2479 1007 2507 turam
1029 2473 1153 2506 efferre
1175 2472 1401 2504 moliebatur:
1426 2473 1463 2501 at
1483 2470 1594 2510 prohi-

898 2525 988 2557 bitus
999 2529 1052 2555 est
1059 2523 1158 2564 jussu
1168 2519 1443 2561 Agamemnonis,
1451 2527 1492 2550 eo
1502 2518 1593 2560 quod

899 2574 1056 2606 hostilem
1071 2573 1106 2604 in
1116 2571 1257 2604 Graecos
1272 2569 1417 2600 animum
1433 2568 1491 2599 ille
1506 2577 1594 2609 prae·

900 2624 1042 2662 buisset,
1057 2625 1095 2653 ut
1110 2630 1188 2652 mox
1203 2617 1442 2660 explicabitur.

941 2676 1004 2706 188
1028 2672 1089 2703 Nil
1115 2672 1200 2702 ultra
1223 2668 1340 2710 quoero]
1370 2666 1515 2701 Quidam
1542 2667 1593 2698 le-

900 2727 997 2765 gunt,
1022 2730 1137 2762 quaere,
1162 2722 1202 2750 111
1227 2717 1406 2750 continuus
1431 2716 1476 2748 sit
1502 2714 1593 2758 Aga-

899 2771 1084 2806 memnonis
1099 2777 1222 2802 sermo.
