1930 3242
660 299 940 332 salmonum
974 300 1070 331 mn.
1102 300 1133 330 1.
1164 290 1208 331 9.
1575 287 1659 330 887

203 395 315 438 Cum
337 395 513 449 gravius
534 395 669 437 dorso
693 395 832 437 subiit
852 407 978 437 onus.
1037 394 1203 448 Incipit
1222 392 1326 434 illex

206 463 256 504 Si
273 463 386 503 bene
407 475 476 504 me
496 462 618 511 novi,
637 475 721 503 non
743 461 935 504 Viscum
956 462 1095 516 pluris
1116 461 1322 510 amicum,

205 529 310 571 Non
333 529 533 579 Varium,
553 528 691 570 facies
708 542 718 570 :
749 542 850 570 nam
871 529 974 583 quis
994 542 1064 570 me
1085 528 1275 570 scribere
1291 527 1442 581 plures

205 596 300 637 Aut
319 596 453 637 citius
474 595 621 648 possit
641 608 797 637 versus
810 597 829 636 Τ
862 597 963 650 quis
984 597 1179 638 membra
1199 607 1379 636 movere

205 662 424 704 Mollius‘i
455 661 650 703 invideat
670 662 788 716 quod
803 666 847 703 et
869 662 1190 715 Hermogenes,
1212 675 1293 715 ego
1313 665 1459 703 canto.

206 728 518 784 Interpellandi
538 729 668 770 locus
690 730 763 770 hic
785 732 904 771 erat:
937 729 973 779 ἹῘ
996 729 1076 770 Est
1094 730 1175 770 tibi
1197 728 1365 770 mater?

205 795 410 849 Cognati,
431 796 529 848 quis
553 799 595 836 te
618 796 744 837 salvo
766 800 834 838 est
854 797 1005 850 opus?
1046 795 1083 845 ῚῘ
1106 796 1247 837 Haud
1270 795 1375 836 mihi
1404 795 1663 850 quisquam3

203 862 367 904 Omnes
386 862 631 916 composui.
691 862 727 911 ἹῙ
752 862 952 904 Felices!
983 870 1099 903 nu'nc
1128 875 1210 915 ego
1232 865 1378 903 resto:

203 927 415 980 Confice3
447 941 636 982 namque
658 930 796 971 instat
815 929 956 970 fatum
977 929 1086 970 mihi
1106 930 1255 980 triste,
1273 929 1455 970 Sabella

203 995 337 1047 Quod
357 1009 494 1050 puero
516 996 692 1046 cecinit,
716 995 867 1037 divina
887 999 1012 1038 mota
1031 1009 1142 1037 anus
1164 1009 1302 1037 urna:

1608 660 1666 701 25

1608 997 1665 1039 30

202 1122 323 1161 quando
337 1123 509 1162 plusculum
522 1122 626 1154 oneris
641 1125 729 1162 tergo
743 1122 925 1163 imponitur.
972 1121 1030 1152 Ille
1044 1124 1148 1152 aulem
1162 1131 1289 1154 exorsus
1303 1125 1371 1154 est:
1395 1123 1431 1154 Si
1446 1133 1492 1155 me
1508 1122 1581 1154 bene
1595 1132 1667 1163 cog-

199 1173 303 1203 nosco,
313 1174 375 1195 non
391 1165 529 1204 Viscum,
542 1174 602 1196 non
619 1165 747 1196 Varium
761 1165 911 1195 cariorem
927 1164 1175 1202 mefamiliarem
1190 1165 1327 1196 habebis.
1372 1166 1487 1206 Ecquis
1501 1166 1582 1197 enim
1597 1175 1666 1196 ver-

201 1215 256 1248 ⁸¹4⁸
268 1207 370 1246 plures
383 1217 420 1238 uc
433 1208 567 1239 velocius
582 1217 673 1247 quam
694 1217 751 1245 ego
767 1207 878 1244 soc-ere
892 1204 1023 1238 valeat?
1070 1206 1150 1242 Quis
1171 1208 1289 1239 saltare
1313 1209 1491 1240 decentius?
1534 1209 1606 1248 Ego
1620 1207 1666 1238 sic

198 1257 274 1279 cano
289 1252 323 1279 ui
339 1250 436 1280 etiam
454 1250 667 1289 Hermogenes
682 1249 834 1280 invideat.
881 1249 963 1280 Hoec
980 1252 1049 1280 erat
1063 1249 1181 1280 occasio
1195 1250 1465 1291 interrumpendi:
1490 1250 1601 1291 Itaque
1614 1250 1665 1281 aio

200 1291 251 1321 ilci
259 1301 270 1321 .-
294 1291 438 1322 Habesne
455 1296 585 1323 matrem
598 1295 653 1323 aut
665 1291 866 1332 propinquos,
880 1291 990 1332 quibus
1004 1291 1180 1322 necessaria
1194 1292 1237 1323 sit
1254 1296 1308 1324 tua
1320 1295 1404 1325 salus
1414 1297 1427 1324 Ρ
1470 1293 1664 1334 Respondit:

201 1333 302 1364 Nemo
316 1337 454 1374 superest
469 1334 567 1366 mihi.-
589 1341 714 1365 cunctos
728 1334 866 1374 sepelivi.
915 1335 993 1365 Tum
1008 1343 1065 1373 ego
1083 1335 1179 1365 tacite
1191 1345 1202 1366 .·
1222 1334 1280 1366 Illi
1286 1335 1450 1372 fortunati
1461 1346 1471 1366 .·
1494 1338 1590 1367 miser
1606 1345 1663 1375 ego

191 1373 263 1412 jam
275 1375 364 1407 vivo:
386 1376 539 1417 interfice.
573 1377 741 1408 Enimvero
756 1379 847 1416 urget
860 1375 969 1412 sutum
992 1376 1135 1415 lugubre,
1150 1377 1232 1416 quod
1243 1386 1340 1416 puero
1360 1377 1440 1408 mihi
1464 1377 1590 1409 Sabella
1611 1387 1663 1409 ve-

811 1467 1050 1480 eeeeeeeeeeee

198 1533 271 1565 sine
286 1534 525 1575 conjunctione
540 1538 668 1567 «ει-23
695 1536 770 1567 Non
800 1536 919 1568 Varum
944 1544 1030 1566 unus
1047 1536 1140 1568 Han.
1163 1536 1262 1568 Harl.
1280 1538 1312 1568 2.
1335 1539 1371 1567 et
1387 1535 1467 1568 edd.
1490 1535 1664 1577 primae.—

198 1578 241 1607 80
262 1577 272 1594 ⁴
287 1577 433 1609 Nescias
450 1582 563 1609 utrum
580 1588 661 1610 casu
678 1584 776 1610 recto
792 1582 875 1609 mota
890 1588 984 1618 anus,
1006 1588 1047 1609 nn
1064 1588 1143 1610 casu
1159 1579 1310 1610 ablativo
1333 1582 1419 1610 mota
1442 1588 1522 1610 urna
1543 1579 1663 1615 dit-ino,

197 1618 344 1650 dicatur.
388 1620 475 1651 Mihi
489 1620 627 1662 quidem
643 1626 802 1652 neutrum
816 1622 941 1661 placet.
979 1621 1052 1652 Etsi
1070 1621 1159 1652 enim
1175 1631 1256 1652 urna
1271 1621 1380 1652 divina
1395 1620 1498 1652 facile
1513 1621 1546 1651 in
1559 1621 1664 1661 poe'ta

198 1661 338 1702 placere
354 1663 463 1702 possit
477 1674 487 1702 3
510 1667 548 1694 ut
563 1663 595 1694 in
613 1664 698 1695 Silio
714 1663 839 1695 Italico
854 1664 864 1681 ⁴
876 1662 1023 1694 flammae
1039 1663 1187 1702 divinae‚'
1200 1672 1258 1694 ιιι.
1272 1665 1347 1695 344.
1390 1664 1400 1680 ‘
1418 1663 1610 1700 Fibrarum.
1625 1668 1662 1695 et

199 1712 333 1744 pennae,
349 1704 611 1745 divinarumque
635 1715 793 1745 sagacem
818 1706 1047 1737 Flammarum
1070 1706 1164 1736 misit
1188 1705 1283 1736 dives
1307 1705 1477 1736 Gallaecia
1501 1705 1662 1746 pubem:'

197 1751 314 1778 tamen
330 1747 358 1778 si
375 1748 512 1779 tertium
529 1747 612 1779 iuud
630 1748 742 1787 addis,
762 1748 871 1780 divina
884 1757 965 1779 urna
979 1751 1074 1787 mota,
1091 1747 1178 1779 adeo
1193 1748 1347 1779 scabrum
1364 1752 1470 1788 atque
1485 1747 1659 1779 horridum

197 1788 282 1828 exit,
307 1794 346 1821 ut
371 1799 414 1820 ne
438 1790 623 1830 proletario
638 1790 774 1832 quidem
795 1795 887 1830 vate,
910 1790 1036 1822 nedum
1054 1790 1214 1832 Horatio,
1230 1790 1368 1831 dignum
1392 1790 1447 1821 sit.
1494 1790 1559 1822 Vel
1577 1790 1662 1822 illud

197 1831 341 1863 alterum
365 1832 573 1864 tolerabilius
598 1838 663 1873 est,
681 1837 766 1865 mota
787 1842 877 1872 anus,
900 1833 963 1864 hoc
989 1838 1056 1872 est,
1080 1834 1089 1851 ‘
1105 1833 1298 1872 commota‚’
1319 1834 1330 1850 ‘
1348 1831 1500 1872 agitata,’
1522 1832 1662 1865 ‘furore

196 1874 329 1914 percita
341 1873 363 1905 :'
386 1875 495 1915 qualis
511 1876 633 1907 Manto
648 1876 739 1916 apud
758 1876 930 1907 Nasonem
947 1875 1037 1906 Met.
1054 1884 1104 1906 νῐ.
1121 1879 1194 1907 158.
1215 1877 1225 1893 ‘
1237 1876 1307 1906 Per
1322 1875 1452 1907 medias
1467 1874 1591 1912 fuerat,
1608 1876 1659 1906 di-

198 1917 276 1948 vino
292 1917 429 1949 concita
443 1923 551 1958 motu,
567 1918 766 1950 Vaticinata
782 1918 878 1950 vias.'
921 1918 967 1949 Et
990 1918 1048 1949 illa
1071 1917 1162 1959 apud
1177 1918 1302 1950 Tibull.
1321 1927 1347 1950 1.
1362 1921 1396 1950 7.
1412 1920 1466 1950 49.
1489 1919 1499 1936 ‘
1512 1918 1567 1950 Sic
1584 1917 1659 1949 fieri

856 2025 1000 2058 NOTAE

199 2084 367 2118 micantes
390 2086 536 2126 pavidis,
560 2087 732 2119 subrectae
757 2087 901 2119 furenti-

199 2135 274 2175 bus,
293 2136 453 2168 resolutae
469 2136 594 2177 aegris!

241 2187 284 2217 22
304 2186 440 2226 Viscum,
456 2185 602 2227 Varium]
620 2186 666 2218 Hi
680 2186 747 2218 duo
762 2185 902 2219 fuerunt

198 2234 314 2266 eximii
338 2235 471 2275 Po’ctae,
490 2235 624 2276 ingenio
648 2239 684 2267 et
706 2236 900 2268 eruditione

197 2286 280 2318 clari
294 2297 304 2326 ;
323 2287 468 2319 Horatio
485 2293 579 2319 certe
595 2287 799 2320 amicissimi.
844 2289 901 2320 De

196 2336 300 2368 Visco
323 2342 454 2378 postea,
469 2337 541 2369 Sat.
559 2347 634 2379 seq.
654 2341 690 2369 et
712 2337 804 2369 alibi.
849 2338 903 2370 De

198 2387 307 2419 Vario
323 2389 393 2419 Sat.
410 2392 442 2420 5.
459 2387 609 2428 praeced.
626 2387 709 2419 item
726 2396 753 2418 1.
769 2387 840 2419 Od.
855 2391 888 2418 ὃ.

239 2439 280 2469 25
313 2438 542 2478 Hermogenes]
576 2437 706 2469 Cantor
738 2435 901 2478 famosus,

197 2486 241 2519 de
256 2497 324 2529 quo
338 2488 412 2520 Sat.
429 2491 462 2520 3.
478 2487 707 2529 praecedenti.

241 2538 284 2568 26
310 2538 368 2568 Est
383 2538 442 2569 tibi
455 2542 569 2578 mater,
584 2538 655 2579 ξω]
681 2537 812 2569 Callide
827 2538 901 2569 vult

199 2586 364 2617 Horatius
377 2597 514 2619 monere
527 2588 699 2629 garrulum
714 2592 750 2619 ut
763 2597 833 2618 suae
846 2597 899 2618 sa·

199 2635 262 2666 luti
287 2636 440 2666 consulat
462 2637 496 2666 in
523 2638 666 2676 gratiam
690 2637 898 2678 propinquo·

198 2693 295 2723 rum3
318 2693 404 2715 neve
430 2685 502 2716 sine
524 2695 625 2719 causa
641 2688 687 2719 ita
703 2697 739 2719 se
752 2688 898 2719 circum-

200 2738 280 2774 agat
295 2743 334 2765 ac
351 2732 532 2774 defatiget,
547 2737 627 2777 quin
643 2737 757 2777 potius
774 2738 847 2778 ipse
862 2746 898 2768 se

198 2790 330 2816 tantum
348 2785 455 2815 virum
480 2790 598 2826 totque
621 2793 656 2818 et
679 2793 747 2820 tam
763 2789 898 2820 eximiis

198 2835 336 2867 dotibus
366 2835 534 2875 insignem
567 2834 701 2868 familiae
739 2847 807 2870 suae
840 2838 896 2870 diu

955 2092 1145 2120 conservet.

996 2141 1040 2170 28
1057 2140 1173 2170 Omnes
1186 2138 1356 2180 composui]
1381 2138 1434 2170 De
1446 2139 1548 2181 hujus
1565 2141 1657 2173 vocis

955 2187 1205 2229 significatione
1221 2188 1304 2229 dixi,
1329 2189 1372 2220 ad
1396 2189 1496 2221 Pers.
1509 2190 1580 2223 Sat.
1600 2201 1658 2224 ιιι.

956 2239 1036 2270 104.

1000 2287 1137 2328 Felices]
1160 2288 1229 2322 Qui
1252 2288 1410 2321 nimirum
1435 2295 1493 2322 tua
1513 2292 1658 2332 garruli-

955 2341 1029 2369 tate
1045 2342 1081 2370 et
1096 2338 1237 2379 ineptiis
1254 2343 1336 2371 sunt
1350 2340 1502 2373 liberati.
1529 2342 1577 2374 At
1594 2353 1658 2383 ego

954 2388 1056 2420 miser
1071 2394 1164 2420 resto
1179 2388 1439 2422 discruciandus
1456 2401 1477 2422 a
1492 2396 1526 2422 te
1544 2402 1583 2423 ac
1599 2393 1658 2433 ju-

954 2439 1135 2480 galandus.

995 2491 1039 2520 29
1061 2489 1202 2530 Sabella]
1226 2489 1354 2521 Nutrix
1370 2489 1503 2520 Horatii
1519 2490 1656 2523 natione

952 2538 1101 2579 Sabella,
1117 2538 1321 2570 vaticinandi
1340 2539 1463 2579 perita.
1498 2539 1550 2569 De
1562 2540 1658 2572 Sabi-

951 2591 1004 2622 nis
1020 2591 1092 2622 sive
1107 2590 1331 2628 Samnitibus,
1347 2590 1472 2620 artium
1486 2591 1655 2631 ejusmodi

953 2650 1114 2672 vanarum
1136 2639 1380 2679 antesignanis,
1395 2639 1466 2671 dixi
1491 2640 1524 2671 in
1543 2642 1655 2683 Epod.

953 2698 1045 2721 xvu.

996 2742 1037 2771 30
1053 2739 1174 2771 Divino
1190 2741 1272 2769 mota
1283 2747 1362 2769 onus
1375 2738 1469 2780 urna]
1483 2740 1655 2784 Sortilega

952 2789 1073 2821 mulier
1090 2794 1126 2821 et
1142 2787 1287 2820 fatidica
1302 2789 1467 2829 conjectis
1483 2791 1516 2821 in
1534 2801 1652 2824 urnam

954 2839 1113 2879 sortibus,
1150 2838 1338 2874 commotis,
1369 2836 1515 2879 eductis,
1544 2841 1652 2874 fatum
