1890 3256
360 280 442 320 970

820 293 863 328 Q.
895 290 1101 320 ttoRA'rtt
1136 288 1307 318 FLACCI

361 381 507 432 Quare
527 395 601 435 per
622 382 763 423 Divos
784 385 928 420 oratus
948 382 1130 431 uterque
1150 379 1351 428 Penates,

359 448 428 488 Tu
449 460 555 488 cave
574 460 626 486 ne
645 446 837 494 minuas;
868 449 930 493 tu,
950 456 1004 484 ne
1027 443 1167 496 majus
1186 443 1321 485 facias
1339 444 1384 484 id

361 512 494 562 Quod
512 513 618 553 satis
639 522 739 550 esse
758 513 885 562 putat
904 514 1041 562 pater,
1062 514 1107 549 et
1127 512 1278 550 natura
1297 509 1479 550 coercet.

360 577 576 618 Praeterea
594 589 646 615 ne
666 588 746 616 vos
765 575 909 615 titillet
930 575 1079 627 gloria,
1103 575 1222 628 jure-

360 641 555 683 Jurando
577 641 839 692 obstringam
861 640 1012 680 ambo:
1043 643 1134 680 uter
1154 640 1295 681 aedilis
1314 640 1491 680 fueritve

1690 638 1773 679 180

360 709 563 749 Vestrum
583 711 754 760 praetor,
774 707 811 746 is
832 706 1088 746 intestabilis
1107 710 1150 746 et
1170 718 1291 747 sacer
1309 709 1417 745 esto.

361 773 416 814 In
435 773 574 812 cicere
595 775 722 824 atque
742 771 845 811 faba
865 771 978 811 bona
997 775 1044 811 tu
1065 771 1310 823 perdasque
1330 770 1506 822 lupinis,

360 838 495 877 Latus
515 841 562 877 ut
582 837 624 876 in
645 835 774 877 Circo
796 837 1002 889 spatiere,
1022 840 1096 877 aut
1116 848 1260 877 aeneus
1280 841 1331 875 ut
1351 841 1455 884 stes,

362 901 521 942 Nudus
543 902 670 954 agris,
692 901 834 942 nudus
851 901 1051 950 nummis,
1072 901 1236 949 insane,
1258 900 1477 953 paternis?

363 1030 541 1060 imitareris.
578 1029 776 1064 Quamobrem
801 1038 857 1068 per
870 1029 953 1060 Deos
967 1029 1101 1059 Penates
1115 1028 1216 1059 umbos
1230 1028 1359 1067 obsecro,
1381 1031 1416 1058 lu
1443 1035 1480 1057 ne
1504 1026 1663 1066 dilapides,
1685 1029 1719 1057 tu
1738 1036 1776 1058 ne

363 1081 477 1110 augeas
490 1071 522 1101 id
534 1073 611 1110 quod
633 1074 722 1110 pater
734 1071 883 1111 sufficiens
896 1070 1068 1100 arbitratur
1081 1079 1117 1100 ue
1130 1073 1242 1099 natura
1255 1069 1375 1109 definit.
1418 1069 1545 1107 Insuper
1557 1070 1714 1107 utrumque
1727 1076 1776 1098 ιιι-

364 1115 521 1143 eramento
535 1111 686 1150 obligabo,
700 1121 738 1142 ne
750 1121 803 1142 vos
817 1111 920 1151 capiat
933 1111 1078 1141 honorum
1091 1110 1244 1149 cupiditas
1254 1120 1264 1140 .·
1287 1113 1356 1140 uter
1369 1112 1504 1140 vestrum
1516 1108 1616 1138 ceditis
1629 1111 1683 1138 aut
1697 1117 1776 1147 ρω-

366 1157 415 1184 tor
427 1153 541 1192 suerit,
556 1153 584 1183 is
598 1153 766 1184 testimonii
780 1162 888 1191 expers
903 1155 933 1182 et
946 1152 1134 1182 execrandus
1147 1154 1221 1182 esto.
1265 1151 1382 1190 Nempe
1402 1153 1438 1180 ut
1462 1150 1496 1180 in
1519 1149 1598 1180 circo
1619 1147 1778 1188 magnifice

367 1195 501 1234 incedas,
514 1195 564 1225 vel
576 1198 638 1225 stes
648 1203 688 1227 ex
699 1203 758 1224 aere
769 1193 927 1233 conflatus,
938 1196 974 1224 lu
984 1193 1076 1223 stulte
1087 1201 1156 1232 opes
1170 1191 1204 1222 in
1217 1192 1311 1222 cicere
1326 1195 1356 1222 et
1369 1191 1446 1229 faba
1460 1194 1490 1222 et
1504 1190 1619 1229 lupinis
1629 1189 1779 1229 fflndas,

366 1246 403 1267 ac
415 1236 542 1275 prediis
555 1239 585 1266 et
597 1235 735 1275 pecuniis
746 1245 765 1266 ιι
776 1238 864 1275 patre
878 1235 1009 1275 acceptis
1023 1233 1167 1274 spoliare?
1212 1233 1371 1264 Nimirum
1391 1236 1426 1263 ut
1449 1233 1570 1272 pidum
1583 1240 1654 1271 quos
1667 1230 1778 1271 accipit

962 1337 980 1349 0

1136 1335 1192 1348 ‘O‘

367 1414 484 1444 Burm.
500 1414 588 1453 conj.
608 1413 723 1444 dissors
738 1422 798 1452 pro
813 1413 1044 1444 discum—182
1066 1412 1180 1443 Zarot.
1196 1411 1271 1441 bona
1285 1413 1349 1440 tum
1367 1409 1534 1448 perdasque
1544 1416 1557 1443 ,·
1578 1404 1666 1436 unde
1678 1405 1780 1436 Genu.

369 1455 459 1494 conj.
482 1454 557 1484 bona
573 1454 637 1485 tun'
655 1455 823 1493 perdasque
849 1463 909 1493 pro
936 1458 1016 1484 tune.
1057 1453 1067 1470 ‘
1079 1454 1188 1493 perdas
1201 1461 1256 1491 que
1270 1450 1397 1481 duabus
1411 1449 1546 1479 vocibus
1568 1445 1779 1478 scribendum

368 1498 473 1535 puto.’
494 1496 697 1526 Basca—183
719 1495 818 1526 Latus
838 1497 872 1525 ut
886 1494 1004 1534 optimi
1019 1499 1054 1524 et
1069 1492 1283 1524 vetustissimi
1297 1490 1394 1522 codd.
1409 1499 1462 1529 ap.
1475 1489 1625 1520 Torrent.
1641 1487 1735 1518 Harl.
1748 1489 1780 1517 2.

369 1540 400 1567 3.
415 1539 445 1567 4.
459 1539 492 1568 6.
514 1537 611 1568 Gott.
629 1536 719 1566 Han.
734 1545 847 1566 omnes
863 1545 917 1574 ap.
934 1535 1046 1565 Bentl.
1072 1535 1115 1565 al.
1139 1538 1174 1565 et
1201 1533 1279 1564 edd.
1304 1536 1379 1572 post
1391 1532 1544 1562 Torrent.
1586 1527 1781 1575 mitis-edd.

370 1578 476 1617 antiq.
505 1582 583 1607 ante
609 1577 762 1607 'rm-rent.
812 1576 933 1614 Largus
956 1579 990 1606 ut
1011 1575 1204 1606 Markland.
1231 1573 1338 1612 Epist.
1362 1573 1446 1603 Crit.
1471 1581 1506 1612 p.
1532 1573 1584 1601 81.
1613 1572 1644 1600 et
1671 1578 1783 1600 aeneus

368 1618 463 1649 Leid.
485 1623 521 1649 et
543 1617 694 1648 Colbert.
715 1617 873 1655 Bentleii,
898 1616 986 1657 quod
1008 1615 1064 1647 ille
1087 1616 1221 1656 recipit.
1263 1615 1319 1646 Ita
1340 1622 1469 1654 quoque
1493 1611 1587 1643 Harl.
1610 1614 1642 1642 2.
1694 1609 1782 1640 Vide

1003 1717 1141 1750 NOTAE

411 1784 473 1814 178
497 1782 620 1816 Natura
646 1780 778 1820 coercet]
808 1780 973 1812 Nimirum
999 1780 1055 1811 illa
1107 1790 1149 1821 pe
1171 1790 1212 1812 ex
1235 1790 1300 1822 qua
1324 1783 1474 1811 tentatus
1489 1778 1533 1810 sit
1548 1777 1649 1809 etiam
1663 1775 1784 1818 panis!

370 1830 487 1871 paucis
516 1833 676 1860 contenta
712 1829 876 1860 duntaxat
912 1827 1054 1868 requirit

371 1878 460 1919 quod
472 1876 625 1909 sufficiat.

413 1929 474 1958 1⁷9
497 1926 547 1956 Ne
569 1934 622 1955 vos
644 1924 753 1955 titillet
774 1924 891 1964 gloria]
916 1924 970 1955 Ne
995 1933 1052 1955 vos

370 1976 550 2008 ambitione
573 1974 649 2005 duci
671 1979 706 2004 et
731 1973 836 2004 teneri
856 1973 1052 2013 contingat:

370 2034 414 2056 ne
430 2023 584 2055 ambiatis
599 2023 702 2053 ullum
717 2021 964 2062 magistratum,
974 2021 1054 2053 aedi-

370 2074 512 2110 litatem,
529 2075 723 2112 praeturam,
736 2073 800 2102 &c.

414 2123 474 2151 181
498 2118 704 2159 Intestabilis]
720 2118 864 2150 Ademto
871 2119 949 2159 jure
961 2119 1055 2151 testi-

370 2170 471 2202 monii
486 2168 620 2200 dicendi
633 2171 668 2199 et
683 2168 848 2200 condendi
863 2169 1055 2200 testamenti

370 2218 514 2250 infamis.
557 2217 646 2248 Geli.
660 2225 710 2248 v1.
726 2220 757 2248 7.
770 2221 806 2249 et
820 2225 879 2248 xv.
894 2220 947 2249 13.

421 2269 482 2298 182
506 2266 545 2297 In
558 2266 654 2296 cicere
667 2264 859 2305 aiquesabu]
882 2265 1056 2307 Ejusmodi

373 2326 494 2357 nempe
509 2315 647 2347 donaria
657 2319 691 2346 et
703 2316 870 2355 congiaria
885 2315 1057 2348 faciebant

374 2364 603 2396 demulcendae
618 2367 654 2395 et
669 2364 845 2404 captandae
860 2364 967 2404 plebis
983 2374 1058 2404 gra·

374 2416 435 2453 tia,
449 2414 506 2456 qui
523 2414 565 2446 ad
581 2412 795 2454 magistratus
811 2413 874 2445 sibi
888 2414 974 2445 viam
988 2423 1059 2444 mu-

374 2464 448 2495 nire
472 2462 672 2494 studebant:
697 2462 900 2501 spargebant
928 2462 962 2492 in
986 2462 1057 2492 vul-

377 2522 438 2552 gus
462 2511 631 2552 legumina
652 2519 727 2550 quae
752 2510 861 2550 magni
883 2515 954 2541 tum
969 2510 1059 2541 aesti-

377 2561 553 2592 mabantur
565 2568 585 2590 a
600 2558 724 2599 populo
736 2559 881 2590 nondum
893 2558 1059 2599 locuplete

378 2613 415 2640 et
439 2608 668 2648 superbiente.
712 2608 799 2638 Plin.
814 2615 919 2639 xvnt.
940 2610 991 2638 12.
1007 2616 1060 2638 va-

378 2657 427 2687 ria
447 2657 594 2687 cicerum
620 2664 745 2696 genera
769 2654 888 2686 affert:
912 2655 1060 2695 ejusdem

379 2712 460 2734 vero
474 2703 594 2743 capitis
611 2704 706 2735 initio
718 2703 768 2734 ita
781 2703 920 2734 scribit:
944 2703 954 2720 ‘
966 2703 1061 2734 Inter

378 2751 544 2792 tegumina
557 2752 717 2783 maximus
727 2751 829 2783 honos
841 2750 926 2783 fabae
939 2762 948 2784 :
964 2750 1060 2792 quip-

1106 1837 1181 1868 cap.
1207 1831 1258 1860 14.
1279 1830 1288 1846 ‘
1301 1826 1455 1867 Lupino‚'
1477 1827 1597 1866 inquit,
1619 1826 1629 1844 ⁴
1642 1834 1718 1856 usus
1731 1829 1783 1856 est

1106 1878 1275 1916 proximus
1289 1887 1298 1915 ;
1321 1886 1395 1907 cum
1405 1876 1450 1907 sit
1461 1881 1496 1907 et
1507 1876 1644 1914 homini,
1658 1878 1692 1905 et
1703 1884 1783 1914 qua-

1104 1926 1289 1965 drupedum
1329 1924 1443 1964 generi
1480 1925 1619 1964 ungulas
1646 1923 1783 1955 habenti

1104 1973 1286 2005 communis
1298 1973 1317 2002 :'
1339 1977 1375 2004 et
1389 1976 1506 2013 postea
1521 1982 1529 2003 z
1553 1973 1562 1990 ‘
1575 1972 1783 2003 Maceratum

1105 2021 1217 2053 calida
1241 2030 1327 2062 aqua
1349 2021 1471 2052 bomini
1495 2029 1627 2062 quoque
1657 2020 1690 2052 in
1709 2019 1784 2052 cibo

1106 2069 1183 2102 est.'

1149 2121 1209 2150 183
1224 2119 1324 2150 Latus
1333 2122 1367 2150 ut
1378 2119 1412 2150 in
1423 2117 1524 2160 Circo,
1535 2118 1602 2159 ism]
1617 2118 1666 2150 Ut
1677 2119 1710 2150 in
1721 2119 1787 2150 cir-

1105 2177 1144 2199 co
1179 2166 1353 2207 magnifice
1388 2172 1424 2199 et
1457 2168 1598 2207 gloriose
1625 2167 1787 2206 ambules,

1107 2226 1182 2248 cum
1211 2217 1317 2247 aedilis
1345 2225 1388 2247 ex
1411 2226 1501 2247 more
1519 2216 1614 2247 ludos
1637 2216 1785 2247 Florales

1107 2263 1325 2306 procurabis;
1355 2267 1491 2304 tumque
1522 2271 1660 2294 munera
1685 2262 1784 2294 etiam

1108 2312 1199 2354 plebi
1233 2311 1419 2351 disperges,
1451 2311 1491 2341 ad
1519 2310 1786 2342 benevolentiam

1109 2362 1181 2402 ejus
1217 2358 1457 2400 aucupandam,
1503 2362 1603 2399 atque
1645 2359 1786 2399 majores

1111 2407 1288 2450 aliqnando
1316 2407 1528 2445 magistratus
1553 2407 1787 2446 capessendos.

1110 2458 1205 2490 Pers,
1219 2457 1288 2488 Sat.
1304 2465 1338 2487 v.
1354 2458 1425 2487 17⁷.
1440 2457 1449 2473 ‘
1462 2455 1551 2487 cicer
1565 2455 1679 2496 ingere
1695 2456 1786 2496 large

1110 2505 1250 2538 Rixanti
1277 2505 1412 2544 populo,
1438 2508 1552 2534 nostra
1579 2507 1618 2535 ut
1645 2504 1789 2536 Floralia

1111 2555 1237 2596 possint
1251 2551 1368 2593 Api-ici
1383 2553 1572 2584 meminisse
1585 2553 1704 2585 senes.¹

1152 2604 1267 2634 AEneus
1281 2605 1316 2632 ut
1330 2601 1407 2641 stes]
1430 2601 1478 2632 Ut
1487 2601 1634 2642 erigatur
1647 2602 1709 2634 tibi
1721 2606 1788 2634 sta-

1112 2657 1170 2684 tua
1184 2660 1226 2681 ex
1242 2659 1319 2680 aere.

1154 2702 1214 2731 184
1237 2699 1348 2729 Nudus
1361 2697 1538 2738 agrium]
1561 2697 1680 2728 Plures
1694 2703 1787 2729 certe

1113 2749 1199 2782 bona
1213 2757 1272 2779 sua
1287 2746 1506 2788 profuderunt
1516 2747 1550 2779 in
1561 2746 1737 2779 missilibus
1751 2751 1790 2778 et>
