1956 3236
591 278 865 310 smzmouum
906 279 1001 308 mn.
1033 277 1064 308 ι.
1092 268 1136 308 6.

1502 262 1588 304 857

134 377 236 419 Nos
255 375 418 424 facere,
438 386 465 415 a
484 373 617 425 vulgo
634 374 765 425 longe
782 358 1000 426 longeque
1020 371 1243 414 remotos?

135 444 343 496 Namque
364 446 474 490 esto,
494 440 692 493 populus
715 439 901 481 Laevino
931 439 1079 481 mallet
1097 439 1303 480 honorem

135 509 282 560 Quam
305 508 447 550 Decio
466 507 676 548 mandare
696 519 838 548 novo:
870 518 1110 559 censorque
1127 506 1320 546 moveret

1528 499 1585 540 20

137 575 331 630 Appius,
350 575 536 627 ingenuo
557 572 596 612 si
616 585 704 613 non
725 585 868 613 essem
889 576 1011 626 patre
1029 575 1175 621 natus,

135 642 224 684 Vel
246 642 414 690 merito,
436 640 642 693 quoniam
662 639 705 678 in
723 639 904 692 propria
924 652 1012 679 non
1031 638 1145 692 pelle
1166 637 1400 691 quiessem.

137 709 173 758 ἹῘ
195 708 284 750 Sed
304 707 496 789 fulgente
517 706 651 747 trahit
671 706 934 747 constrictos
956 705 1094 758 gloria
1115 716 1246 746 curru

139 855 158 875 a
173 846 265 885 vulgo
279 847 370 896 plane
384 846 587 888 differentes?
631 847 717 878 Num
738 850 823 877 certe
845 848 975 888 populus
1000 847 1191 886 dignitate-m
1205 847 1334 878 Laevino
1349 845 1470 883 desem
1492 844 1597 876 mallet
1609 860 1619 870 =

136 896 227 926 quam
242 888 340 919 Decio
351 889 481 927 ignoto.-
504 893 535 920 et
550 889 674 929 Appius
692 890 808 920 Censor
822 892 942 920 arceret
956 899 1018 938 me.
1029 889 1057 920 si
1070 890 1164 921 libero
1177 893 1308 930 parente
1323 898 1383 919 non
1397 897 1492 919 essem
1505 886 1596 926 geni-

135 931 209 966 hm
232 933 264 961 et
276 931 493 971 quidemjure,
509 931 581 971 quia
595 941 654 962 non
670 931 849 962 mansissem
863 931 897 961 in
910 932 1039 972 propria
1056 932 1241 964 conditione.
1290 930 1483 963 Verumenim
1494 928 1598 968 gloria

745 1027 762 1037 θ
768 1025 882 1038 ‘eeu‘
866 1025 982 1037 ‘OM‘

138 1098 254 1138 rentii,
282 1099 379 1132 Harl.
394 1104 428 1132 2.
445 1104 476 1134 3.
492 1105 525 1134 4.
540 1106 572 1134 6.
586 1106 617 1135 7.
641 1103 758 1135 Bentl.
786 1104 822 1135 et
849 1107 997 1136 recentt.
999 1106 1085 1135 -18
1110 1104 1180 1134 Nos
1193 1103 1302 1142 fucere
1327 1109 1444 1132 omues
1471 1102 1599 1139 proeter

138 1140 256 1172 Bentl.
281 1142 355 1173 Non
367 1142 477 1181 facere
492 1145 646 1177 Florent.
663 1148 759 1177 1482.
779 1146 853 1185 long
855 1147 968 1187 elateq
970 1145 1122 1178 ueHarl.
1137 1150 1169 1178 6.
1193 1145 1311 1176 Zarot.
1329 1145 1409 1174 Vet
1425 1141 1546 1174 Comb.
1563 1143 1599 1171 et

139 1182 182 1213 al.
199 1187 282 1215 vett.
305 1185 396 1224 longe
417 1187 566 1227 longeque
590 1187 690 1219 Gott.
709 1188 805 1219 Harl.
821 1190 853 1220 2.
869 1191 901 1219 3.
918 1157 968 1220 ‘kq
964 1191 995 1220 7.
1018 1188 1140 1228 ceteri,
1164 1187 1253 1229 quod
1272 1197 1315 1218 ex
1331 1186 1400 1217 suis
1415 1183 1514 1216 codd.
1530 1183 1600 1223 pri-

137 1233 211 1256 mus
227 1226 359 1267 recepit
374 1227 554 1270 Cruquius.
555 1232 641 1261 —20
665 1230 811 1272 Cuning.
827 1235 862 1262 et
877 1231 993 1265 Bentl.
1017 1230 1050 1262 in
1077 1230 1134 1262 ed.
1165 1240 1218 1272 pr.
1245 1228 1393 1262 Cantab.
1411 1229 1507 1259 1711.
1530 1234 1599 1257 cen·

801 1336 940 1368 NOTAE

139 1406 433 1439 commendatione
475 1407 683 1440 fumosarum
721 1409 840 1450 imagi·

139 1464 230 1495 num,
243 1452 386 1496 quarum
402 1457 484 1488 nihil
506 1457 610 1489 habes
626 1459 736 1490 simile
753 1468 840 1500 prae-

139 1509 195 1536 ter
228 1505 399 1536 colorem!
448 1507 607 1539 Juvenal.
644 1509 717 1541 Sat.
756 1517 840 1540 vm.

136 1555 147 1573 ‘
163 1555 353 1594 Stemmata
363 1556 445 1598 quid
459 1555 615 1589 faciunt?
660 1558 751 1591 Quid
765 1568 841 1599 pro-

141 1604 228 1643 dest,
245 1605 404 1647 Pontice,
421 1607 524 1649 longo
539 1607 714 1648 Sanguine
725 1618 842 1640 cense-

140 1654 182 1694 ri,
198 1654 376 1696 pictosque
402 1656 586 1688 ostendere
604 1650 716 1690 vultus
732 1659 843 1700 Majo-

143 1714 216 1736 rum
228 1704 252 1736 ?’
267 1706 331 1738 διο.
428 1728 430 1730 v

186 1755 274 1792 Quid
301 1759 426 1796 oportet
451 1766 518 1792 nos,
548 1757 619 1798 ξω]
661 1757 754 1791 Quid
784 1767 844 1789 nos

141 1806 269 1837 sentire
284 1810 320 1837 et
330 1805 492 1846 judicare
508 1806 621 1847 decer,
635 1807 662 1838 si
678 1806 813 1849 quidem
825 1817 845 1838 a

143 1855 233 1896 vulgi
249 1865 367 1887 errore
394 1855 506 1896 liberi,
533 1862 568 1888 et
589 1858 782 1898 sapientum
798 1857 845 1888 in-

141 1905 275 1938 stitutis
291 1904 465 1938 informati
482 1916 596 1937 sumus
610 1907 622 1938 ἓ

186 1957 228 1986 19
250 1955 378 1987 laevino
391 1956 497 1987 mullet
507 1956 652 1987 honorem
666 1955 769 1992 Quam
780 1955 845 1987 De-

144 2003 192 2035 cio
218 2007 367 2036 mandare
390 2006 484 2047 novo]
508 2005 649 2037 Homini
680 2005 845 2046 maj0rum

146 2053 252 2096 gloria
266 2055 478 2092 collustrato,
493 2065 555 2096 per
571 2066 606 2087 se
619 2065 701 2087 vero
718 2055 847 2095 ignobi·-

147 2103 183 2140 li,
212 2103 326 2145 potius
357 2114 458 2146 quam
482 2105 555 2136 viro
579 2105 719 2146 propria
747 2105 847 2136 laude

146 2153 343 2194 conspicuo,
366 2153 464 2195 cujus
488 2153 632 2194 majores
656 2163 722 2185 non
746 2157 848 2185 antea

146 2203 243 2235 clari.
268 2203 357 2235 Pub.
370 2203 497 2236 Decius
513 2204 593 2236 Mus
609 2214 628 2235 e
642 2204 761 2236 Deciis
777 2205 847 2246 pri·

147 2262 220 2284 mus
231 2263 362 2285 summa
372 2253 406 2284 in
422 2254 677 2295 Rempublicam
691 2253 848 2286 fide'con·

145 2302 291 2334 sulatum
308 2303 430 2335 merito
446 2309 500 2335 est
519 2303 678 2345 adeptus,
695 2303 850 2336 fortiter-

146 2361 212 2399 que
226 2355 262 2383 et
277 2352 423 2392 gloriose
447 2352 695 2385 administravit
712 2364 789 2384 cnm
805 2355 847 2386 Τ.

148 2401 279 2433 Manlio
297 2401 481 2442 Torquato.
525 2401 598 2434 Cic.
624 2402 666 2434 de
691 2403 810 2434 Divin.
825 2412 850 2435 1.

148 2450 223 2484 Liv.
241 2450 300 2483 lib.
319 2460 398 2485 vui.
414 2454 480 2485 &c-

149 2501 153 2505 '
192 2503 235 2532 20
260 2501 435 2543 Censor-que
462 2507 596 2535 moveret
622 2503 760 2544 Appius]
784 2505 850 2536 Re-

151 2550 298 2590 pelleret
311 2561 352 2583 nc
367 2559 596 2585 summoveret
607 2563 660 2585 me
671 2563 690 2585 a
701 2554 851 2594 petendo

153 2601 351 2642 magistratu
366 2602 499 2644 Appius
521 2604 578 2636 ille
598 2605 761 2637 Claudius
778 2605 851 2636 Cae·

154 2659 215 2681 cus
244 2659 366 2682 severa
393 2657 492 2685 notns
527 2664 684 2694 censura,
714 2660 850 2687 creatus

153 2709 244 2740 anno
265 2699 308 2732 U.
325 2701 365 2732 C.
382 2703 457 2734 443.
503 2704 538 2736 Is
562 2706 692 2746 primus
720 2706 852 2738 liberti-

155 2759 215 2781 nos
237 2749 271 2780 in
293 2750 435 2782 urbanas
451 2752 556 2784 tribus
578 2755 723 2796 redegit.
766 2756 852 2787 Sue·

156 2805 228 2842 vton.
263 2799 381 2832 Claud.
412 2809 488 2841 cap.
519 2806 570 2834 16.
600 2809 636 2836 et
665 2809 719 2838 24.
764 2806 852 2838 Vide

897 1409 998 1440 Alex.
1014 1409 1057 1441 ab
1076 1409 1175 1440 Alex.
1193 1417 1251 1440 ιιι.
1268 1410 1319 1439 13.
1337 1406 1394 1438 ubi
1413 1406 1602 1437 censorum

895 1458 991 1500 origo
1015 1463 1051 1489 et
1073 1463 1228 1499 potestas
1251 1457 1457 1498 explicatur.
1502 1456 1603 1487 Inter

895 1509 962 1540 alia
978 1508 1151 1541 debebant
1164 1510 1350 1541 Senatores
1363 1508 1477 1548 legere
1492 1512 1528 1538 et
1544 1516 1602 1538 co-

895 1565 1031 1600 optare,
1046 1561 1224 1591 summotis
1244 1558 1398 1599 indignis,
1421 1563 1457 1589 et
1479 1558 1604 1588 hones-

897 1609 1036 1640 tissimis
1067 1609 1215 1641 allectis.
1261 1607 1426 1640 Censoria
1455 1606 1530 1637 Lex
1554 1607 1606 1638 ita

892 1658 1059 1699 jubebat:
1084 1659 1094 1677 ‘
1118 1658 1287 1690 Censores
1315 1655 1431 1697 populi
1456 1654 1605 1687 familias

899 1712 1086 1739 censente:
1111 1707 1203 1739 urbis
1226 1707 1369 1747 templa,
1390 1705 1476 1744 vias,
1492 1705 1607 1736 aerari-

899 1767 969 1797 um,
994 1758 1174 1798 vectigalia
1199 1761 1357 1788 mentor:
1382 1755 1546 1796 populum
1570 1754 1607 1788 in

900 1807 1009 1839 tribus
1023 1807 1275 1839 distribuunto:
1299 1813 1409 1836 mores
1423 1804 1539 1844 populi
1554 1813 1607 1836 re-

900 1861 1029 1897 gunto:
1054 1857 1214 1898 probrum
1238 1857 1274 1888 in
1297 1860 1420 1887 senatu
1443 1864 1487 1886 ue
1504 1854 1607 1886 relin-

898 1906 1052 1948 quunto,'
1065 1909 1131 1938 διο.

941 1958 984 1987 22
1010 1957 1166 1992 Quoniam
1180 1956 1213 1987 in
1228 1955 1356 1996 propria
1375 1964 1433 1986 non
1447 1955 1526 1995 pelle
1540 1954 1606 1995 qui-

898 2005 1010 2047 essem]
1043 2006 1133 2039 Quia
1158 2006 1280 2038 vellem
1301 2013 1478 2044 assurgere
1504 2014 1608 2045 supra

899 2064 1010 2087 meam
1026 2056 1258 2088 conditionem
1274 2064 1314 2086 ac
1337 2054 1511 2095 proprium
1539 2060 1607 2086 sta-

901 2109 984 2138 tum.
1029 2105 1164 2137 Allusio
1195 2110 1248 2137 est
1275 2104 1318 2136 ad
1344 2103 1495 2136 fabulam
1522 2103 1608 2135 asini

876 2175 880 2179 -
900 2155 1036 2188 leonina
1051 2156 1140 2197 pelle
1156 2155 1309 2187 contecti
1326 2164 1382 2196 ap.
1399 2155 1513 2196 AEsop.

943 2208 985 2237 23
1008 2206 1070 2237 Sed
1077 2205 1225 2245 fulgente
1240 2205 1352 2246 trahit,
1368 2204 1441 2245 ξω]
1484 2205 1607 2246 Neque

902 2263 984 2286 vero
1007 2255 1197 2287 mirandum
1221 2255 1312 2297 quod
1337 2256 1446 2296 ignoti
1466 2265 1506 2286 ac
1529 2254 1608 2285 novi

902 2305 1054 2337 homiues
1071 2304 1275 2347 quandoque
1291 2304 1334 2336 ad
1351 2305 1537 2346 dignitates
1555 2314 1608 2336 as-

903 2355 1040 2396 pirent;
1063 2354 1231 2396 siquidem
1260 2354 1306 2395 hi,
1334 2354 1479 2395 perinde
1497 2364 1536 2385 ac
1552 2363 1609 2394 ge-

903 2404 1015 2435 nerosi
1045 2404 1257 2446 nobilesque,
1283 2404 1464 2435 trahuntur
1493 2403 1608 2442 splen-

905 2454 988 2485 dore
1018 2454 1159 2494 gloriae3
1185 2463 1260 2495 quae
1293 2462 1408 2484 omnes
1439 2452 1480 2482 ad
1512 2461 1607 2483 suum

907 2505 1014 2536 veluti
1031 2514 1166 2536 currum
1183 2503 1390 2535 constrictos
1407 2501 1508 2542 rapit.
1535 2502 1608 2534 Cic.

907 2552 1011 2585 Offic.
1029 2563 1054 2585 1.
1071 2554 1081 2570 ‘
1094 2553 1162 2583 Vix
1179 2552 1349 2583 invenitur
1366 2551 1421 2592 qui
1435 2551 1608 2584 laboribus

905 2603 1076 2643 susceptis
1116 2602 1346 2642 periculisque
1389 2601 1504 2643 aditis,
1540 2611 1608 2634 non

905 2653 1001 2694 quasi
1019 2652 1210 2683 mercedem
1229 2661 1339 2683 rerum
1358 2657 1529 2692 gestarum
1548 2652 1609 2684 de-

907 2703 1035 2734 sideret
1060 2701 1213 2742 gloriam.
1268 2701 1317 2733 At
1347 2701 1447 2733 fortis
1476 2702 1607 2733 animus

907 2757 942 2784 et
958 2762 1099 2794 magnus
1115 2751 1244 2783 duabus
1261 2751 1362 2783 rebus
1374 2751 1520 2783 maxime
1534 2761 1607 2783 cer-

907 2805 1011 2845 nitur,
1029 2812 1170 2846 quarum
1188 2812 1254 2834 una
1268 2802 1301 2834 in
1318 2812 1428 2834 rerum
1452 2807 1610 2834 externa-
