1904 3256
340 272 422 312 650

806 288 850 324 Q·
879 286 1082 316 noRA‘rn
1118 285 1287 316 ruAccr

561 375 747 416 Paterna
767 388 864 416 rura
882 378 1026 416 bubus
1046 380 1218 418 exercet
1237 378 1345 427 suis,

617 441 796 481 Solutus
818 441 933 480 omni
952 441 1145 492 foenore3

561 505 716 557 Neque
737 506 954 546 excitatur
973 506 1158 548 classico
1178 507 1305 548 miles
1326 509 1457 559 truci;
1729 515 1758 553 5

619 571 774 624 Neque
794 570 939 612 horret
959 572 1112 613 iratum
1131 586 1273 624 mare;
1473 569 1476 572 ¹

334 685 468 725 propriis
482 686 590 717 bobus.-
614 687 693 718 sicut
718 687 853 719 homines
876 687 1016 727 antiqui:
1037 697 1132 728 neque
1153 688 1278 721 bellator
1296 690 1451 722 excitatur
1472 691 1564 730 gravi
1579 700 1649 722 sono
1665 689 1756 728 tuboe,

930 769 1166 782 “noeeeeeeo

338 810 409 840 ticae
423 812 599 843 laudes.—3
623 812 722 843 Multi
738 811 834 843 codd.
858 817 893 843 et
917 812 994 844 edd.
1019 814 1119 845 bobus.
1151 813 1333 845 Lambinus
1349 813 1452 854 bubus,
1476 813 1563 854 quod
1590 813 1755 844 Prisciani

339 855 540 884 auctoritate
565 853 689 893 firmat,
707 854 761 893 qui
781 859 815 884 et
838 854 885 885 sic
909 855 1052 894 legerat.
1096 855 1182 886 Vide
1197 855 1239 886 ad
1255 856 1366 886 Carm.
1385 856 1470 886 Sero.
1488 865 1536 886 vs.
1550 858 1664 886 49.-5
1687 855 1756 886 Nec

340 893 496 925 excitatur
518 896 666 925 nonnulli
690 894 786 926 codd.
802 905 876 926 cum
893 896 968 926 edd.
986 897 1102 927 Zarot.
1117 898 1255 929 Venett.
1270 897 1410 928 Mediol.
1427 897 1585 927 Glarean.
1601 897 1757 927 'rorte-n.

339 934 457 966 Heius.
474 936 591 976 steph.
614 936 722 967 Bond.
744 936 913 968 Schrevel.
930 942 966 968 et
985 939 1106 978 Delph.
1124 939 1233 979 Neque
1255 939 1408 969 excitatur
1430 939 1527 969 Harl.
1546 941 1575 968 l.
1591 941 1622 968 2.
1639 941 1669 969 3.
1683 941 1716 969 4.
1729 941 1760 969 6.

339 984 453 1007 omues
468 978 587 1008 Blaud.
606 982 642 1008 et
662 978 780 1008 Lamb.
799 988 873 1009 cum
889 979 967 1009 edd.
985 980 1099 1011 Lamb.
1117 980 1218 1020 Cruq.
1234 980 1349 1011 Bentl.
1369 980 1619 1019 Baxt.>Bipont.
1633 979 1759 1010 Sanad.

339 1016 482 1058 Cuning.
499 1020 651 1058 Francis,
672 1020 819 1058 Towers,
841 1019 976 1051 Mitsch.
992 1021 1131 1052 wetzel.
1147 1020 1282 1052 Wakef.
1298 1021 1417 1052 Comb.
1431 1026 1466 1052 et
1481 1021 1584 1052 Kidd.
1619 1021 1690 1052 Non
1704 1030 1759 1051 ex-

337 1058 451 1090 citatur
474 1060 632 1091 Heinsius
656 1060 696 1091 ad
721 1061 893 1092 Claudian.
915 1061 1028 1094 Rufin.
1044 1072 1070 1093 1.
1091 1065 1231 1094 218.-—6
1253 1062 1319 1094 Nec
1342 1063 1444 1094 horret
1469 1062 1566 1094 codd.
1594 1062 1758 1101 Lambini,

975 1134 1119 1166 NOTAE

338 1193 445 1225 Alfius
469 1195 570 1226 vitam
592 1195 791 1227 rusticorum
808 1196 855 1226 ita
874 1196 1027 1235 laudans,

337 1247 376 1274 ut
388 1243 541 1274 videatur
547 1244 683 1284 jamjam
696 1244 828 1284 abjecto
839 1243 1026 1276 foenerandi

339 1291 448 1323 studio
474 1292 564 1323 illam
579 1293 812 1333 amplexui-us:
838 1293 894 1334 qui
911 1297 1023 1324 tamen

336 1340 379 1371 ad
401 1341 533 1372 solitam
551 1346 699 1382 quaestus
715 1351 825 1372 curam
842 1351 920 1373 mox
935 1342 1022 1373 abri-

337 1389 442 1428 pitur,
456 1394 491 1420 et
515 1390 556 1420 ad
581 1399 657 1420 suos
676 1399 784 1421 mores
802 1390 913 1422 redit:
939 1391 1021 1422 adeo

336 1437 426 1468 valet
441 1438 650 1468 consuetudo
667 1438 867 1470 inveterata.

380 1487 499 1518 Beatus
522 1488 584 1526 ille,
598 1488 649 1527 qui
670 1489 775 1527 procul
796 1488 936 1527 negotiis,
949 1489 1020 1530 Esca]

338 1536 506 1577 Pleraque
529 1538 621 1577 hujus
637 1538 729 1569 Odes
753 1539 873 1569 lumina
893 1542 1022 1570 mutua-

339 1589 392 1616 tus
409 1590 460 1616 est
477 1586 639 1617 Horatius
653 1596 671 1616 a
684 1587 824 1627 Virgilio
839 1587 964 1627 Georg.
980 1596 1022 1618 11.

338 1635 399 1664 sub
413 1634 525 1666 finem.
569 1635 654 1667 Quae
671 1645 749 1666 vero
764 1635 818 1666 hic
834 1635 907 1666 fuse
925 1642 1021 1668 extu-

337 1683 390 1720 lit,
406 1683 461 1714 ille
477 1683 593 1714 sedulo
610 1683 827 1723 perstrinxit:
847 1689 882 1715 et
893 1689 1023 1725 contra,

338 1741 412 1773 quae
428 1732 587 1772 Virgilius
607 1736 781 1764 contracte
797 1733 940 1774 dixerat,
953 1735 1023 1766 Ho-

338 1781 442 1812 ratius
465 1782 608 1812 dilatare
629 1786 666 1813 et
691 1783 862 1823 explicare
881 1785 1023 1815 curavit.

338 1831 460 1871 Virgil.
487 1831 612 1871 Georg.
639 1840 680 1862 11.
709 1834 784 1863 458.
813 1833 862 1863 sic
887 1833 1022 1864 rusticae

342 1880 422 1911 vitae
448 1880 565 1911 laudes
592 1881 806 1920 auspicatur:
834 1881 844 1897 ‘
860 1880 891 1911 Ο
916 1880 1022 1912 fortu-

341 1934 438 1961 natos
463 1929 611 1965 nimium,
637 1939 698 1960 sua
725 1931 752 1960 si
783 1930 872 1960 bona
898 1931 1023 1970 norint,

340 1978 538 2018 Agricolas!
565 1978 693 2011 Quibus
711 1978 793 2018 ipsa,
817 1979 933 2019 procul
954 1979 1023 2010 dis·

341 2026 496 2059 cordibus
510 2027 620 2066 armis,
635 2027 759 2059 Fundit
774 2027 872 2059 liumo
891 2027 1022 2060 facilem

338 2077 464 2108 victum
473 2077 658 2116 justissima
672 2076 793 2108 tellus?

382 2128 403 2157 2
430 2126 472 2156 Ut
483 2127 586 2166 prisca
598 2135 674 2165 gens
688 2127 876 2167 mortalium]
899 2126 1023 2158 Primis

339 2184 460 2215 nempe
483 2176 614 2206 saeculis
635 2174 751 2207 felices
773 2182 808 2207 et
824 2177 915 2208 aurei
937 2186 1025 2208 mor-

342 2225 426 2255 tales
441 2223 475 2254 in
489 2225 578 2264 agris
594 2225 773 2265 degebant,
790 2232 912 2256 terram
929 2235 1024 2257 exer-

341 2273 475 2312 cebant,
495 2274 706 2305 innocentem
732 2278 767 2305 et
791 2274 923 2306 beatam
947 2285 1026 2316 age-

340 2323 423 2354 bant
449 2324 561 2355 vitam.
601 2323 686 2354 Vide
711 2324 801 2354 Plin.
830 2324 888 2356 lib.
917 2333 1026 2357 xvru.

340 2372 414 2403 init.
438 2372 515 2402 Val.
541 2372 635 2404 Max.
655 2381 721 2403 vu.
746 2375 776 2404 1.
811 2373 1024 2413 VirgiLante

341 2421 400 2452 cit.
416 2430 465 2451 vs.
480 2423 554 2453 532.
575 2421 586 2438 ‘
603 2421 699 2452 Hauc
723 2421 801 2452 olim
822 2426 953 2453 veteres
977 2423 1023 2453 vi-

343 2475 410 2500 tam
429 2469 562 2501 coluere
584 2469 715 2508 Sabini;
738 2470 837 2501 Hanc
852 2471 974 2502 Remus
989 2476 1025 2502 et

340 2518 465 2549 frater:
487 2518 534 2549 sic
550 2517 646 2549 fortis
662 2519 795 2549 Etruria
807 2520 933 2550 crevit:
955 2519 1024 2551 Sci-

340 2568 422 2598 licet
442 2572 477 2599 et
499 2576 608 2598 rerum
624 2566 717 2598 facta
732 2572 784 2598 est
804 2568 1026 2608 pulcherrima

344 2617 460 2648 Roma.
473 2639 481 2647 .
494 2639 519 2648 ..
530 2616 661 2648 Aureus
684 2617 768 2648 lianc
793 2617 893 2648 vitam
909 2618 942 2648 in
959 2622 1025 2650 ter·

342 2665 388 2695 ris
400 2665 561 2696 Saturnus
577 2666 723 2706 agebat!

386 2716 405 2744 3
428 2714 566 2744 Paterna
587 2724 661 2745 rura
687 2715 780 2746 bubus
805 2718 924 2747 exercet
944 2716 1024 2756 suis]

343 2762 420 2794 Non
446 2761 594 2802 ingentia
614 2763 743 2802 praedia
765 2764 870 2795 usuris
893 2773 1024 2805 compa·

1076 1200 1164 1235 rata,
1187 1195 1246 1227 sed
1274 1195 1405 1227 modica
1430 1206 1450 1227 a
1478 1195 1673 1236 parentibus
1696 1195 1759 1227 sibi

1075 1247 1205 1278 relicta.
1230 1256 1256 1278 1.
1267 1246 1335 1279 Od.
1344 1250 1373 1278 1.
1384 1246 1395 1264 ‘
1407 1246 1620 1278 Gaudentem
1633 1246 1758 1286 patrios

1074 1296 1203 1328 findere
1220 1297 1349 1328 sarculo
1364 1295 1497 1336 Agros)
1524 1295 1612 1327 Vide
1624 1295 1695 1326 Liv.
1705 1303 1760 1326 nr.

1074 1348 1127 1376 26.
1156 1345 1213 1376 ubi
1241 1349 1250 1363 ‘
1268 1346 1307 1376 L.
1333 1345 1511 1377 Quinctius
1539 1344 1759 1375 Cincinnatus

1074 1402 1151 1433 spes
1166 1393 1266 1424 unica
1288 1393 1426 1433 Imperii
1450 1393 1537 1433 Pop.
1560 1393 1656 1423 Rom.
1678 1402 1758 1433 qua-

1074 1446 1151 1472 tuor
1168 1442 1324 1482 jugerum
1347 1443 1459 1473 colens
1483 1451 1611 1482 agrum,
1625 1451 1644 1472 a
1664 1438 1765 1481 lega-⁷

1074 1491 1117 1521 tis
1128 1491 1137 1504 ’
1153 1490 1194 1521 ad
1208 1491 1421 1522 Dictaturam
1437 1495 1589 1530 vocatur,
1603 1490 1756 1521 iuventus

1073 1540 1082 1558 ‘
1100 1549 1158 1570 seu
1172 1539 1294 1571 fossam
1309 1538 1454 1579 fodiens,
1474 1539 1598 1579 bipalio
1614 1539 1760 1577 iunixus,

1075 1599 1132 1620 seu
1150 1598 1225 1620 cum
1239 1594 1373 1627 araret;
1389 1588 1483 1629 operi
1500 1593 1608 1628 certe,
1621 1588 1655 1619 id
1671 1588 1758 1630 quod

1075 1641 1219 1679 constat,
1232 1639 1355 1678 agresti
1371 1638 1544 1670 intentus.’

1116 1689 1136 1718 4
1159 1687 1286 1718 Solutus
1300 1687 1524 1727 omnisoenore]
1545 1687 1612 1720 Qui
1634 1696 1758 1728 nequa-

1075 1745 1172 1776 quam
1196 1735 1315 1768 foenori
1337 1746 1473 1777 operam
1488 1736 1583 1767 dedit
1605 1745 1762 1776 uuquam,

1075 1794 1139 1816 nec
1154 1784 1234 1815 dare
1251 1786 1350 1817 velit:
1375 1785 1523 1816 avaritiae
1545 1789 1581 1816 et
1595 1785 1759 1825 cupidita-

1075 1834 1119 1864 tis
1135 1833 1210 1864 labe
1233 1835 1323 1865 nulla
1337 1843 1503 1874 aspersus.
1545 1833 1665 1864 Foenus
1687 1834 1758 1862 sive

1074 1890 1204 1912 usuram
1222 1882 1398 1922 prohibent
1409 1883 1500 1922 leges
1513 1881 1636 1912 divinae
1650 1885 1686 1912 et
1701 1881 1758 1911 liu-

1073 1937 1189 1961 manae.
1220 1931 1406 1961 Deuteron.
1420 1940 1495 1970 cap.
1509 1933 1564 1962 23.
1581 1934 1589 1948 ¹
1605 1930 1683 1962 Non
1698 1929 1759 1962 f*

1072 1978 1204 2009 nerabis
1230 1977 1326 2009 fratri
1351 1984 1408 2010 tuo
1431 1979 1474 2010 ad
1497 1988 1631 2010 usuram
1657 1988 1761 2020 pecu-

1073 2027 1174 2064 niam,
1183 2036 1246 2058 nec
1259 2026 1386 2068 fruges,
1395 2037 1457 2059 nec
1470 2027 1654 2069 quamlibet
1662 2027 1759 2060 aliam

1075 2075 1170 2106 rem.’
1206 2076 1311 2107 Cato:
1334 2081 1343 2094 ¹
1356 2077 1503 2117 Majores
1519 2076 1625 2108 nostri
1639 2077 1687 2108 sic
1703 2077 1759 2107 ba-

1072 2124 1227 2162 buerunt,
1242 2130 1278 2156 et
1293 2126 1326 2156 in
1341 2126 1468 2166 legibus
1484 2131 1667 2167 posuerunt
1682 2138 1690 2156 :
1710 2126 1761 2158 fu-

1074 2183 1143 2205 rem
1165 2173 1262 2214 dupli
1283 2175 1509 2216 condemnari,
1526 2174 1759 2208 foeneratorem

1075 2221 1251 2263 quadrupli
1264 2233 1273 2253 :
1289 2228 1414 2264 quanto
1429 2224 1579 2264 pejorem
1591 2223 1759 2255 existima-

1076 2276 1196 2303 verunt
1228 2271 1466 2303 foeneratorem
1501 2281 1597 2313 quam
1626 2271 1759 2304 furem.'

1076 2321 1148 2353 Cic.
1173 2320 1272 2353 Offic.
1300 2330 1324 2352 1.
1348 2330 1382 2352 n.
1399 2325 1470 2352 150.
1498 2322 1517 2351 ‘.
1528 2321 1676 2352 Primum
1698 2322 1760 2352 im-

1076 2373 1260 2413 probantur
1287 2372 1322 2403 hi
1350 2377 1508 2412 quaestus,
1535 2373 1592 2412 qui
1622 2373 1655 2403 in
1683 2372 1760 2404 odia

1075 2422 1240 2452 hominum
1256 2421 1441 2459 incurrunt,
1456 2425 1494 2452 ut
1511 2421 1708 2460 portitorum
1725 2428 1759 2453 et

1077 2470 1335 2502 foeneratorum-⁷
1372 2471 1458 2501 Vide
1475 2469 1573 2502 Alex.
1596 2471 1638 2502 ab
1659 2470 1756 2502 Alex.

1078 2528 1103 2550 1.
1117 2522 1136 2550 '1
1140 2540 1148 2549 .
1163 2522 1227 2550 &c-

1120 2573 1137 2599 6
1171 2569 1277 2608 Neque
1311 2568 1465 2599 excitatur
1498 2569 1622 2599 classico
1655 2569 1757 2610 miles]

1078 2618 1210 2649 Dormit
1243 2625 1392 2647 somnum
1417 2621 1572 2656 pacatum
1595 2621 1630 2648 et
1658 2618 1760 2658 placi-

1077 2667 1155 2698 dum
1169 2677 1178 2704 ;
1201 2675 1277 2705 nec,
1293 2671 1330 2697 ut
1346 2666 1452 2705 miles,
1468 2666 1558 2697 tubae
1580 2666 1690 2698 sonitu
1705 2675 1760 2698 ex·

1077 2715 1213 2747 citatur.

1122 2765 1228 2805 Truci]
1251 2764 1417 2807 Quicquid
1439 2764 1481 2796 ad
1507 2774 1599 2798 arma
1621 2764 1759 2797 bellum-
