1890 3256
333 253 416 294 976
795 268 839 304 Q.
871 266 1074 296 noRA'ru
1109 265 1277 296 fuscet
1317 293 1319 296 Α

333 355 533 397 Destinet
551 369 747 407 uxorem;
778 356 1002 396 interdicto
1023 355 1124 396 huic
1144 367 1270 395 omne
1291 355 1454 397 adimat
1474 357 1551 410 jus
1585 390 1589 396 Α

334 421 516 469 Praetor,
535 425 576 461 et
593 421 649 461 ad
669 432 800 460 sanos
820 419 949 458 abeat
970 419 1099 459 tutela
1118 420 1393 474 propinquos.

334 486 481 536 Quid?
511 487 548 526 si
570 486 667 538 quis
688 488 861 536 gnatam
883 496 962 536 pro
982 488 1104 525 muta
1123 485 1308 526 devovet
1327 498 1449 538 agna,

334 551 502 603 Integer
521 554 588 590 est
607 549 766 588 animi'l
798 560 850 587 ne
870 548 1044 589 dixeris.
1103 549 1231 602 Ergo,
1250 551 1325 590 ubi
1346 564 1481 603 prava

333 616 540 662 Stultitia,
560 614 629 653 hic
650 618 719 653 est
739 625 909 654 summa
928 614 1121 656 insania:
1151 615 1225 668 qui
1245 616 1501 665 sceleratus,

1661 514 1745 596 220

326 737 429 776 jugem
444 738 516 767 dare
530 737 604 767 velit
619 746 630 773 ‚·
652 737 708 767 isti
722 737 848 767 Praetor
861 738 960 768 edicto
974 748 1090 769 omnem
1103 739 1225 777 auferat
1238 723 1439 778 potestatem·
1458 749 1588 780 curaque
1600 739 1643 771 sit
1655 749 1746 779 penes

327 781 469 817 cognatos
490 778 654 817 sapientes.
708 779 791 813 Quid
812 779 841 809 si
863 780 976 819 uliquis
994 780 1096 820 filiam
1121 781 1183 811 loco
1207 790 1296 819 αμα
1322 785 1414 812 muta
1437 782 1552 812 addicit
1572 782 1684 813 nwrti?
1703 791 1744 812 aa

326 823 425 850 mente
438 823 576 851 constat?
619 820 820 859 Nequaquam
839 821 991 861 affirmes.-
1012 821 1113 862 itaque
1134 822 1185 852 ubi
1207 825 1252 853 est
1274 822 1378 862 iniqua
1391 823 1542 862 fatuitas,
1560 824 1603 854 ihi
1627 832 1744 854 eumne

922 923 1156 936 OOmWNO

326 999 403 1026 sunt
418 994 630 1025 febriculosae
645 995 861 1034 conjecturae,
876 1004 947 1035 qua>
965 1004 1025 1035 per
1041 1004 1139 1026 vanas
1154 996 1315 1036 imagines
1330 996 1522 1027 auctoribus
1545 997 1611 1027 suis
1627 997 1743 1029 illude-

328 1037 420 1067 bant.
464 1037 581 1066 Pusam
595 1039 654 1066 out
675 1036 815 1075 pusillum
841 1036 1006 1075 Cruquius
1031 1037 1136 1072 dedit,
1159 1038 1279 1076 Pupam
1303 1041 1356 1068 aut
1375 1038 1523 1077 pupillam
1541 1037 1743 1078 Lambinns3

326 1078 442 1108 Putam
467 1081 520 1108 aut
541 1077 683 1117 pistillum
697 1077 869 1116 Scaliger;
892 1078 1013 1117 Pupam
1026 1081 1079 1108 aue
1098 1078 1266 1109 Pusinnam
1281 1078 1358 1110 Nic.
1375 1078 1550 1109 Heinsius:
1575 1088 1649 1119 quae
1675 1089 1742 1110 om-

326 1119 382 1150 nia
407 1128 482 1149 eum
508 1118 640 1149 nomina
666 1118 731 1149 sint
754 1118 957 1158 appellativa
978 1123 1014 1149 et
1040 1119 1264 1159 ὑποκοριστικὰ,
1285 1119 1417 1150 minime
1433 1119 1484 1150 hic
1500 1120 1606 1150 locum
1621 1119 1743 1151 habere

325 1165 476 1200 possunt.
521 1159 639 1192 Quivis
653 1159 742 1190 enim
757 1159 827 1190 siue
845 1160 909 1190 ulla
925 1159 1102 1191 dementias
1117 1161 1306 1200 suspicione
1322 1161 1375 1191 vel
1391 1169 1509 1200 agnam
1525 1161 1576 1192 vel
1589 1161 1743 1192 catellam

326 1202 380 1232 vel
396 1201 541 1232 dorcada
555 1202 609 1232 vel
624 1201 730 1232 simile
746 1200 834 1231 aliud
851 1201 1007 1232 delicium
1020 1201 1090 1232 istis
1105 1202 1274 1233 vocabulis
1291 1202 1461 1242 appellare
1477 1202 1612 1242 poterit.
1659 1203 1743 1234 Pru-

327 1243 461 1274 dentius
478 1248 570 1274 certe
594 1242 643 1273 illi
667 1241 806 1279 faciunt,
820 1243 874 1283 qui
891 1243 1006 1280 Rufum
1019 1247 1074 1274 aut
1093 1243 1237 1284 Rufillam
1251 1243 1386 1283 legunt3
1409 1244 1481 1283 ipsa
1507 1244 1658 1274 nimirum
1672 1252 1745 1275 seu-

325 1285 433 1315 tentia
447 1283 620 1324 flagitante
635 1293 701 1315 non
715 1283 833 1316 blanda
850 1284 950 1314 verba
967 1289 1002 1315 et
1017 1284 1240 1325 ὑποκοριστικὰ,
1254 1285 1311 1315 sed
1330 1293 1409 1315 vera
1423 1284 1633 1316 foeminarum
1644 1286 1746 1316 nomi-

326 1334 390 1356 na:
414 1326 510 1366 quale
533 1326 634 1366 siquis
663 1334 755 1364 agnae
781 1325 943 1364 imponat,
973 1325 1141 1356 foeminam
1164 1335 1236 1356 eam
1260 1335 1331 1356 esse
1354 1326 1508 1365 credens,
1532 1335 1656 1367 proque
1678 1325 1745 1358 filia

327 1371 466 1405 nuptum
486 1367 636 1403 daturus,
659 1366 686 1396 is
703 1367 775 1397 sine
791 1365 892 1396 dubio
907 1366 948 1396 ad
964 1372 1100 1403 agnatos
1117 1372 1151 1397 et
1168 1367 1309 1406 gentiles
1325 1367 1389 1396 erit
1406 1367 1633 1398 deducendus.
1675 1367 1742 1398 Sed

327 1407 406 1447 quid
429 1417 510 1447 opus
534 1407 684 1448 Rufillam
703 1408 771 1445 hic,
792 1407 905 1437 invitis
929 1408 1115 1442 codicibus,
1139 1408 1324 1447 reponere?
1362 1408 1455 1438 -Vera
1470 1409 1537 1439 sola
1553 1412 1588 1438 et
1603 1408 1745 1447 genuina

324 1448 425 1479 lectio
441 1453 505 1483 est,
522 1457 617 1488 quam
634 1447 697 1488 ipsi
713 1447 952 1487 suppeditant:
977 1448 1093 1486 Rufum
1107 1452 1159 1479 aut
1178 1449 1326 1479 Posiltam
1341 1450 1482 1488 appellet.
1525 1449 1592 1489 Ita,
1607 1454 1644 1480 ut
1660 1449 1742 1488 dixi,

327 1489 434 1520 codex
449 1490 645 1520 veterrimus
660 1489 877 1526 Blandinius3
903 1488 960 1518 sed
977 1490 1093 1519 eodem
1110 1489 1210 1527 redit,
1235 1489 1321 1528 quod
1339 1490 1371 1519 iu
1390 1490 1510 1521 ceteris
1534 1489 1624 1520 libris
1639 1495 1745 1530 extat,

326 1530 500 1561 Pusillam!
523 1530 636 1561 Bentl.
679 1529 797 1567 Rufum
820 1533 851 1560 et
868 1529 1012 1570 Rufillam
1034 1531 1136 1560 Baxt.
1161 1530 1265 1561 Gesn.
1282 1530 1386 1561 Zeun.
1400 1531 1541 1562 Wetzel.
1555 1537 1591 1562 et
1607 1531 1744 1572 Bipout.

326 1571 515 1602 Bentleium
538 1571 646 1602 secuti
671 1569 852 1609 Heindorf,
866 1570 1000 1602 Wakef.
1019 1576 1054 1602 et
1078 1571 1286 1602 Rima—219
1307 1573 1317 1588 ⁶
1333 1572 1508 1603 Bentleius
1530 1573 1641 1603 nescio
1664 1582 1742 1612 quo-

327 1612 427 1642 modo
441 1621 574 1651 semper
595 1615 685 1642 amat
706 1612 734 1642 si
753 1611 818 1651 qui,
841 1612 911 1641 sive
934 1612 978 1642 sit
1007 1611 1039 1641 iu
1060 1612 1215 1651 Scriptis,
1234 1613 1303 1642 sive
1326 1621 1402 1644 non.
1443 1614 1570 1643 Verum
1584 1613 1646 1644 hoc
1662 1613 1745 1644 fecit

327 1659 419 1684 metu
441 1653 539 1689 sibili,
562 1653 611 1683 uti
634 1653 756 1692 saepius
783 1653 857 1692 jam
878 1652 973 1683 nobis
995 1652 1122 1683 dictum
1146 1653 1219 1683 eit!
1243 1653 1449 1684 Basa-220
1472 1655 1481 1670 ‘
1500 1655 1575 1685 Duo
1597 1653 1744 1693 codices,

327 1695 381 1725 ubi.
401 1705 504 1734 parva.
547 1695 621 1726 Nec
636 1694 789 1725 fortassis
804 1693 997 1733 displicebit
1011 1694 1174 1733 cogitanti
1196 1695 1381 1725 Stoicorum
1404 1695 1507 1735 illam,
1530 1701 1566 1726 ut
1589 1701 1744 1735 peccato-

327 1746 414 1776 rum,
437 1737 483 1766 sic
506 1737 658 1767 stultitiae
681 1735 920 1775 aequalitatem,
941 1744 1014 1766 cum
1039 1735 1118 1766 illud
1144 1736 1215 1775 plus
1237 1737 1407 1776 minusque
1431 1745 1494 1766 non
1517 1735 1743 1768 admitterent.

328 1778 403 1808 Nec
417 1777 587 1817 illepidum
603 1776 814 1817 ἆντιστροφὸν,
829 1780 866 1807 ut
880 1785 981 1815 parva
996 1777 1136 1807 stultitia
1153 1786 1278 1807 summa
1301 1777 1342 1808 sit
1365 1777 1501 1808 insania.
1543 1777 1665 1808 Parum
1688 1787 1745 1808 au-

329 1822 397 1848 tem
414 1818 517 1848 refert
540 1824 615 1850 utro
638 1819 735 1849 modo
756 1819 859 1856 legas,
881 1818 929 1847 hic
942 1826 1059 1848 summa
1072 1821 1128 1852 est,
1151 1827 1205 1856 an,
1225 1819 1273 1848 hic
1288 1822 1331 1848 est
1357 1827 1471 1848 summa
1495 1818 1624 1850 insania.
1667 1819 1743 1849 Ser-

331 1860 419 1890 moni
436 1859 524 1890 enim
539 1860 602 1890 hoc
619 1865 824 1900 postremum
841 1859 979 1888 similius
995 1864 1068 1888 est:
1094 1859 1180 1897 qnod
1201 1860 1287 1888 ultro
1303 1857 1439 1889 affectat
1455 1858 1594 1889 Flaccus
1608 1869 1616 1889 :
1642 1865 1742 1899 atque

328 1901 375 1931 ita
398 1901 430 1930 in
453 1901 587 1940 optimoe
611 1906 698 1931 notae
727 1900 818 1929 libris
846 1899 967 1935 legitur
993 1908 1179 1938 quanquam
1212 1899 1373 1929 Lambino
1395 1899 1572 1939 displicet!
1603 1900 1743 1931 Torreat.

330 1942 426 1972 Harl.
437 1944 468 1972 4.
493 1941 545 1971 ubi
558 1951 664 1981 parva.
698 1939 853 1971 Waddel.
867 1941 955 1978 Ergo
969 1939 1012 1969 ibi
1032 1949 1127 1979 parva
1149 1943 1194 1970 est
1213 1940 1471 1971 stultiam—221
1494 1941 1503 1958 ‘
1519 1940 1649 1980 Optimi
1666 1942 1745 1972 Tor-

328 1983 428 2014 rentii
445 1983 578 2014 codices
595 1992 668 2013 cum
683 1981 836 2021 Vulgatis
853 1981 1002 2020 legerunt
1018 1991 1026 2011 ε
1049 1981 1098 2011 hic
1110 1985 1153 2011 est
1170 1991 1286 2012 autumn
1299 1982 1419 2012 insania
1436 1991 1496 2021 pro
1508 1982 1558 2012 hic
1571 1992 1686 2014 summa
1699 1986 1745 2014 est

329 2025 458 2055 insania.
501 2024 589 2055 lllud
613 2023 777 2064 posterius
800 2022 927 2063 placuit
947 2021 1129 2053 Bentleio!
1149 2022 1249 2054 Baxt.
1282 2022 1347 2053 hoec
1361 2032 1476 2054 summa
1489 2027 1534 2054 est
1546 2023 1744 2055 Waddel.—-

971 2125 1108 2157 NOTAE

327 2190 483 2230 pusillam]
506 2190 614 2221 Pusus
629 2195 664 2221 et
680 2199 774 2230 pusa,
789 2188 876 2220 unde
891 2187 1012 2228 pusilla

333 2244 368 2270 et
394 2238 500 2278 pusio,
512 2238 602 2268 idem
620 2238 811 2278 significant
826 2237 912 2277 quod
929 2245 1012 2277 puer

333 2292 367 2318 et
390 2288 522 2328 puella:
544 2287 651 2318 Varro
675 2286 717 2317 de
736 2286 831 2325 Ling.
857 2285 933 2316 Lat.
955 2285 1012 2316 lib.

333 2344 384 2366 vr.
407 2336 476 2367 Alii
489 2336 615 2375 legunt,
631 2335 749 2375 Pupam
763 2338 793 2365 et
805 2335 962 2374 pupillam.

376 2387 437 2416 21⁷
461 2385 629 2416 Inter-dicto
644 2385 714 2417 huic
730 2393 816 2415 omne
831 2385 944 2414 adimat
955 2385 1014 2422 jus

333 2434 471 2474 Protor]
497 2433 586 2465 Huic
606 2434 728 2465 homini
747 2438 905 2473 tanquam
926 2434 1012 2464 male

334 2492 414 2515 sano
428 2483 561 2514 Praetor
574 2482 755 2514 interdicat
767 2482 854 2513 omni
866 2482 942 2522 jure
957 2482 1015 2512 ad-

333 2531 542 2563 ministrandi
557 2531 644 2562 bona
659 2540 728 2561 sua.

375 2582 438 2610 218
466 2579 566 2610 Abeat
588 2578 698 2618 tutela]
734 2579 902 2610 Bonorum
926 2577 1015 2609 illius

333 2627 574 2659 administratio
592 2638 659 2659 seu
689 2627 879 2670 procuratio
907 2632 1014 2658 trans-

333 2675 460 2706 feratur
488 2680 523 2707 et
551 2677 780 2708 committatur
809 2676 1013 2716 propinquis.

336 2725 407 2755 Lex
433 2733 499 2755 xu.
526 2726 607 2756 Tab.
645 2726 693 2756 ita
727 2724 919 2756 statuebat:
955 2724 1011 2755 ‘Si

1063 2185 1204 2217 furiosus
1215 2187 1340 2226 existit,
1351 2191 1544 2226 agnatorum
1556 2189 1744 2227 gentilium-

1064 2246 1129 2277 que
1149 2237 1183 2266 in
1208 2246 1249 2268 eo
1271 2238 1478 2278 pecuniaque
1499 2238 1570 2278 ejus
1592 2244 1741 2278 potestas

1064 2284 1158 2316 esto!

1105 2336 1167 2365 219
1184 2334 1268 2370 Quid
1276 2331 1291 2365 C?
1305 2334 1332 2364 si
1342 2334 1410 2374 quis
1418 2338 1558 2374 gnatam
1567 2335 1635 2375 ξω]
1651 2335 1741 2368 Quid

1063 2392 1146 2426 ergo
1157 2382 1382 2423 Agamemnon
1405 2383 1502 2414 morti
1525 2383 1685 2415 addicens
1703 2384 1742 2415 fi-

1063 2432 1154 2470 liam,
1169 2435 1202 2463 et
1224 2432 1286 2462 aris
1308 2431 1488 2471 devovens,
1509 2441 1586 2463 num
1610 2432 1742 2473 integra

1063 2486 1175 2512 niente
1191 2481 1265 2511 est?

1105 2531 1165 2561 221
1186 2530 1248 2564 Qui
1265 2530 1439 2569 sceleratus,
1456 2530 1499 2560 Et
1511 2529 1652 2566 furiosus
1666 2530 1744 2570 erit]

1065 2578 1142 2609 Non
1158 2578 1284 2608 abludit
1300 2578 1390 2618 quod
1413 2578 1534 2617 legitur
1555 2577 1644 2618 apud
1659 2578 1741 2610 lui.

1064 2635 1139 2665 cap.
1153 2634 1270 2657 xxxv.
1286 2628 1294 2643 ‘
1312 2627 1376 2658 Via
1388 2631 1504 2659 sancta
1519 2627 1692 2659 vocabitur
1705 2631 1742 2659 et

1064 2674 1204 2716 directa,
1219 2676 1266 2707 ita
1286 2679 1323 2707 ut
1346 2675 1441 2708 stulti
1462 2685 1528 2708 non
1547 2680 1660 2708 errent
1680 2684 1742 2717 por

1058 2723 1158 2755 eam?
