1930 3242
606 325 884 357 SERMONUM
922 326 1014 356 mn.
1048 326 1078 354 1.
1107 315 1149 355 6.
1503 313 1588 354 869

141 421 317 462 Deinde
333 432 388 461 eo
403 419 644 467 dormitum,
665 432 754 460 non
774 419 990 466 solicitus,
1011 418 1118 458 mihi
1139 416 1256 471 quod
1280 429 1379 458 cras

142 487 412 540 Surgendum
431 485 491 526 sit
509 498 638 526 mane
656 499 668 535 3
698 485 929 526 obeundus
951 484 1149 536 Marsya,
1171 484 1247 537 qui
1269 496 1316 524 se

141 553 329 594 Vultum
346 553 458 593 ferre
477 555 608 604 negat
630 551 879 592 Noviorum
900 563 1031 605 posse
1049 550 1245 592 minoris.

141 617 215 660 Ad
234 622 432 674 quartam
444 618 578 673 jaceo
595 631 606 669 ;
637 622 744 671 post
763 619 874 660 hanc
895 629 1057 670 vagor-3
1087 619 1164 657 aut
1183 629 1278 670 ego,
1299 617 1418 660 lecto

141 685 234 728 Aut
251 685 416 739 scripto
436 684 554 738 quod
573 697 644 725 me
666 686 848 726 tacitum
862 683 1005 738 juvet,
1023 696 1164 736 ungor
1183 683 1320 734 olivo,

142 751 250 794 Non
269 763 359 805 quo
375 750 590 792 fraudatis
609 750 862 792 immundus
885 749 1044 791 Nacca
1062 749 1273 791 lucernis.

1504 482 1589 524 120

135 883 259 922 patera,
270 882 409 923 supellex
422 892 439 914 e
455 882 639 923 Campania.
684 881 802 912 Postea
818 880 895 911 vado
909 878 1058 915 cubitum,
1074 879 1201 911 minime
1214 880 1330 912 anxius
1344 881 1424 920 quod
1443 880 1495 912 die
1508 889 1590 912 cras-

138 923 207 955 tina
220 926 409 965 surgendum
423 925 466 956 sit
480 925 625 965 diluculo,
639 923 841 963 visendusque
854 922 1008 962 Marsyas,
1022 922 1074 962 qui
1088 923 1199 954 asserit
1215 922 1439 954 intolerabilem
1452 922 1513 954 sibi
1528 931 1591 954 csse

135 970 328 1006 conspectam
341 967 479 1007 junioris
492 967 676 998 Noviorum.
720 964 877 996 Decumbo
892 974 986 1004 usque
1001 966 1040 995 ad
1054 964 1161 996 horam
1177 966 1337 997 decimam.
1374 965 1500 996 Deinde
1519 974 1590 1004 pro-

137 1008 195 1040 deo
209 1008 300 1045 foras
309 1020 323 1047 ;
345 1010 394 1042 cel
408 1010 512 1042 lectito
526 1012 581 1041 aut
594 1008 737 1049 scriptito
752 1007 830 1048 quod
844 1007 988 1038 silentem
1000 1016 1046 1038 me
1059 1010 1188 1038 recreet.
1239 1008 1348 1048 Ungor
1360 1008 1435 1044 oleo,
1456 1017 1517 1038 non
1533 1016 1591 1048 quo

741 1100 984 1114 Nemeu‘eo

139 1165 326 1199 Heindorf.
350 1170 388 1199 et
411 1167 627 1198 Indue-124
652 1167 741 1199 Naca
768 1166 885 1198 Aldus.
930 1166 1038 1197 Naccu
1069 1165 1166 1197 Harl.
1185 1168 1217 1197 2.
1244 1171 1279 1198 et
1310 1166 1432 1206 probat
1452 1165 1591 1197 Marcu.

140 1207 244 1239 Natta
255 1218 370 1240 ornnes
386 1209 486 1240 codd.
503 1209 658 1250 emmiu,
671 1209 768 1240 Harl.
783 1211 813 1239 3.
830 1211 862 1239 7.
877 1208 1040 1240 Glarean.
1052 1208 1169 1239 Lamb·
1184 1209 1289 1250 Crnq.
1306 1209 1462 1240 Torrent.
1475 1208 1591 1240 Bentl.

139 1250 286 1291 Cuning.
301 1250 427 1283 sannd.
439 1251 614 1283 Sclirevel.
631 1253 672 1283 R.
688 1250 806 1292 Steph.
826 1251 992 1289 Dnnster,
1010 1251 1163 1288 Francis,
1179 1251 1323 1282 Wetzel.
1336 1250 1468 1282 Wakef.
1482 1250 1590 1281 Hein-

138 1291 229 1332 dorf,
244 1298 280 1324 et
295 1293 400 1325 Kidd.
436 1297 533 1325 nauta
559 1294 644 1325 Exc.
663 1293 743 1325 Sax.
778 1294 883 1324 Nacta
907 1291 1008 1324 Harl.
1022 1295 1054 1324 4.
1070 1295 1103 1324 6.
1126 1293 1244 1324 Zarot·
1266 1299 1302 1324 et
1327 1293 1408 1324 Vet.
1425 1293 1589 1324 Coum.—

791 1378 932 1410 NOTAE

136 1439 228 1472 uliud
243 1441 496 1472 condimentum
522 1441 698 1482 quodlibet
719 1441 730 1458 ‘
747 1441 831 1482 pati-

135 1489 188 1521 nis
210 1490 446 1529 irrorandum‚'
461 1495 500 1522 ut
519 1491 669 1532 loquitur
691 1491 831 1522 Persius

132 1539 248 1572 Satira
261 1549 315 1572 v!-
351 1541 456 1572 Suum
472 1551 553 1572 vero
577 1542 622 1572 sit
642 1541 831 1583 cuiqueju-

133 1589 272 1632 dicium,
286 1600 349 1631 ego
372 1591 482 1622 dicam
501 1592 588 1632 quod
607 1592 736 1623 sentio:
763 1602 832 1623 mo·

131 1643 191 1671 vet
205 1649 261 1671 me
276 1641 364 1681 qnod
382 1640 628 1681 Poetajungat
642 1651 710 1672 cum
720 1645 833 1681 palera

129 1691 274 1728 guum:
288 1690 407 1731 sicque
423 1690 741 1722 videaturimlicare
757 1696 831 1730 gut·

133 1742 204 1770 tum
228 1738 366 1777 libando
383 1740 460 1771 vino
475 1739 695 1772 destinatum.
740 1741 832 1774 Quo-

132 1786 226 1820 circa
238 1789 350 1820 malim
372 1789 513 1821 echinum
536 1799 640 1830 supra
665 1791 832 1830 interpre-

131 1837 199 1870 uri
214 1839 370 1878 salinum,
397 1844 456 1871 anit
480 1849 538 1870 vas
561 1839 652 1871 aliud
676 1840 832 1881 quodvis,

131 1886 235 1925 ctiam
252 1888 460 1928 malluvium,
483 1890 511 1920 si
533 1889 649 1921 lubet:
675 1894 710 1921 at
721 1894 834 1929 guttas

130 1945 346 1979 nequaqnam
356 1938 401 1970 sit
411 1939 556 1979 aqualis,
568 1949 626 1971 seu
638 1949 696 1970 vas
710 1950 830 1981 aquam

133 1986 308 2019 abluendis
324 1989 479 2020 manibus
495 1987 682 2020 affundens.

177 2035 335 2076 Cot-pana
355 2039 507 2079 supellex]
532 2039 606 2070 Ista
629 2048 729 2079 porro
752 2048 831 2070 vasa

133 2081 253 2116 fictilia
266 2090 359 2124 nunt,
375 2096 418 2118 ex
435 2087 476 2118 iis
503 2097 578 2128 quae
593 2088 627 2118 in
644 2088 829 2128 Campania

133 2133 220 2166 fiunt
234 2145 276 2166 ex
293 2135 426 2175 argilla.

175 2186 239 2216 120
262 2184 430 2216 Obeundus
443 2185 592 2227 Marsya]
613 2186 692 2217 Sive
714 2185 756 2218 ad
773 2196 829 2218 va-

132 2232 330 2274 dimonium,
353 2244 414 2266 nec
441 2236 531 2267 enim
562 2236 698 2277 litigare
722 2246 828 2276 aveo;

129 2282 203 2314 sive
224 2283 269 2315 ad
294 2285 493 2316 sumendam
521 2295 541 2316 a
567 2284 829 2318 foeneratoribus

129 2333 321 2374 pecuniam,
335 2339 395 2366 aut
406 2334 582 2366 solvendas
595 2345 734 2367 usuras:
752 2346 828 2367 nani

129 2381 174 2415 ab
184 2381 234 2415 bin
244 2383 421 2416 abhorreo.
464 2383 504 2415 In
522 2385 629 2425 prima
645 2383 711 2416 fori
730 2392 827 2425 parte

130 2436 206 2463 crat
230 2441 292 2472 pro
310 2433 430 2464 rostris
452 2433 600 2474 Marsyae
627 2439 753 2470 statua,
783 2434 826 2466 ad

129 2480 339 2523 litigatorum
350 2487 515 2514 terrorem
527 2484 655 2524 posita:
673 2484 715 2514 ad
727 2494 826 2524 quam

131 2529 320 2562 vadimonia
334 2532 559 2564 sistebantur:
577 2533 827 2565 conveniebant

130 2578 232 2610 etiam
247 2580 421 2621 causidici,
435 2582 558 2624 aliique
582 2584 719 2623 negotia
736 2589 826 2615 trac-

131 2633 243 2662 tantos
263 2634 301 2662 et
317 2639 579 2672 componentes:
604 2643 737 2666 necnon
762 2634 826 2666 ibi·

131 2679 210 2710 dem
240 2679 407 2712 sedebant
431 2679 665 2719 foeneratoreS.
716 2686 825 2716 Porro

131 2729 304 2769 Marsyam
319 2734 444 2762 norunt
456 2740 570 2764 omncs
591 2732 696 2767 fuisse
715 2735 824 2776 Phry-

131 2778 225 2818 gium
247 2777 441 2818 tibicinem5
463 2789 563 2821 quem
586 2783 628 2815 ab
650 2784 824 2825 Apolline,

131 2827 220 2869 quod
249 2832 378 2859 temere
404 2837 479 2860 cum
509 2838 550 2861 eo
578 2833 827 2875 contendisset,

885 1440 1100 1471 excoriatum
1117 1438 1324 1470 fabulantur.
1358 1440 1521 1480 Satyrum
1536 1438 1589 1470 fu-

884 1490 949 1521 isse
973 1490 1092 1521 scribit
1114 1490 1274 1530 Ovidius,
1287 1491 1375 1522 Met.
1394 1499 1443 1522 vr.
1459 1490 1541 1522 Fab.
1558 1494 1589 1522 5.

883 1540 974 1573 Vide
993 1541 1077 1571 Coel.
1096 1541 1239 1581 Rhodig.
1256 1550 1391 1572 xxviii.
1409 1544 1460 1573 12.

931 1591 996 1626 Qui
1009 1600 1040 1621 se
1060 1591 1186 1622 Vultum
1191 1591 1284 1628 serre
1305 1594 1400 1629 negat
1419 1591 1589 1622 Noviorum

882 1649 970 1680 posse
990 1639 1135 1680 minoris]
1159 1640 1258 1672 Quod
1282 1640 1342 1670 illa
1365 1644 1480 1671 statua
1495 1641 1588 1670 Mar-

886 1700 958 1731 syae.
982 1689 1118 1721 sublata
1140 1695 1214 1720 erat
1242 1699 1357 1727 manu,
1386 1689 1524 1720 satirice
1551 1695 1589 1721 et

886 1740 1070 1771 sart-,astice
1084 1739 1213 1770 Noster
1229 1739 1478 1779 interpretatur
1494 1739 1589 1770 Mar-

886 1799 978 1828 syam
1000 1789 1162 1827 aversari,
1186 1789 1280 1820 velut
1295 1788 1588 1828 indignabundum

885 1839 976 1879 quod
996 1838 1126 1870 Novius
1142 1838 1285 1869 libertus
1301 1838 1536 1878 interjndices
1551 1842 1588 1869 et

885 1894 1059 1918 senatores
1092 1888 1233 1918 allectu·
1266 1892 1381 1925 essen
1415 1892 1465 1926 et,
1494 1887 1586 1928 quod

887 1938 998 1977 pejus,
1026 1938 1118 1977 turpi
1135 1936 1325 1967 foenerandi
1353 1936 1467 1967 studio
1493 1942 1585 1968 totus

885 1986 1120 2018 incumberet:
1139 1985 1228 2017 unde
1241 1991 1339 2026 gestu
1356 1986 1516 2018 ostendat
1528 1987 1587 2018 ab-

885 2037 1022 2068 horrere
1049 2046 1085 2067 se
1110 2036 1154 2068 ab
1182 2037 1256 2068 istis
1283 2037 1452 2074 sordibus,
1479 2042 1515 2069 et
1542 2038 1584 2068 ab

885 2087 957 2128 ejus
973 2092 1130 2128 aspectu.

927 2137 986 2167 121
1012 2137 1183 2168 Noviorum
1208 2135 1355 2176 minoris]
1380 2135 1487 2168 Novii
1517 2135 1585 2167 fra-

884 2189 953 2216 tres
979 2191 1079 2217 erant
1106 2186 1187 2225 duo,
1213 2195 1356 2226 quorum
1379 2189 1460 2217 natu
1477 2186 1587 2216 minor

883 2235 926 2266 ad
954 2237 1103 2277 Marsyae
1134 2240 1281 2267 statuam
1311 2236 1465 2277 quotidie
1487 2236 1585 2267 sede-

884 2286 958 2318 bat.
1002 2287 1057 2317 De
1074 2286 1132 2317 illo
1147 2295 1264 2326 supra,
1278 2296 1326 2318 vs.
1341 2289 1398 2317 40.

927 2338 989 2366 122
1009 2336 1063 2367 Aa
1077 2335 1333 2376 quartamjaceo]
1360 2336 1400 2367 In
1414 2336 1584 2375 cubilija·

882 2395 943 2416 ceo
958 2384 1001 2416 ad
1017 2385 1133 2416 horam
1158 2395 1264 2426 usque
1282 2387 1449 2417 decimam
1474 2390 1583 2415 niatu-

881 2435 1008 2466 tinam:
1036 2435 1127 2477 quod
1153 2445 1219 2466 non
1245 2435 1351 2466 semel
1369 2435 1442 2475 jam
1468 2434 1586 2474 expla-

880 2484 971 2516 navi.

922 2535 991 2566 Aut
1005 2544 1072 2573 ego,
1086 2534 1164 2564 lecto
1185 2532 1254 2564 Aut
1279 2531 1410 2572 scripto]
1433 2532 1469 2563 Si
1494 2531 1582 2564 foras

878 2593 945 2614 non
957 2584 1098 2624 prodeo,
1109 2587 1290 2623 postquam
1307 2592 1325 2612 e
1344 2583 1434 2613 lecto
1446 2584 1582 2623 exsilui,

879 2641 1017 2673 operam
1054 2630 1098 2662 do
1134 2632 1271 2662 lectioni
1302 2632 1355 2662 vel
1385 2633 1579 2673 scriptioni.

879 2683 1005 2714 Valeat
1029 2681 1157 2712 Theod.
1183 2681 1372 2722 Mamilius,
1395 2683 1451 2723 qui
1475 2684 1582 2723 perti-

880 2732 1013 2764 naciter
1037 2732 1093 2762 hic
1115 2740 1135 2762 e
1155 2730 1349 2762 nominibus
1365 2729 1458 2763 facta
1474 2732 1580 2763 verba

880 2783 922 2814 ab
937 2781 1184 2821 interpretibus
1209 2780 1420 2822 indignatur,
1440 2782 1579 2824 vultque

880 2834 1046 2866 ablativos
1073 2843 1147 2865 esse
1173 2833 1328 2865 absolute
1354 2834 1501 2875 positos;
1540 2839 1579 2866 ut
