1890 3256
322 281 432 322 1012

321 381 500 434 Sperne,
518 381 634 424 domi
655 383 691 422 si
711 386 863 433 gnatus
882 380 961 419 erit
978 379 1237 421 foecundave
1258 381 1442 434 conjux.

323 445 498 496 Quinte,
519 451 638 500 puta,
660 451 733 486 aut
756 445 899 493 Publi,
919 444 1126 498 (gaudent
1145 448 1405 498 praenomine
1428 447 1580 488 molles

319 510 578 564 Auriculae,)
596 512 672 552 tibi
692 522 759 549 me
778 506 1011 550 virtus'tua
1028 509 1130 550 fecit
1147 511 1330 552 amicum
1347 525 1358 552 ε

320 577 350 618 J
354 590 406 618 us
422 589 582 628 anceps
600 577 716 623 novi,
735 587 894 615 causas
916 575 1140 617 defendere
1159 589 1366 629 possum:

318 642 485 695 En’piet
504 641 647 694 quivis
667 641 819 681 oculos
839 640 967 682 citius
987 641 1106 690 mihi,
1128 654 1258 694 quam
1277 646 1318 683 te

319 707 594 749 Contemtum
616 719 779 759 quassa
798 719 907 748 nuce
927 711 1139 760 pauperet
1156 719 1167 748 ι
1197 707 1290 748 haec
1308 719 1402 748 mea
1421 719 1523 748 cura
1542 712 1623 758 est,

318 772 388 812 Ne
407 771 511 824 quid
532 776 579 811 tu
599 771 776 824 perdas,
795 784 878 812 neu
896 772 958 812 sis
970 771 1128 825 jocus:
1158 772 1219 813 ire
1240 772 1412 813 domum
1434 775 1566 826 atque

317 838 571 878 Pelliculam
587 849 734 878 curare
747 837 877 891 jube;
907 837 934 877 fi
956 838 1148 890 cognitor
1167 839 1276 891 ipse.

789 294 832 331 Q.
862 290 1067 322 HORATu
1101 290 1271 320 FLAcm

1677 644 1736 685 35

315 973 387 995 vero
401 964 495 994 civem
509 964 734 995 existimatione
747 967 778 995 et
790 964 863 1002 jure
876 965 1036 1004 potiorem,
1056 964 1084 995 ei
1102 965 1211 996 liberos
1224 969 1278 996 out
1292 974 1417 996 uxorem
1431 965 1607 1003 soecundam
1621 965 1733 997 habue-

315 1006 370 1035 rit.
415 1005 459 1035 Et
473 1005 615 1044 quoniam
632 1015 721 1036 aures
738 1006 873 1036 dilicatoe
894 1010 998 1036 amant
1017 1015 1198 1045 praenomen,
1218 1006 1263 1036 sic
1283 1006 1451 1046 alloquere:
1475 1006 1590 1042 Quinte
1602 1006 1733 1045 scilicet,

315 1048 363 1077 vel
386 1046 492 1085 Publi,
514 1049 568 1077 tua
590 1047 689 1076 virtus
711 1047 842 1077 amicum
864 1047 923 1077 tibi
943 1056 991 1078 me
1011 1047 1173 1077 devinxit.-
1186 1046 1242 1084 jue
1257 1050 1479 1078 controversum
1491 1047 1606 1084 calleo,-
1627 1057 1735 1079 caune

316 1097 404 1118 orare
418 1089 520 1118 valeo.-
543 1087 668 1126 quilibet
689 1088 788 1118 oculos
809 1088 884 1118 miln'
905 1091 990 1119 eruet
1010 1088 1185 1127 priusquam
1199 1091 1229 1118 te
1243 1089 1355 1119 victum
1369 1088 1527 1125 defraudet
1540 1097 1613 1120 nuce
1625 1098 1732 1119 vum.

316 1129 386 1159 Ista
400 1138 465 1159 meu
479 1132 526 1159 est
538 1129 706 1166 solicitudo,
718 1132 753 1159 ut
766 1129 845 1159 nihil
858 1129 995 1169 amittas,
1007 1138 1080 1159 neve
1094 1129 1225 1160 ludibrio
1239 1129 1390 1160 habearis.
1434 1129 1513 1160 Mox
1526 1130 1620 1160 eunde
1631 1133 1666 1160 ut
1680 1129 1732 1159 do-

315 1179 397 1200 mum
420 1179 452 1200 se
477 1170 618 1210 recipiat,
641 1173 671 1200 et
693 1170 784 1208 genio
809 1170 978 1209 indulgeat.
1021 1170 1152 1202 Interim
1187 1173 1281 1201 tumet
1308 1172 1488 1210 procurator
1515 1173 1579 1202 esto
1589 1180 1602 1207 ‚⁰
1630 1170 1734 1202 labora

907 1271 945 1283 00

316 1344 502 1376 consistat!
518 1345 744 1377 Terrena—36
759 1345 854 1378 Gott.
868 1345 964 1376 Harl.
978 1348 1010 1378 2.
1025 1348 1058 1376 3.
1070 1347 1102 1376 4.
1118 1354 1232 1376 omnes
1242 1345 1408 1376 Torrentii
1423 1354 1542 1384 magno
1556 1354 1734 1385 consensu,

315 1395 428 1416 omnes
443 1387 596 1426 Cruquii,
611 1388 653 1416 al.
670 1386 749 1416 item
765 1386 879 1418 Zarot.
893 1391 928 1418 et
942 1386 1082 1418 Mediol.
1096 1389 1188 1417 1477.
1203 1396 1313 1426 quassa
1327 1396 1412 1417 nuce.
1457 1386 1553 1417 Harl.
1568 1389 1600 1417 6.
1616 1391 1652 1417 et
1669 1387 1733 1418 Ve-

315 1431 385 1458 net.
402 1429 495 1458 1479.
517 1437 603 1458 cassa
626 1437 701 1458 nuce
711 1437 724 1463 ;
747 1428 792 1458 ita
808 1428 920 1459 Bentl.
937 1427 1060 1458 samad.
1084 1427 1234 1466 Francis,
1250 1426 1426 1463 Heindorf,
1442 1427 1580 1458 Wetzel.
1596 1427 1734 1460 Wakef.

314 1473 350 1498 et
366 1468 470 1499 Kidd.
490 1478 575 1499 casea
587 1478 661 1499 unce
676 1469 824 1499 Florent-
842 1471 934 1500 1482.
956 1468 1043 1508 quod
1062 1468 1228 1498 Laudinus
1244 1468 1456 1507 interpretari
1471 1472 1623 1506 conatur,
1638 1469 1732 1508 quasi

313 1514 404 1539 esset
427 1512 610 1540 unam—3⁷
635 1510 712 1540 Vet.
730 1509 847 1541 Comb.
870 1510 918 1540 Ne
939 1509 1010 1548 quid
1034 1512 1068 1540 tu
1086 1511 1292 1549 prodas.-38
1315 1509 1325 1526 ‘
1342 1509 1484 1542 Quinam
1510 1509 1555 1540 sit
1579 1509 1732 1548 cognitor,

313 1549 392 1580 vide
419 1551 472 1580 hic
497 1550 584 1589 apud
607 1550 830 1589 Interpretes,
845 1555 880 1580 et
895 1550 1123 1580 acutissimum
1149 1550 1355 1580 Gronovinm
1378 1555 1509 1590 patrem
1524 1550 1566 1580 de
1582 1550 1732 1581 Pecunia

313 1595 477 1620 veterum.
520 1591 678 1621 Ceterum
703 1600 763 1628 pro
779 1591 811 1630 fi
832 1590 936 1621 editio
951 1591 1080 1621 Veneta
1097 1593 1190 1622 1478.
1210 1591 1261 1627 8ὶ;
1283 1591 1389 1622 altera
1403 1597 1438 1622 et
1453 1591 1659 1622 Locherianu
1675 1591 1732 1630 sis,

314 1630 403 1662 unde
420 1631 452 1661 in
468 1635 647 1672 sequentes
662 1630 826 1662 editiones
842 1637 1061 1671 propagatum
1078 1637 1139 1662 est.
1170 1631 1237 1662 Sed
1256 1637 1348 1663 recte
1362 1632 1542 1662 Lambinus
1553 1632 1735 1671 Cruquius·

313 1681 378 1713 que
395 1682 437 1703 ex
460 1673 659 1704 membranis
675 1672 854 1711 dederunt,
868 1673 900 1713 fi
913 1673 1072 1711 cognitor:
1095 1678 1196 1713 atque
1212 1673 1258 1703 ita
1272 1681 1314 1704 ex
1331 1673 1452 1703 nostris
1468 1672 1652 1710 laudensis,
1667 1671 1734 1703 Zu-

313 1714 542 1752 lichemianue,
557 1715 779 1752 Battelianne‚
792 1718 828 1745 et
851 1714 1133 1754 Magdalenensis.
1177 1713 1232 1745 Sic
1248 1714 1358 1745 Livius
1374 1721 1502 1745 xxxix.
1517 1717 1547 1744 5.
1590 1713 1735 1746 Quintil.

313 1755 427 1786 Instit.
443 1764 498 1786 111.
514 1758 543 1786 S.
587 1756 657 1786 Cic.
684 1765 745 1795 pro
770 1756 868 1786 Rosc.
894 1765 968 1795 cap.
986 1758 1037 1786 18.
1065 1755 1099 1785 in
1123 1755 1221 1786 Verr.
1243 1764 1283 1786 11.
1306 1757 1359 1786 43.
1405 1755 1511 1786 Porro
1535 1754 1732 1794 elegantius,

312 1796 443 1835 opinor,
455 1797 631 1836 veriusque
647 1796 694 1826 sic
709 1797 813 1827 verba
828 1796 1096 1836 inter-punxeris:
1112 1796 1292 1827 Pellio-ulam
1308 1805 1415 1826 curare
1428 1795 1504 1832 jube
1515 1795 1562 1836 :fi
1575 1796 1731 1833 cognitor.-

311 1837 376 1876 ipse
400 1837 512 1868 Persea
534 1840 625 1876 atque
648 1837 773 1870 obdura.
815 1837 913 1868 Illum
935 1838 1135 1876 locupletem
1158 1846 1248 1866 reum
1266 1837 1348 1876 jube
1363 1837 1409 1866 ire
1423 1836 1567 1870 domurn,
1582 1841 1618 1866 et
1632 1836 1732 1876 genio

312 1877 510 1916 indulgere:
541 1878 614 1917 ipse
641 1887 718 1908 vero
745 1876 855 1916 perfer
879 1882 914 1908 et
939 1877 1079 1914 obdura,
1101 1886 1163 1907 nec
1186 1876 1293 1917 frigus
1313 1885 1421 1917 neque
1437 1882 1554 1907 aestum
1570 1875 1664 1907 flocci
1681 1876 1732 1908 fa-

313 1918 427 1949 ciens:
448 1918 555 1949 Bentl.
597 1919 641 1948 εἰς
661 1919 801 1957 cognitor
822 1918 920 1949 Gott.
944 1919 1028 1949 Exc.
1043 1917 1121 1948 Sax.
1137 1917 1249 1948 Zarot.
1265 1921 1300 1948 et
1312 1918 1390 1948 vet.
1406 1917 1522 1948 Comb.
1543 1917 1572 1947 az·
1592 1917 1732 1956 cognitor

312 1959 453 1991 Mediol.
470 1962 564 1990 1477.
579 1959 716 1992 Venett.
733 1961 824 1990 1477.
845 1961 937 1989 1479.
969 1964 1004 1990 et
1028 1958 1231 1999 Cuning.fie
1254 1959 1392 1998 cognitor
1416 1959 1564 1990 Floreat,
1581 1960 1673 1990 1482.
1699 1958 1732 2000 fi

956 2062 1093 2094 NOTAE

1048 2138 1056 2152 ⁸
1072 2134 1197 2165 varium
1211 2133 1219 2147 ’
1256 2138 1291 2166 et
1328 2135 1337 2152 ‘
1349 2138 1599 2166 controversum
1612 2133 1621 2147 ’
1647 2133 1731 2165 dicit

1045 2183 1183 2213 Tullius.
1226 2183 1350 2213 Verum
1374 2182 1655 2222 ‘jurisignoratio
1671 2191 1729 2222 po-

355 2139 394 2167 31
418 2134 544 2174 Sperne,
560 2134 640 2165 domi
654 2135 681 2164 si
698 2138 814 2173 gnatus
830 2134 904 2173 erit,
927 2135 993 2174 ⁸5⁶]

311 2184 466 2218 Juvenal.
495 2184 571 2214 Sat.-
591 2192 624 2213 ν.
642 2186 714 2214 140.
734 2183 935 2216 ‘Jucundum
960 2188 996 2214 et

311 2242 425 2266 carum
441 2232 563 2263 sterilis
579 2230 663 2263 facit
678 2241 760 2262 uxor
773 2231 939 2264 amicum.'

353 2286 394 2313 32
418 2282 545 2318 Quinte,
572 2283 659 2320 puta,
685 2283 738 2310 aut
767 2280 876 2320 Publi]
899 2281 993 2320 Ejus-

311 2330 402 2362 modi
418 2329 625 2369 praenomina
637 2332 733 2359 erant
742 2327 900 2359 nobilium
911 2328 994 2358 dun-

312 2383 429 2411 taxat:
453 2378 543 2409 Gan.
565 2376 795 2415 Momeigneur.
829 2377 935 2407 Porro
948 2377 994 2406 vi-

312 2438 385 2459 rum
411 2428 610 2458 honoratum
625 2429 848 2455 assentatores
867 2434 995 2465 praeno-

310 2478 398 2508 mine
420 2475 633 2507 salutabant:
655 2479 690 2505 at
713 2473 892 2505 familiares
918 2484 995 2514 cog-

312 2525 443 2556 nomine
459 2533 493 2555 se
517 2523 660 2554 invicem
683 2523 924 2564 appellabant:
946 2528 996 2564 ut,

312 2577 321 2591 ‘
335 2574 448 2604 Caesa·-
466 2571 636 2604 Pulchro)

354 2622 463 2652 Molles
491 2621 664 2660 Auriculae]
699 2620 993 2652 Assentationibns

315 2675 470 2702 assuetae.

354 2722 394 2750 34
416 2720 476 2749 Jus
502 2719 623 2758 anceps]
646 2719 742 2752 Quod
768 2720 802 2751 in
819 2723 995 2758 utramque

313 2773 442 2808 partem
473 2768 597 2806 saepius
623 2768 708 2798 trahi
729 2772 851 2807 potest.
897 2765 994 2797 Unde

1046 2230 1111 2261 tius
1136 2230 1283 2269 litigiosa
1308 2234 1360 2260 est
1384 2239 1482 2270 qnam
1499 2228 1664 2268 scientia,'
1679 2229 1727 2260 in-

1046 2279 1117 2319 quit
1131 2279 1200 2318 ipse
1216 2277 1258 2309 de
1274 2277 1387 2317 Legib.
1403 2287 1429 2308 1.
1628 2318 1634 2321 „

1087 2330 1128 2358 36
1152 2327 1270 2361 Quaeso
1292 2326 1382 2366 nuce]
1407 2326 1457 2357 Re
1472 2325 1621 2367 qualibet
1637 2326 1727 2358 inani

1047 2381 1082 2407 et
1093 2375 1240 2406 minima.

1088 2426 1128 2454 38
1151 2423 1192 2454 Fi
1218 2422 1356 2461 cognitor
1381 2422 1460 2462 ipse]
1483 2422 1599 2454 Causae
1623 2423 1726 2463 ipsius

1047 2471 1283 2512 cognitionem,
1328 2479 1452 2508 curam,
1486 2469 1727 2511 defensionem,

1047 2521 1189 2560 suscipe.
1236 2519 1386 2557 Cognitor
1409 2519 1535 2550 dicitur
1564 2520 1620 2561 qni
1641 2530 1726 2562 pra.

1047 2570 1149 2602 sentis
1163 2577 1297 2600 causam
1316 2568 1421 2607 novit,
1441 2572 1478 2599 et
1498 2569 1546 2600 sic
1562 2574 1674 2601 tuetur
1688 2574 1727 2601 ut

1045 2627 1150 2657 suam,
1170 2617 1277 2658 inquit
1293 2615 1416 2649 Ascon.
1428 2617 1462 2647 in
1474 2617 1572 2649 Verr.
1586 2626 1610 2649 ι.
1642 2618 1724 2650 Por-

1045 2666 1116 2706 rofi
1136 2669 1189 2695 est
1215 2665 1403 2704 imperandi
1423 2664 1539 2696 modus
1559 2674 1578 2696 a
1592 2664 1647 2705 fio,
1659 2675 1724 2707 quo

1045 2718 1081 2746 et
1095 2714 1234 2745 Plautus
1250 2723 1314 2745 non
1338 2714 1442 2744 semel
1459 2722 1536 2744 usus
1551 2718 1615 2745 est.
1656 2714 1724 2746 Alii

1046 2765 1160 2805 legunt
1175 2765 1227 2794 sis.
