1930 3242
344 266 428 307 938

345 367 506 409 Albuci
526 370 640 410 senis
661 367 879 417 exemplo,
898 364 1000 403 dum
1020 362 1163 402 munia
1183 363 1305 412 didit,

344 433 499 474 Saevus
520 434 621 482 erit3
653 443 804 482 neque,
825 429 940 468 sicut
959 427 1145 479 simplex
1163 427 1358 479 Naevius,
1378 433 1549 471 unctam

345 498 555 539 Convivis
575 496 782 550 praebebit
800 504 957 545 aquam
976 505 986 532 :
1016 492 1167 533 vitium
1188 492 1270 534 hoc
1284 506 1453 546 quoque
1473 507 1686 548 magnum.

343 562 511 615 Accipe
530 573 658 608 nunc,
680 560 823 598 victus
845 557 991 597 tenuis
1012 569 1111 609 quae
1133 561 1376 610 quantaque
1397 572 1544 600 secum

344 627 525 668 Afferat.
583 625 636 664 In
658 623 810 676 primis
831 622 977 662 valeas
997 623 1134 672 bene;
1162 635 1259 662 nam
1281 624 1411 664 variae
1432 637 1500 665 res

330 693 406 733 -Ut
426 693 612 731 noceant
630 689 808 738 homini,
827 687 994 738 credaS‚
1015 700 1175 728 memor
1193 687 1309 729 illius
1328 701 1457 738 escae,

817 278 860 313 Q.
889 272 1095 303 nonaum
1122 270 1296 310 ‚FLAcci

1699 562 1755 602 ’10

343 843 510 874 verberabit
517 843 651 880 famulos
670 844 768 884 officia
791 843 986 882 distribuens,
1001 845 1041 874 ud
1065 845 1164 875 instar
1178 844 1300 876 Album
1319 846 1437 882 vetuli,·
1459 855 1564 886 neque,
1578 850 1613 877 ut
1628 845 1758 876 Naevius

342 886 537 923 incoronatus,
543 885 630 916 dabit
638 885 775 916 convivis
788 895 897 924 aquam
911 885 1106 916 immundam.
1129 887 1187 916 Est
1201 886 1282 917 enim
1294 886 1349 918 lwc
1362 888 1454 918 etiam
1464 889 1582 926 grande
1595 890 1758 926 peccat-m.

342 926 417 955 Jam
430 925 512 956 disce
524 936 591 965 quoe
605 930 635 958 et
649 930 762 966 quanta
777 926 851 957 bona
864 936 964 957 secum
977 927 1106 957 advehat
1114 926 1298 965 frugalitas.
1331 928 1437 959 Primo
1451 929 1612 959 sanitatem
1625 927 1759 959 habebis.

342 966 470 998 Etenim
478 967 610 998 ciborum
623 968 832 999 diversitatem
853 977 916 999 esse
937 967 1052 998 homini
1063 968 1264 1007 perniciosam
1276 968 1399 1000 minime
1412 970 1574 1010 dubitabis,
1586 969 1760 1001 recordatus

934 1080 1166 1092 “‘Offlmom

343 1177 383 1206 67
404 1175 513 1207 Albuti
529 1176 606 1208 edd.
623 1181 700 1208 ante
715 1177 828 1207 Bentl.
850 1176 961 1207 Albuci
975 1177 1074 1209 codd.
1089 1177 1251 1215 Lambini,
1266 1181 1410 1218 quatuor
1426 1176 1632 1216 Benmanni,
1646 1177 1760 1208 Bentl-

343 1217 448 1248 Zeun.
463 1218 585 1250 Sanad.
600 1218 749 1259 Francis,
764 1219 906 1250 Wetzel.
921 1218 1100 1255 Heindorf,
1119 1218 1250 1251 Wakef.
1266 1223 1300 1250 et
1316 1218 1505 1250 Kidd.·-—68
1525 1218 1622 1250 Harl.
1637 1220 1669 1249 3.
1683 1220 1715 1249 4.
1727 1221 1759 1250 6.

984 1342 1016 1374 N
1021 1342 1127 1374 OTAE

386 1425 426 1453 67
451 1423 560 1455 Albuci
571 1424 652 1456 senis
667 1424 818 1465 exemplo]
835 1425 936 1456 Hunc
952 1435 1026 1456 ava-

343 1469 429 1502 ritiae
445 1473 591 1512 quidam,
616 1474 671 1504 alii
693 1479 811 1504 contra
826 1473 1028 1514 profusionis

344 1522 495 1551 accusari
511 1523 637 1553 volunt.
682 1523 802 1553 Neutri
819 1522 915 1554 bene.
958 1522 1028 1553 Ho-

1081 1435 1154 1457 rum
1183 1427 1315 1467 sapiens
1341 1430 1376 1457 et
1405 1426 1563 1466 prudens,
1590 1435 1656 1457 non
1682 1426 1763 1457 satis

1081 1474 1244 1513 mundus3
1260 1475 1384 1516 quippe
1393 1475 1449 1515 qui
1458 1484 1575 1516 aquam
1588 1474 1762 1515 impuram,

1081 1523 1294 1563 lutulentam,
1330 1524 1482 1555 sordibus
1505 1525 1762 1555 contaminatam

343 1569 447 1599 ratius
474 1571 582 1608 primo
605 1570 754 1609 culpavit
777 1571 1029 1610 intemperanti-

343 1624 396 1646 am
412 1621 448 1647 et
468 1618 775 1649 immoderationem
791 1618 824 1648 in
842 1619 1029 1658 quaerendis

344 1664 427 1695 cibis
442 1666 639 1706 carioribus,
663 1666 791 1706 pariter
812 1676 851 1698 ac
870 1667 1030 1698 sordidio-

343 1722 414 1744 rem
444 1713 578 1746 victum.
621 1713 697 1746 Jam
728 1714 865 1746 damnat
893 1715 1030 1746 nimium

343 1762 482 1793 lautitiae
499 1766 534 1793 et
549 1762 724 1802 elegantiae
734 1763 879 1793 studium
893 1763 926 1794 in
942 1768 1028 1794 stru-

343 1810 430 1841 endo
445 1811 635 1850 parandove
657 1811 823 1846 convivio,
839 1815 939 1851 atque
955 1812 1029 1842 huic

343 1859 546 1890 contrarium
568 1859 781 1899 negligentiae
810 1859 952 1890 vitium:
981 1859 1029 1890 af-

344 1907 479 1948 fertque
509 1908 664 1946 exempla
691 1907 827 1938 Albucii
852 1912 889 1938 et
919 1907 1029 1938 Naevii

345 1956 509 1996 opposita.
551 1954 714 1986 Albucius
737 1955 838 1986 nimia
856 1965 935 1986 cura
951 1965 1029 1996 pec-

345 2009 412 2043 cat,
433 2004 488 2045 qui
512 2004 608 2034 saevit
632 2003 734 2034 etiam
757 2003 790 2033 in
817 2003 957 2035 famulos
981 2005 1028 2035 in-

340 2053 466 2094 junctis
483 2051 599 2083 officiis
623 2053 722 2092 paulo
745 2053 850 2083 minus
873 2053 1027 2091 scdulos;

345 2110 385 2132 ac
400 2101 427 2132 si
442 2101 520 2142 quid
542 2109 609 2131 non
634 2100 716 2131 satis
733 2105 924 2132 accuratum
940 2110 1028 2131 com-

345 2149 445 2190 perit,
460 2148 543 2179 dure
566 2149 708 2188 plectit:
732 2149 844 2188 immo,
864 2149 1029 2190 inquiunt,

345 2206 460 2228 servos
489 2197 544 2227 ille
567 2201 646 2227 ante
666 2195 889 2236 verberabat3
912 2207 969 2228 seu
986 2198 1028 2228 ad

344 2244 524 2276 arcendam
551 2244 664 2276 statim
687 2245 874 2285 segnitiem,
899 2255 957 2277 sen
987 2255 1029 2276 ne

346 2301 464 2336 postea
480 2299 659 2335 peccantes
683 2295 816 2326 caedere
838 2305 905 2327 non
930 2306 1029 2328 vaca-

346 2349 410 2374 ret.
439 2344 565 2375 Contra
580 2343 716 2374 Naevius
729 2344 907 2384 indiligens
922 2350 957 2376 et
973 2355 1030 2386 pa-

347 2401 419 2423 rum
432 2393 563 2430 lautus;
579 2395 616 2422 ut
630 2401 706 2423 mox
722 2392 863 2423 dicetur.

388 2440 498 2480 Didii]
520 2441 603 2481 Dat,
618 2440 747 2472 dividit.
775 2441 882 2473 Vetus
894 2445 943 2472 est
957 2451 1031 2473 ver-

347 2490 427 2521 bum
443 2489 534 2529 dido,
549 2489 596 2527 is;
616 2488 705 2529 quod
721 2487 876 2529 frequens
891 2494 1032 2530 usurpat

346 2538 552 2575 Lucretius;
578 2537 657 2577 quin
683 2541 719 2568 et
755 2537 872 2578 Virgil.
903 2538 1031 2570 AEneid.

347 2596 413 2618 vu.
430 2590 502 2619 144.
524 2587 534 2603 ‘
547 2586 685 2617 Diditur
693 2587 747 2618 hic
763 2587 873 2618 subito
888 2588 1032 2628 Trojana

347 2644 410 2675 per
435 2636 565 2675 agmina
589 2634 722 2674 rumor,’
745 2640 779 2666 et
803 2636 934 2668 AEneid.
950 2644 1029 2667 vui.

350 2685 423 2714 132.
440 2686 449 2699 ‘
462 2682 534 2713 Tua
551 2683 648 2714 terris
664 2683 771 2714 didita
786 2682 895 2715 fama.'

390 2732 431 2762 68
453 2730 591 2771 Simplex
605 2731 750 2773 Naevius]
762 2732 958 2772 Negligens,
971 2741 1028 2772 pa-

1082 1572 1213 1610 praebet
1233 1572 1394 1603 conviviis
1416 1571 1661 1603 admiscendam
1685 1572 1763 1602 vino

1082 1627 1122 1650 ac
1134 1619 1324 1652 bibendam.
1349 1622 1436 1659 Ergo
1447 1620 1606 1651 Albucius
1621 1619 1675 1650 ille
1686 1619 1763 1660 plns

1083 1677 1178 1708 aequo
1194 1675 1266 1699 erat
1282 1669 1445 1700 curiosius
1468 1669 1500 1698 in
1515 1668 1687 1708 epularum
1706 1676 1763 1707 ap-

1083 1722 1230 1756 paratu;
1254 1718 1390 1748 Naevius
1413 1721 1523 1748 autem
1545 1717 1652 1747 minus
1667 1723 1764 1755 quam

1083 1766 1202 1797 decet:
1226 1766 1313 1806 quod
1338 1771 1514 1806 utrumque
1537 1764 1651 1795 vitium
1674 1771 1764 1802 mag·

1082 1823 1158 1844 num
1175 1818 1237 1845 est.

1122 1864 1163 1891 70
1184 1861 1298 1901 Accipe
1325 1870 1416 1895 nvanc,
1444 1861 1544 1891 victus
1567 1860 1678 1899 tenuis,
1693 1859 1762 1900 lfa]

1082 1909 1154 1940 Cic.
1169 1909 1301 1940 Tuscul.
1320 1918 1349 1940 v.
1372 1919 1406 1940 n.
1421 1911 1474 1940 99.
1497 1909 1506 1927 ‘
1519 1908 1616 1940 Adde
1630 1909 1762 1939 siccita—

1081 1963 1149 1989 tem
1181 1967 1253 1998 quae
1285 1957 1434 1998 sequitur
1463 1956 1701 1988 continentiam
1729 1956 1763 1987 in

1081 2006 1185 2036 victu.
1231 2006 1327 2036 Adde
1349 2006 1579 2046 integritatem
1603 2004 1764 2037 valetudi-

1081 2054 1152 2084 nis!
1196 2053 1295 2086 Offlc.
1313 2063 1353 2086 ιι.
1368 2063 1400 2085 ιι.
1413 2057 1466 2086 86.
1489 2055 1499 2072 ‘
1510 2054 1679 2094 Valet-udo
1694 2063 1763 2086 sus-

1081 2106 1232 2134 tentatur
1248 2125 1256 2134 .
1275 2124 1283 2134 .
1300 2126 1309 2134 .
1327 2125 1335 2135 .
1353 2103 1560 2135 continentia
1595 2105 1630 2135 in
1671 2103 1764 2134 victu

1081 2152 1169 2182 omni
1186 2157 1287 2191 atque
1300 2152 1417 2187 cultu‚'
1433 2154 1495 2183 ὅτε.

1122 2201 1163 2229 72
1187 2199 1314 2236 Credas,
1342 2209 1454 2230 memor
1474 2200 1558 2230 iuius
1584 2209 1672 2239 εει-ιε,
1693 2197 1763 2239 ξω]

1081 2247 1194 2278 Facile
1226 2246 1345 2277 credes
1381 2248 1578 2278 varietatem
1613 2247 1762 2278 ciborum

1081 2295 1202 2327 bomini
1230 2303 1303 2325 esse
1332 2295 1476 2333 noxiam,
1501 2295 1529 2326 si
1553 2295 1653 2326 modo
1682 2295 1764 2326 velia

1083 2343 1271 2375 meminisse
1286 2352 1381 2382 quam
1395 2343 1483 2374 utilis
1497 2343 1556 2374 tibi
1570 2342 1674 2374 fuerit
1686 2352 1762 2374 esca

1083 2392 1237 2431 simplex,
1265 2399 1338 2431 quae
1366 2390 1400 2421 in
1429 2391 1599 2421 stomacho
1631 2391 1764 2432 placide

1083 2446 1191 2478 cocta,
1219 2439 1304 2471 bono
1326 2447 1440 2478 succo,
1462 2443 1575 2479 atque,
1597 2442 1636 2470 ut
1659 2438 1763 2478 aiunt,

1083 2490 1192 2529 chylo‚
1214 2487 1375 2528 repararit
1391 2487 1475 2518 vires
1490 2488 1659 2528 corporis:
1686 2492 1722 2519 et
1743 2497 1763 2519 c

1083 2537 1259 2575 contrario,
1270 2540 1429 2577 quantum
1443 2537 1605 2568 molestiae
1615 2537 1676 2568 tibi
1689 2546 1764 2579 cre->

1084 2587 1149 2617 arit
1175 2594 1251 2616 esca
1277 2584 1466 2623 multiplex,
1489 2585 1620 2624 quoties
1648 2583 1762 2626 deglu-

1083 2634 1166 2666 tiisti
1194 2633 1289 2663 simul
1316 2640 1391 2662 assa
1413 2641 1488 2664 cum
1510 2633 1620 2674 elixis,
1643 2642 1762 2665 carnea

1082 2692 1155 2714 cum
1173 2680 1329 2722 piscibus,
1345 2682 1408 2711 &c.
