1904 3256
650 284 838 316 ssPoDnN
874 284 1039 316 LIBER.

1481 275 1568 317 677

346 379 559 423 Indormit
577 378 723 421 unctis
743 379 938 421 omnium
957 378 1178 422 cubilibus

403 447 641 489 Oblivione
664 446 881 500 pellicum.

1511 447 1568 488 70

347 514 443 558 Ah!
471 514 551 556 ah!
582 514 756 556 solutus
778 514 980 556 ambulat
998 513 1208 572 veneficae

403 581 663 624 Scientioris
684 583 891 624 carmine.

345 649 452 692 Non
470 649 660 700 usitatis,
681 647 818 700 Vare,
840 649 1103 705 potionibus

400 716 464 772 (Ο
485 716 625 758 multa
639 716 839 759 fleturum
858 715 1040 772 caput!)

343 782 417 825 Ad
437 795 507 824 me
526 795 749 836 recurres3
778 796 861 826 nec
880 787 1041 826 vocata
1059 795 1186 825 mens
1206 787 1283 826 tua

1513 784 1570 824 75

402 851 569 893 Marsis
591 851 754 894 redibit
771 851 988 894 vocibus:

343 917 495 973 Majus
515 919 699 974 parabo,
713 918 861 974 maJus
881 918 1109 960 infundam
1128 918 1211 960 tibi

400 985 662 1028 Fastidienti
683 987 904 1041 poculum.

343 1052 564 1108 Priusque
584 1054 749 1096 coelum
771 1055 886 1097 sidet
907 1054 1087 1096 inferius
1106 1054 1233 1104 mari,

398 1119 577 1162 Tellure
596 1124 800 1175 porrecta
819 1134 964 1176 super,

1515 1119 1571 1162 80

114 1244 150 1276 ιἰι
164 1245 273 1277 arduis
286 1245 362 1278 locis
372 1256 420 1278 me
433 1245 561 1287 effugit.
606 1245 769 1278 Nimirum
789 1246 890 1279 Vana
908 1246 999 1278 cubat
1012 1247 1046 1278 in
1061 1247 1149 1279 lectis
1162 1249 1342 1278 cunctarum
1362 1245 1509 1285 pellicum
1520 1244 1572 1275 in·

115 1288 219 1319 nmis
229 1287 392 1321 oblivione.
436 1287 515 1320 Ah!
537 1288 604 1320 ah!
625 1288 704 1321 liber
718 1290 771 1320 ille
783 1289 903 1321 incedit
915 1299 974 1330 per
987 1290 1154 1329 pharmaca
1171 1289 1316 1331 venefica
1334 1287 1507 1329 cuiuspiam
1525 1295 1574 1318 me

114 1329 275 1363 doctioris.
318 1330 419 1372 Atqui
437 1340 494 1372 per
507 1331 636 1362 insolita
651 1332 873 1363 medicamenta
885 1332 1009 1370 seciam
1029 1336 1066 1364 ut
1080 1334 1121 1363 aa
1140 1341 1188 1363 me
1201 1333 1321 1371 redeas,
1335 1341 1353 1362 ο
1373 1330 1467 1368 Vare,
1483 1330 1573 1360 homo

112 1371 249 1412 plurima
268 1382 448 1414 perpessure
456 1383 468 1404 .·
489 1382 586 1412 neque
598 1373 721 1404 animus
734 1377 807 1404 tuus
822 1374 943 1404 Manis
955 1373 1198 1404 incantamentis
1209 1373 1398 1404 restituetur
1410 1376 1466 1403 aue
1480 1381 1572 1402 cura-

113 1413 209 1446 bitur.
253 1414 381 1446 Scilicet
399 1414 515 1455 parabo
533 1414 734 1454 pharmacum
751 1415 923 1454 potentius,
943 1415 1024 1455 quoa
1047 1415 1108 1446 tibi
1132 1425 1181 1446 me
1205 1415 1389 1455 aspernanti
1410 1413 1572 1445 adhibebo.

116 1454 161 1488 Ee
184 1460 268 1490 certe
287 1457 374 1495 tufi-a
397 1466 483 1488 mare
505 1457 595 1488 cadet
618 1457 739 1497 coelum,
764 1459 850 1488 terra
873 1456 1056 1497 superjecta,
1076 1457 1183 1497 potius
1197 1467 1289 1498 quam
1308 1466 1368 1488 non
1387 1457 1573 1488 exardescas

719 1550 962 1564 WM‘O

110 1627 191 1660 Sax.
205 1632 240 1660 et
253 1637 338 1660 unns
351 1627 567 1667 Bersmanni,
582 1626 653 1659 tabo
667 1637 778 1659 munus
791 1627 1037 1666 §virectum—71
1061 1627 1158 1660 Aha!
1172 1628 1291 1660 Bentl.
1306 1632 1342 1660 et
1361 1626 1470 1659 Ridd.
1493 1627 1573 1659 Ha!

110 1670 175 1702 ha!
196 1671 405 1704 sanam—'13
429 1671 613 1704 Lambinus
630 1680 672 1702 ex
689 1670 890 1712 quibusdam
906 1671 1007 1703 codd.
1024 1669 1128 1702 affert
1149 1670 1344 1702 cantionibus
1358 1679 1421 1711 pro
1435 1670 1572 1710 potione·-

109 1713 261 1747 ὀισπ-80
286 1714 407 1746 Tellure
426 1716 570 1756 porrecta
585 1713 701 1744 Bentl.
725 1714 759 1744 in
779 1712 857 1745 edd.
877 1713 986 1746 Amat.
1000 1715 1098 1745 1⁷13.
1120 1718 1157 1745 et
1179 1713 1229 1744 sic
1253 1721 1372 1744 omnes
1394 1713 1469 1744 aliae
1491 1712 1572 1744 edd.

110 1760 146 1788 et
162 1761 247 1790 vett.
262 1761 298 1790 et
310 1761 457 1790 recentt.
503 1756 626 1788 Tellure
636 1755 775 1796 proJ‘ecta
791 1756 907 1787 Bentl.
927 1755 964 1788 in
986 1755 1042 1788 ed.
1066 1755 1169 1788 Cant.
1188 1757 1285 1788 1711.
1302 1759 1339 1787 et
1354 1754 1403 1787 sic
1419 1754 1572 1787 Bentleii

769 1852 913 1886 NOTAE

153 1931 198 1962 69
219 1928 375 1962 ludar-mit
386 1928 488 1961 unctis
501 1929 636 1961 omnium
649 1927 813 1969 cubilibus,

111 1979 180 2020 ξι]
201 1979 397 2021 Tranquille
410 1978 536 2011 fruitur
553 1978 724 2010 amoribus
742 1978 813 2019 pel-

111 2029 229 2070 licum,
249 2029 318 2061 mel
340 2030 447 2071 plane
468 2029 609 2061 oblitus.
643 2029 723 2070 Vel,
738 2029 813 2071 qui-

114 2079 203 2110 escit
227 2078 263 2110 in
284 2076 412 2120 =quibus
438 2079 511 2110 vult
541 2078 727 2118 cubilibus,
751 2088 812 2110 un·

114 2128 227 2171 gendo
240 2128 300 2161 tua
312 2129 446 2169 magico
461 2132 648 2169 unguento,
663 2129 813 2160 omnium

112 2181 252 2212 aliarum
267 2179 447 2211 mulierum
463 2178 670 2211 oblivionem
691 2187 812 2220 procu·

110 2234 222 2262 rante.
251 2228 306 2262 Ab
320 2229 328 2260 l
344 2229 405 2261 ab!
420 2229 622 2262 scientioris
639 2238 693 2261 me
713 2237 815 2262 vene—

111 2279 188 2314 fiee
215 2285 291 2313 arte
312 2280 464 2322 adjutum
491 2280 620 2312 Varum
644 2280 812 2321 intelligo.

111 2331 334 2373 Quspropter
347 2332 520 2372 illumjam
533 2330 714 2373 aggrediar
727 2332 737 2349 ‘
747 2340 813 2363 non

111 2381 245 2415 mimis
257 2381 470 2424 potionibus'
485 2386 521 2414 et
543 2381 751 2422 pharmacis,
774 2385 812 2413 ut

112 2433 156 2467 sd
171 2444 226 2468 me
251 2441 420 2476 recurrat,
441 2435 498 2467 vel
523 2434 666 2475 invitus,
697 2434 811 2476 iuquit

113 2484 268 2518 Cnidia.

153 2537 200 2568 2⁶
221 2536 344 2569 Marsis
377 2535 515 2577 vocibus]
554 2535 660 2567 Marsi
697 2534 810 2567 Italiae

115 2585 232 2625 populi
246 2586 281 2618 in
296 2586 396 2618 Latio
415 2586 505 2618 inter
519 2586 683 2618 continua
698 2584 814 2625 Apen-

115 2632 187 2665 nini
200 2635 323 2667 montis
340 2636 438 2677 juga,
453 2645 472 2667 e
487 2636 606 2668 Marso
622 2635 739 2667 Circes
756 2643 812 2666 ve·

114 2681 236 2716 nefieae
249 2683 388 2726 insignis
399 2685 468 2718 filio
482 2685 579 2726 dicti,
596 2690 633 2718 et
649 2683 815 2716 veneficia

114 2732 426 2775 incantationesque
439 2735 567 2776 edocti,
583 2739 672 2768 teste
682 2735 812 2767 Solino.

117 2781 222 2823 Apud
249 2781 340 2814 Non.
364 2783 470 2816 Lucil.
495 2785 567 2817 Sat.
597 2795 660 2818 xx.
707 2787 717 2803 ‘
732 2785 812 2818 Jam

115 2833 348 2875 disrumpetur
361 2833 510 2875 medius3
524 2836 610 2877 jam,
627 2842 666 2869 ut
680 2836 813 2870 Marsu’

866 1929 1024 1962 colubras
1039 1927 1237 1969 Disrumpit
1249 1925 1378 1966 cantu,'
1392 1927 1458 1958 ὅτε.
1493 1924 1571 1956 Vir-

865 1980 924 2022 gil.
939 1979 1072 2012 AEneid.
1098 1989 1167 2012 vn.
1189 1981 1266 2011 758.
1302 1980 1313 1996 ⁸
1331 1977 1459 2010 Marsis
1475 1985 1570 2019 quae-

864 2032 941 2064 sitae
957 2032 992 2064 in
1008 2031 1180 2064 montibus
1196 2028 1337 2062 herbae?
1371 2027 1461 2060 Vide
1477 2027 1569 2059 Plin.

867 2089 948 2114 1¹1.
958 2084 1011 2114 13.
1022 2085 1059 2114 et
1069 2089 1209 2113 xxvxn.
1220 2083 1253 2112 2.
1269 2084 1305 2111 et
1317 2082 1349 2110 3.
1373 2078 1462 2110 Item
1477 2077 1570 2109 Gell.

868 2140 948 2164 xvr.
978 2135 1030 2164 ll.
1056 2131 1115 2163 ubi
1139 2131 1189 2164 sic
1215 2129 1359 2162 scribit:
1387 2129 1397 2146 ‘
1414 2128 1510 2160 Gens
1534 2128 1570 2158 in

869 2181 973 2214 Italia
992 2182 1186 2214 Marsorum
1198 2185 1275 2214 orta
1291 2179 1403 2212 fertur
1417 2189 1437 2212 ι
1452 2179 1571 2211 Marso

870 2232 989 2265 Circes
1000 2232 1071 2264 filio
1082 2243 1090 2264 z
1116 2236 1303 2274 propterea
1314 2231 1441 2263 Marsis
1451 2251 1568 2262 ......

868 2283 900 2314 νί
915 2283 1062 2325 quadam
1078 2282 1217 2324 genitali
1228 2282 1359 2322 datum,
1373 2285 1411 2313 ut
1430 2289 1569 2321 serpen-

867 2333 951 2365 tium
975 2333 1222 2365 virulentorum
1238 2330 1424 2363 domitores
1435 2330 1518 2366 sint,
1533 2333 1571 2361 et

866 2383 1157 2416 incantationibus
1181 2382 1431 2423 herbarumque
1457 2379 1570 2411 succis

863 2432 993 2466 faciant
1008 2433 1218 2465 medelarum
1228 2430 1414 2464 miracula!

908 2486 950 2516 77
978 2484 1083 2526 Maius
1099 2482 1228 2525 parabo,
1242 2482 1313 2522 isc-J
1333 2480 1412 2513 Jam
1425 2477 1570 2511 Canidia

867 2543 1010 2576 puerum
1039 2532 1196 2565 infodere
1222 2530 1358 2569 statuit,
1388 2532 1424 2559 et
1453 2527 1570 2561 inedla

866 2584 1083 2623 interficere3
1108 2583 1152 2615 ad
1173 2581 1361 2623 parandum
1376 2580 1470 2611 Varo
1483 2579 1570 2621 phil-

868 2638 959 2667 trum
972 2644 991 2665 e
1007 2633 1102 2674 pueri
1118 2632 1268 2664 exsuctis
1279 2630 1436 2662 medullis
1447 2634 1484 2662 et
1493 2639 1569 2662 are·

868 2682 1131 2725 sacrmjeeure:
1162 2690 1272 2724 eoque
1301 2680 1568 2723 pervincendam

866 2734 950 2766 Vari
961 2733 1211 2777 quantamlibet
1223 2732 1490 2766 obstinationem
1502 2733 1568 2765 sibi

866 2785 1026 2828 spondet.
