1904 3256
611 313 884 346 mammon
912 301 1015 344 ΠΒ.
1031 305 1115 343 Ἰν.
1145 302 1217 343 11.
1546 300 1632 343 609

232 410 386 463 Dices,
410 411 540 454 Heu!
568 410 768 467 (quoties
789 415 831 454 te
849 411 895 452 in
917 411 1105 466 speculo
1125 409 1292 452 videris
1313 408 1520 463 alterum)

233 479 350 531 Quae
372 492 492 521 mens
513 483 580 520 est
598 479 745 529 hodie,
767 493 844 522 cur
864 479 1021 522 eadem
1042 491 1128 520 non
1151 490 1285 532 puero
1302 477 1416 519 fuit?

229 546 319 589 Vel
339 560 416 589 cur
434 547 504 588 his
526 547 688 588 animis
709 548 952 589 incolumes
972 559 1061 589 non
1081 545 1263 588 redeunt
1283 546 1443 599 genae'?

173 657 349 694 lairsulum;
370 660 445 688 tunc
458 658 707 698 quandocumque
720 661 752 689 te
766 658 924 690 diversum
945 659 1104 700 aspexms
1125 658 1159 690 in
1180 658 1314 698 speculo,
1336 657 1440 688 dices.-
1464 655 1569 693 Eheu,
1582 656 1635 695 qut·

170 709 254 731 nunc
273 701 361 731 adest
375 700 510 736 animus,
524 709 619 740 quare
637 700 719 732 idem
734 710 794 732 non
808 700 907 742 affuit
919 699 1034 740 juveni
1048 700 1124 732 mihi
1135 704 1148 731 .⁹
1168 701 1218 732 vel
1244 710 1339 741 quare
1363 699 1437 730 kuic
1454 699 1551 730 menti
1573 708 1634 729 non

172 745 376 774 revertuntur
388 742 522 782 integrae
533 742 634 775 maloe.

781 794 1023 808 OOO‘OOOOO‘OO

174 857 278 890 Fabr.
293 859 386 890 Mur.
403 859 509 899 Rutg.
541 859 576 891 in
585 861 708 900 speculo
724 866 856 902 septem
874 860 992 892 Lamb.
1009 859 1076 891 duo
1093 859 1353 900 Blandd.Cruq.
1369 858 1520 890 Bentleii
1538 857 1637 889 Leid.

173 901 297 942 Regin.
314 905 350 933 et
365 900 434 939 alii,
461 902 644 934 Pulmanni
663 903 799 935 Diesth.
822 903 922 935 Harl.
948 905 982 934 4.
1006 906 1038 934 5.
1063 903 1152 934 Altt.
1169 902 1262 943 Lips.
1287 905 1319 934 1.
1343 901 1489 932 Mentel.
1510 901 1636 932 Venet.

173 945 270 976 1492.
291 943 435 975 Locher.
451 943 534 976 Asc.
551 945 675 977 Heius.
692 945 812 987 Steph.
829 945 913 977 Fab.
929 946 1059 977 Dacer.
1085 945 1202 977 Bentl.
1219 945 1323 976 Baxt.
1343 943 1430 976 Cun.
1455 944 1537 975 San.
1556 942 1636 975 Jou-

174 985 270 1070 {¹3:⁹¹}
283 986 427 1061 Ῑέιίοιιῑ.
441 987 586 1062 ἒὲἰῑεοῑι.
610 989 756 1020 Wetzel.
777 987 917 1020 Wakef.
937 987 1044 1020 Kidd.
1059 992 1096 1020 et
1111 987 1232 1021 Comb.
1276 986 1371 1029 Apte
1387 986 1504 1018 laudat
1520 985 1636 1017 Bentl.

263 1049 274 1059 .
321 1038 340 1061 c
355 1050 364 1060 .
385 1038 426 1061 ιι.
487 1053 495 1061 .

835 1084 981 1117 NOTAE

172 1146 284 1178 solute
309 1146 405 1188 poni,
428 1150 467 1178 ut
487 1147 579 1187 apud
601 1147 726 1187 Virgil.
750 1146 826 1180 AEn.
851 1157 878 1181 1.

173 1195 184 1214 ‘
197 1195 286 1227 Tum
301 1205 403 1237 prora
420 1196 570 1228 avertit-³
612 1196 680 1228 Sed
704 1197 878 1238 vulgatam

173 1245 355 1278 lectionem
372 1245 626 1288 praefereudam
641 1255 778 1278 censeo.

216 1297 238 1327 6
261 1293 408 1336 Speculo]
430 1295 538 1326 Velut
553 1292 764 1326 effoeminato
787 1295 878 1337 quod

173 1343 324 1377 foeminae
354 1349 408 1376 eat
438 1344 558 1376 tribuit
581 1344 770 1384 speculum.
822 1345 879 1376 Sic

173 1394 353 1428 juvenalis
362 1394 535 1426 Othonem
545 1393 796 1434 Imperatorem
809 1395 880 1425 vel-

174 1445 256 1477 licat
283 1443 387 1476 etiam
413 1444 448 1474 in
470 1442 593 1475 castris
617 1443 796 1483 speculum
814 1443 879 1475 cir-

176 1492 437 1532 cumferentem,
463 1492 538 1525 Sat.
568 1501 609 1524 11.
642 1495 696 1524 99.
737 1497 774 1525 et
804 1495 879 1524 103.

171 1545 182 1562 ‘
199 1542 385 1576 Consilium
415 1541 555 1575 formae’
583 1542 758 1584 speculum
790 1543 880 1575 belle

175 1598 276 1626 vocat
290 1592 474 1627 Martialis.

217 1642 380 1691 Alterum]
396 1643 515 1685 Longe
531 1647 713 1684 mutatum,
729 1653 748 1676 e
760 1644 828 1676 levi
844 1648 881 1676 et

932 1148 1041 1189 polito
1056 1147 1241 1189 hispidum,
1258 1148 1418 1188 pilosum,
1430 1147 1617 1178 horridum.

976 1200 994 1229 7
1022 1197 1103 1234 Quae
1127 1207 1213 1229 mens
1241 1201 1289 1229 est
1317 1197 1419 1236 hodie,
1443 1196 1515 1237 εἷα]
1543 1197 1637 1228 Dum

934 1249 1033 1279 annis
1049 1252 1086 1279 et
1108 1246 1366 1288 pulchritudine
1383 1245 1563 1285 florebam,
1578 1253 1639 1276 cur

933 1307 1002 1330 nou
1014 1307 1080 1339 ego
1094 1302 1262 1339 quaestum
1279 1296 1513 1328 meretricium
1528 1294 1619 1327 feei?

977 1349 997 1378 8
1026 1347 1082 1378 Vel
1099 1357 1156 1378 cur
1170 1347 1220 1378 his
1235 1346 1362 1383 animis,
1376 1345 1446 1386 &cf-‚J
1468 1345 1541 1376 Aut
1557 1354 1640 1385 qua·

935 1405 970 1427 re
986 1404 1055 1427 non
1070 1396 1217 1428 redeunt
1238 1395 1319 1427 mibi
1341 1395 1513 1426 imberbes
1529 1404 1640 1435 genae,

933 1453 1010 1476 cum
1020 1444 1093 1484 jam
1111 1448 1266 1485 tempore
1281 1443 1400 1484 didici,
1416 1448 1555 1475 aetatem
1573 1443 1641 1474 labi

935 1499 971 1525 et
988 1492 1131 1526 formam
1147 1494 1286 1536 perire?

977 1544 1166 1586 Incolumes]
1191 1544 1316 1576 Colore
1332 1547 1368 1576 et
1384 1545 1569 1586 juventute
1591 1544 1641 1575 ni-

934 1598 1059 1635 tentes,
1082 1595 1186 1626 nullis
1206 1599 1279 1626 tum
1303 1595 1398 1636 rugis
1425 1593 1639 1634 deformatae,

934 1645 1049 1677 aetatis
1065 1645 1182 1686 vigore
1197 1644 1372 1677 florentes.

777 1775 909 1818 ODE
952 1775 1046 1818 XI.

705 1875 757 1905 IN
793 1875 1109 1905 PHYhLlDEM.

177 1941 298 1975 Idibus
315 1942 458 1984 Aprili&
473 1943 531 1984 qui
546 1942 619 1974 dies
642 1942 828 1973 Maecenati
844 1950 905 1972 suo
927 1941 1049 1973 natalis
1064 1946 1153 1980 erat,
1169 1941 1357 1973 Fidicinam
1377 1940 1546 1983 quandam
1560 1941 1642 1972 ami-

219 2005 295 2029 cam
311 1996 354 2028 de
377 2005 469 2028 more
486 1995 528 2027 ad
546 2005 583 2027 se
609 1995 745 2027 invitat.
790 1995 1007 2027 Crediderim
1029 1995 1116 2027 lianc
1139 1994 1245 2026 fuisse
1261 2005 1362 2037 quam
1383 2004 1484 2036 supra
1506 1994 1642 2026 devium

220 2054 368 2082 scortum
385 2049 501 2091 Lyden
525 2049 763 2090 appellaverat
786 2049 892 2080 sodali
908 2057 967 2080 suo
989 2048 1140 2089 Telepho
1161 2048 1367 2090 adamatam,
1385 2058 1484 2089 quarn
1503 2049 1577 2089 jam
1599 2048 1641 2079 ob

224 2103 475 2144 provectiorem
499 2104 634 2135 scilicet
655 2103 689 2134 in
713 2113 748 2134 re
773 2103 868 2134 tenui
885 2106 1024 2134 aetatem
1048 2102 1125 2142 sibi,
1140 2111 1240 2144 quam
1265 2102 1314 2133 illi
1330 2107 1367 2133 et
1382 2101 1592 2133 adolescenti
1608 2105 1644 2132 et

222 2155 335 2194 diviti,
350 2158 459 2198 magis
472 2156 630 2188 idoneam
647 2156 720 2187 vult
737 2154 856 2188 videri.
898 2155 1090 2197 (Hariolari
1106 2165 1218 2188 meum
1235 2165 1301 2188 non
1318 2159 1383 2188 est.
1401 2154 1516 2196 Gesn.)

412 2233 508 2274 Es'r
528 2233 636 2274 mihi
654 2245 818 2274 nonum
839 2233 1089 2286 superantis
1111 2245 1272 2275 annum

225 2343 256 2374 0
268 2342 393 2384 Phylli,
406 2342 585 2383 amphoram
599 2341 694 2373 habeo
706 2340 831 2382 plenum
843 2339 963 2372 Albani
978 2340 1043 2371 vini
1059 2350 1173 2372 nonum
1185 2350 1302 2373 annum
1317 2342 1506 2382 transgressi
1517 2353 1527 2373 :
1550 2342 1644 2373 habeo

792 2425 830 2436 Ν
835 2424 1032 2437 θυκοθοθο

225 2481 305 2516 Ode
321 2486 442 2514 octava
458 2480 553 2513 Libri
569 2480 666 2512 tertii
683 2481 717 2512 in
733 2479 798 2512 Ed.
813 2480 941 2512 Sauad.
987 2479 1191 2512 Iunci-ibitur
1211 2480 1266 2513 Aa
1283 2481 1446 2523 Phyllida,
1468 2481 1501 2511 in
1516 2480 1642 2511 Venet.

185 2527 280 2558 14⁹2.
305 2524 448 2557 Locher.
462 2531 500 2556 et
516 2523 657 2555 Ascens.
691 2523 744 2555 Aa
759 2523 950 2565 Phyllidem,
971 2524 1009 2555 de
1034 2524 1086 2555 die
1109 2524 1213 2555 natali
1227 2525 1278 2555 sui
1293 2523 1479 2554 Maecenacis
1502 2522 1555 2562 qui
1575 2525 1644 2553 erat

186 2568 237 2599 Id.
250 2566 281 2599 A

282 2568 376 2609 prius
395 2573 464 2599 vet.
481 2567 557 2599 cod.
573 2576 628 2608 ap.
645 2566 808 2598 Torrent.
855 2566 909 2598 De
929 2566 980 2598 die
1004 2566 1121 2597 natalis
1143 2567 1192 2597 sui
1215 2566 1310 2596 simul
1329 2569 1362 2596 et
1376 2565 1564 2596 Maecenatis
1587 2565 1643 2596 alii

186 2618 241 2650 ap.
253 2609 473 2643 Torrent.—-l
499 2610 641 2642 Locher.
654 2609 759 2641 habet
779 2609 901 2645 horreo,
918 2613 1080 2640 monente
1103 2608 1184 2640 Jani
1209 2607 1251 2638 ad
1274 2608 1308 2639 h.
1327 2617 1376 2638 vs.
1402 2616 1464 2648 pro
1479 2617 1546 2649 qua
1561 2616 1642 2639 voce

841 2692 984 2726 No'rAE

233 2758 382 2790 Mettum
398 2759 486 2792 idem
504 2761 594 2801 quod
609 2769 712 2802 supra
727 2769 751 2792 ι.
769 2758 838 2792 Od.
853 2761 886 2791 2.

231 2811 247 2840 l
279 2809 335 2839 Eat
358 2807 447 2847 mihi,
472 2810 540 2850 εμπ]
574 2810 733 2843 Natalem
758 2810 886 2842 Maece-

188 2860 277 2891 natis
289 2857 648 2907 celebraturuQPoeta
660 2865 775 2892 noster
783 2860 887 2901 Phyl-

275 2914 391 2953 Delph.
404 2916 436 2944 et
455 2912 531 2943 Var.
546 2913 632 2944 Clas.

878 2912 997 2944 Horat.

941 2757 1046 2789 lidem
1076 2756 1118 2788 ad
1146 2757 1266 2798 epulas
1306 2757 1442 2793 invitat,
1482 2758 1644 2799 lautaque

941 2807 1089 2849 spondet
1105 2806 1176 2839 fore
1193 2808 1324 2846 omnia;
1349 2817 1391 2839 ne
1415 2817 1496 2840 vero
1511 2809 1568 2840 illa
1581 2810 1646 2840 Te-

941 2859 1034 2900 lephi
1054 2867 1168 2890 amore
1184 2858 1385 2894 retineatur,
1408 2859 1523 2891 multis
1547 2869 1644 2891 cona-

1485 2912 1560 2945 20
