1930 3242
715 287 994 318 senmouuu
1030 288 1124 318 ΜΒ.
1157 288 1191 319 1.
1222 278 1292 320 10.

1641 278 1728 320 899

268 383 359 433 Illi,
380 382 548 437 scripta
566 382 728 436 quibus
749 381 983 424 Comoedia
1001 383 1147 436 prisca
1167 381 1275 423 viris
1298 385 1382 431 est,

271 450 375 492 Hoc
396 451 584 498 stabant,
606 448 694 490 hoc
716 453 818 490 sunt
836 448 1060 501 imitandi3
1081 462 1192 503 quos
1211 463 1351 503 neque
1371 448 1555 503 pulcher

270 517 576 570 Hermogenes
596 528 794 569 unquam
814 517 932 570 legit,
953 529 1097 571 neque
1119 517 1274 558 simius
1296 518 1394 568 iste,

270 584 354 627 Ni}
372 588 532 639 proeter
551 581 739 624 Calvum
758 587 803 624 et
822 583 978 625 doctus
999 587 1178 626 cantare
1201 583 1440 625 Catullum.

268 651 306 702 {I
326 650 387 693 At
405 663 607 704 magnum
626 649 747 701 fecit,
775 651 894 705 quod
913 653 1061 694 verbis
1082 651 1244 694 Graeca
1265 651 1434 693 Latinis

1667 652 1724 694 20

267 776 346 808 cidit
360 777 515 819 efficacius
528 780 559 808 et
572 778 677 817 aptius
690 787 783 819 quam
806 777 961 809 acerbum.
1008 778 1058 808 Eo
1073 778 1243 818 ponebant,
1265 779 1300 810 in
1316 789 1350 810 eo
1362 783 1436 811 sunt
1451 779 1626 811 imitatione
1637 778 1729 817 digni

267 819 406 851 homines
419 819 469 850 tui
488 830 508 851 a
523 820 635 860 quibus
650 824 739 852 vetus
751 821 899 852 comoedia
913 821 1038 851 condita
1052 824 1099 852 est
1110 831 1120 851 .·
1143 831 1215 860 quos
1238 831 1394 861 nuvnquum
1417 822 1531 853 evolvit
1554 825 1609 853 aut
1632 821 1728 852 bellus

269 861 496 901 Hermogenes,
509 866 565 894 out
578 863 689 894 simius
702 863 776 900 iste,
789 863 870 894 nihil
883 863 985 894 sciens
998 873 1109 894 canere
1123 864 1188 894 nisi
1205 864 1334 894 Calvum
1348 868 1377 895 et
1398 864 1567 896 Catullum.
1601 863 1730 895 Atenim

268 903 410 936 Lucilius
423 904 578 937 laudabile
600 905 657 936 hoc
675 906 830 946 praestilit
844 906 923 946 quod
940 905 1071 936 Groecas
1084 915 1171 937 voces
1187 906 1312 938 Latinis
1333 907 1468 939 miscuit.
1516 907 1546 938 0
1560 906 1679 948 stupidi
1694 905 1730 936 in

927 1004 958 1036 N
965 1003 1070 1036 OTAE

267 1066 363 1098 canuti
380 1066 632 1106 patrisfamilias
653 1077 740 1109 esse,
763 1068 855 1110 quod
878 1078 970 1100 eme-

269 1127 308 1148 re
326 1117 410 1149 velit
425 1122 594 1150 emturum
614 1128 650 1149 se
675 1128 815 1158 negare,
830 1123 972 1159 propter

266 1167 511 1207 competitores
521 1166 702 1199 emtionis.’
724 1167 776 1199 Id.
788 1168 869 1200 ibid.
882 1167 971 1199 Vide

269 1215 370 1248 Orat,
395 1226 458 1256 pro
481 1217 516 1248 L.
533 1217 708 1256 Muraena3
733 1217 791 1249 ubi
808 1218 971 1249 cavillans

269 1270 383 1298 astute
398 1266 519 1298 Cicero
533 1266 717 1299 adversarii
734 1267 877 1300 Catonis
893 1277 972 1300 auc-

271 1317 447 1348 toritatem
462 1317 569 1349 eludit
581 1318 766 1360 vincitque.

315 1369 355 1398 16
377 1366 445 1408 Illi,
470 1368 588 1408 scripta
604 1368 725 1408 quibus,
745 1367 815 1408 Sym]
839 1369 970 1400 Comoe-

266 1417 335 1450 diae
350 1419 477 1450 veteris
500 1423 674 1459 auctores,
690 1420 846 1460 Eupolis,
861 1421 971 1452 Crati-

267 1478 345 1508 nus,
371 1467 632 1509 Aristophanes,
658 1471 725 1500 ὅτε.
771 1469 824 1500 De
850 1469 971 1511 quibus

266 1517 340 1550 Sat.
355 1527 405 1550 lv.
420 1518 572 1559 praeced.

312 1570 352 1600 17
370 1567 441 1599 Hoc
455 1568 593 1608 stabant,
609 1568 678 1610 ξω]
695 1569 760 1601 His
776 1569 972 1612 virtutibus,

267 1626 350 1659 quas
369 1617 470 1650 modo
484 1618 637 1657 laudavi,
650 1619 889 1653 excellebant:
914 1631 972 1652 va-

267 1668 319 1698 ria
345 1667 550 1707 eruditione,
580 1669 825 1701 sententiarum
849 1675 973 1711 arguta

269 1716 453 1755 brevitate,
468 1719 650 1759 satyricum
667 1719 770 1750 salem
785 1724 866 1760 apte
880 1718 973 1750 affri-

267 1767 404 1805 cabunt,
431 1768 648 1799 acrimoniam
668 1769 748 1810 styli
769 1768 870 1799 modo
891 1778 970 1800 exe-

268 1822 396 1854 rentes,
411 1818 582 1858 interdum
599 1819 820 1858 cohibentes;
846 1824 879 1850 et
891 1829 970 1851 con-

266 1868 355 1899 sulto
372 1867 500 1899 viribus
515 1873 711 1909 parcentes,
724 1870 790 1900 &c⁸

311 1919 353 1949 18
369 1917 600 1958 Hermogenes]
621 1917 797 1959 Tigellius,
810 1927 890 1949 acer
904 1918 970 1949 Ln-

267 1969 339 2001 cilii
353 1968 480 2010 fautor,
495 1969 538 2001 de
555 1978 622 2010 quo
638 1969 711 2001 Sat.
729 1978 785 2000 nr.
799 1969 949 2010 praeced.

312 2018 431 2051 Simius
456 2020 531 2060 iste]
567 2020 763 2052 Demetrius
795 2018 908 2060 poeta,
935 2025 972 2051 et

269 2066 460 2100 fabularum
477 2074 592 2100 actor:
613 2068 656 2099 de
669 2078 736 2109 quo
752 2069 856 2109 paulo
873 2074 970 2109 post:

269 2117 400 2149 simius.-
422 2127 566 2158 corpore
589 2116 776 2156 deformis;
801 2119 855 2149 vel
877 2119 973 2160 inep-

271 2172 326 2199 tus
342 2173 378 2199 et
393 2168 540 2199 insulsus
557 2167 724 2199 imitator.

315 2220 356 2249 19
373 2218 434 2249 Nil
446 2221 563 2258 praeter
576 2218 718 2256 Calvum,
732 2216 802 2258 ξω]
818 2217 972 2259 Uterque

269 2268 326 2300 ille
337 2269 396 2310 hos
411 2273 542 2300 tantum
555 2267 674 2309 poetas
687 2268 853 2299 amatoria
865 2268 973 2308 scrip-

270 2318 413 2350 titantes
438 2318 586 2359 legebat,
607 2327 776 2359 nunquam
803 2327 883 2349 vero
899 2319 970 2350 exi-

269 2369 355 2401 mios
380 2369 454 2399 illos
473 2368 598 2400 veteris
623 2368 806 2400 Comoediae
827 2378 867 2400 ac
892 2378 970 2410 per-

269 2416 437 2449 fectorum
474 2417 574 2459 hujus
612 2418 749 2459 generis
784 2418 971 2450 carminum

269 2467 467 2509 scriptores.
509 2468 566 2500 Sic
590 2468 752 2500 Horatius
781 2468 970 2508 Hermoge-

271 2528 349 2550 nem
372 2524 409 2550 et
430 2519 643 2551 Demetrium
671 2518 853 2559 imperitiae
873 2523 971 2550 notat.

273 2567 402 2607 pariter
416 2572 517 2609 atque
538 2569 680 2600 luxuriae
696 2580 704 2601 :
729 2569 877 2610 indeque
894 2578 971 2610 pro-

273 2615 335 2646 bat
354 2616 474 2648 Satirae
493 2627 589 2650 veras
611 2620 784 2659 ignorasse
802 2621 968 2657 virtutes3

274 2671 310 2697 et
323 2666 402 2698 hinc
414 2667 489 2699 illos
502 2678 577 2701 esse
598 2670 732 2712 ineptos
747 2671 970 2703 admiratores

275 2716 412 2748 Lucilii.

321 2765 465 2806 Calvum]
502 2767 579 2798 Cor.
607 2769 758 2802 Licinius
782 2772 906 2803 Calvus
937 2771 970 2802 in

275 2814 443 2858 poematis
469 2816 657 2850 scribendis
683 2821 898 2862 perelegans,
923 2821 970 2852 in-

1025 1070 1125 1111 genio
1139 1070 1255 1111 lepido
1269 1074 1306 1102 et
1326 1070 1475 1109 urbano;
1499 1068 1624 1102 Catulli
1648 1067 1729 1109 poe-

1025 1126 1070 1152 tae
1086 1121 1214 1153 amicus
1229 1120 1307 1153 fuit.
1331 1121 1455 1153 Cicero
1470 1121 1504 1152 in
1523 1119 1636 1161 Epist.
1653 1129 1730 1150 eum

1023 1171 1154 1210 laudat,
1177 1172 1292 1213 aitque
1316 1171 1477 1203 Iambicis
1503 1169 1728 1211 praestitisse:

1025 1222 1148 1263 quibus
1179 1222 1330 1254 civitatis
1352 1221 1456 1252 etiam
1478 1219 1667 1262 principes,
1692 1219 1732 1250 C.

1026 1272 1196 1304 Caesarem
1214 1277 1249 1304 et
1268 1272 1483 1311 Pompeium,
1495 1271 1662 1303 acerrime
1682 1270 1731 1301 in-

1026 1323 1151 1354 sectari
1169 1323 1305 1354 minime
1322 1322 1506 1354 dubitavit.
1531 1320 1677 1354 Quintil.
1694 1325 1731 1351 et

1023 1372 1157 1402 Seneca
1173 1372 1314 1403 Calvum
1338 1371 1495 1402 scribunt
1516 1370 1731 1401 contendisse

1026 1429 1103 1451 cum
1134 1421 1184 1450 M.
1213 1420 1323 1451 Tullio
1352 1420 1396 1450 de
1431 1419 1628 1460 principatu
1659 1420 1730 1450 elo-

1027 1468 1189 1508 quentiae.
1224 1469 1321 1500 Petr.
1344 1467 1470 1500 Crinit.
1486 1468 1634 1510 Gregor.
1657 1468 1730 1510 Gy-

1026 1519 1112 1550 rald.
1129 1520 1197 1550 διο.

1071 1568 1244 1609 Catullum]
1267 1569 1306 1600 C.
1323 1569 1438 1600 Vaier.
1450 1568 1607 1600 Catullus
1625 1570 1730 1600 Vero-

1024 1620 1138 1650 nensis
1163 1619 1199 1650 in
1227 1619 1311 1650 urbe
1335 1619 1463 1650 claruit
1484 1629 1552 1659 quo
1574 1623 1731 1659 tempore

1024 1668 1205 1700 Terentius
1234 1668 1367 1699 Varro:
1406 1668 1511 1699 Docti
1542 1677 1730 1707 cognomen

1026 1718 1171 1759 adeptus
1205 1723 1259 1749 est
1292 1717 1453 1758 peculiari
1490 1718 1658 1758 epitheto,
1687 1727 1729 1749 ex

1027 1768 1240 1799 eruditorum
1257 1777 1437 1799 consensu.
1467 1768 1546 1800 Val.
1560 1767 1731 1799 Martialis

1026 1819 1067 1849 ad
1082 1819 1254 1857 Macrum,
1268 1827 1304 1849 x.
1321 1821 1375 1850 78.
1391 1819 1402 1836 ‘
1418 1818 1493 1849 Nec
1511 1818 1635 1849 multos
1651 1818 1732 1849 mihi

1027 1867 1191 1910 praeferas
1204 1869 1348 1909 priores,
1362 1867 1440 1899 Uno
1452 1867 1511 1898 sed
1524 1867 1586 1899 tibi
1599 1867 1658 1898 sim
1671 1868 1731 1899 mi-

1026 1928 1090 1950 nor
1103 1918 1258 1950 Catullo!
1277 1918 1425 1958 Scripsit
1435 1917 1572 1958 Lyrica,
1583 1917 1732 1957 Hegias,

1027 1969 1294 2009 Epigrammata.
1325 1967 1596 1999 Commendatur
1611 1968 1731 1999 mirum

1026 2019 1060 2049 in
1089 2017 1225 2049 modum
1251 2027 1271 2048 a
1297 2018 1425 2050 Gellio.
1468 2017 1591 2049 Crinit.
1619 2018 1662 2048 de
1689 2027 1730 2049 eo

1028 2069 1200 2109 vulgatum
1217 2073 1270 2100 est
1286 2068 1459 2100 distichon
1474 2068 1565 2101 istud
1580 2079 1588 2100 :
1613 2070 1622 2086 ‘
1641 2069 1730 2100 Tan-

1029 2123 1100 2150 tum
1118 2129 1223 2159 parva
1236 2128 1297 2150 suo
1313 2119 1419 2150 dehet
1434 2119 1573 2150 Verona
1584 2119 1730 2158 Catullo,

1027 2170 1201 2202 Quantum
1233 2179 1355 2210 magna
1382 2179 1443 2201 suo
1474 2169 1618 2202 Mantua
1653 2169 1729 2200 vir-

1028 2220 1132 2260 gilio.'

1070 2273 1112 2302 20
1134 2271 1182 2302 At
1207 2281 1353 2311 magnum
1371 2271 1467 2312 fecit,
1496 2270 1565 2311 ζα]
1603 2271 1659 2304 Ita
1684 2270 1730 2301 lo-

1026 2325 1176 2362 quuntur
1191 2321 1312 2353 Lucilii
1329 2320 1499 2354 fautores:
1529 2329 1612 2362 quos
1629 2319 1729 2351 refel-

1024 2370 1066 2402 lit
1083 2370 1248 2402 Horatius
1272 2370 1446 2412 deinceps.
1491 2369 1614 2401 Insulsi
1635 2369 1729 2399 nimi-

1025 2430 1097 2452 rum
1111 2421 1217 2462 palati
1227 2421 1380 2453 homines
1397 2421 1431 2453 id
1445 2418 1728 2458 laudabantquod

1025 2475 1078 2501 est
1094 2469 1224 2502 fatuum
1241 2476 1276 2502 et
1291 2471 1376 2501 vitio
1394 2469 1617 2506 vertendum3
1635 2477 1728 2499 nem-

1025 2531 1080 2562 pe,
1099 2526 1107 2539 ‘
1126 2522 1238 2552 verbis
1264 2522 1390 2553 Graeca
1414 2520 1543 2551 Latinis
1560 2518 1730 2550 miscere!

1026 2571 1173 2602 Lucilius
1191 2568 1282 2610 a'pud
1300 2571 1408 2601 Cicer.
1425 2569 1466 2599 dc
1483 2569 1592 2600 Finib.
1610 2578 1636 2602 1.
1651 2578 1683 2599 n.
1695 2571 1728 2600 9.

1025 2621 1034 2637 ‘
1051 2621 1155 2660 χαῖρε,
1186 2621 1338 2660 inquam,
1365 2620 1442 2650 Tite
1455 2643 1463 2651 .
1474 2642 1482 2651 .
1495 2641 1503 2650 .
1515 2619 1628 2660 χαΐρε,’
1661 2621 1726 2651 &c.

1026 2670 1078 2700 De
1097 2669 1207 2700 Finib.
1225 2678 1266 2701 11.
1283 2679 1316 2702 u.
1332 2673 1385 2701 24.
1399 2671 1409 2687 ‘
1428 2670 1546 2701 Laeliu’
1561 2670 1727 2700 clamores

1026 2720 1148 2761 sophos
1163 2720 1219 2750 ille
1234 2720 1368 2751 solebat
1384 2719 1520 2759 Edere,’
1533 2721 1598 2751 dcc.
1622 2719 1726 2759 Apud

1027 2771 1114 2802 Non.
1142 2770 1285 2802 Marcel.
1309 2770 1343 2800 in
1361 2779 1446 2801 voce
1466 2770 1476 2787 ⁴
1493 2779 1692 2811 compernes
1707 2769 1728 2800 :⁷

1026 2820 1136 2852 Lucil.
1165 2820 1238 2853 Sat.
1261 2820 1319 2852 lib.
1343 2828 1436 2852 xvu.
1461 2825 1469 2838 ‘
1490 2820 1590 2852 Nunc
1607 2829 1725 2853 censes
