1904 3256
582 294 772 326 eroum<
807 294 972 327 manu.
1414 283 1500 325 701

222 391 405 441 Amore,
427 390 504 445 qui
523 403 595 431 me
619 394 778 444 praeter
798 402 946 431 omnes
965 387 1130 443 expetit

281 457 495 500 Mollibus
515 456 559 497 in
579 457 729 510 pueris
751 462 827 499 aut
847 457 893 498 in
912 455 1078 510 puellis
1098 466 1232 496 urere.

221 524 317 566 Hic
335 524 485 566 tertius
508 523 766 573 December,
786 536 845 566 ex
864 536 954 577 quo
975 522 1126 564 destiti
1474 521 1503 559 5

278 590 463 632 Inachia
480 589 641 640 furere,
662 590 802 644 sylvis
821 589 1030 631 honorem
1051 587 1230 630 decutit.
1294 630 1296 632 ,

224 657 354 700 Heu!
383 670 466 709 me,
486 670 565 712 per
586 656 754 698 Urbem
773 656 898 712 (nam
919 656 1059 710 pudet
1078 654 1189 696 tanti
1210 651 1335 708 mali)

282 724 459 766 Fabula
477 729 645 778 quanta
663 724 752 766 fui!
783 723 1090 765 conviviorum
1111 725 1157 762 et
1175 721 1377 774 poenitet,

226 790 280 832 In
298 791 402 845 quis
423 795 643 832 amantem
662 794 707 833 et
724 791 908 843 languor
927 792 970 830 et
989 787 1207 829 silentium

282 855 456 910 Arguit,
476 862 522 898 et
540 857 679 899 latere
700 856 865 910 petitus
882 855 973 896 imo
994 854 1190 908 spiritus,
1455 853 1512 894 10

227 922 447 966 Contrane
467 924 638 964 lucrum
659 923 722 964 nil
742 922 887 965 valere
909 921 1147 962 candidum
1254 915 1256 917 ’

286 991 503 1045 Pauperis
522 989 771 1044 ingenium!
794 988 1010 1043 querebar
1029 987 1272 1042 apploraus
1291 986 1400 1038 tibi3

59 1109 176 1140 anon,
189 1098 244 1140 qni
257 1108 307 1131 me
324 1108 392 1140 proe
406 1099 527 1130 eunctis
546 1098 709 1130 incendere
731 1096 815 1138 cupit
837 1106 915 1136 erga
937 1098 1057 1127 teneros
1076 1105 1188 1136 pueros
1212 1095 1260 1126 vel
1277 1095 1406 1135 puellas.
1449 1095 1518 1127 Hic

62 1143 174 1174 terei-u
187 1141 359 1173 December
379 1142 494 1182 spoliat
517 1141 642 1171 arbores
658 1140 760 1180 foliis,
776 1149 816 1171 ex
828 1149 886 1179 quo
900 1139 981 1170 desii
994 1138 1133 1178 deperire
1150 1138 1319 1168 Inachiam.
1366 1137 1442 1169 Heu
1455 1149 1517 1178 me,

62 1187 177 1224 quanta
187 1183 245 1221 sui
257 1182 370 1221 sabula
389 1193 445 1223 per
461 1182 566 1214 urbem
577 1182 593 1213 Ι
636 1181 742 1224 (Nam
761 1182 855 1222 pudet
866 1191 915 1212 me
929 1180 1013 1211 tanti
1026 1180 1101 1210 mali
1112 1179 1141 1220 :)
1162 1181 1291 1220 poem'tet
1307 1180 1402 1211 etiam
1417 1181 1519 1212 convi-

30 1253 32 1255 ,
62 1225 196 1261 viarm,
216 1226 250 1256 in
266 1225 377 1265 quibua
390 1234 500 1255 amans
513 1225 649 1255 declarat
665 1233 698 1254 se
713 1225 871 1263 languore,
885 1223 1111 1262 taciturnitate,
1125 1225 1155 1253 et
1169 1222 1315 1262 suspiriis
1329 1231 1346 1253 e
1366 1221 1521 1262 profundo

62 1270 184 1307 pectore
198 1267 350 1298 deductis.
396 1267 476 1298 Tum
498 1275 569 1296 vero
593 1266 686 1297 simul
703 1275 741 1297 ac
760 1267 889 1296 ardente
909 1265 982 1295 vino
1002 1265 1203 1302 inmhceram,
1220 1267 1251 1295 et
1271 1274 1384 1295 numen
1404 1265 1522 1304 pudore

64 1318 174 1341 carens
186 1311 305 1341 secreta
318 1317 387 1340 ntea
399 1309 571 1347 duwoerat
585 1309 650 1339 loco
663 1317 719 1340 suo
727 1318 740 1346 ,-
761 1317 820 1347 ego
832 1306 917 1348 flens
931 1308 1012 1347 apud
1027 1310 1059 1339 te
1073 1306 1293 1348 conquerebar,
1309 1307 1390 1347 quod
1402 1309 1523 1338 sincera

672 1391 911 1405 ΜΝΟΟΟΟΝ

68 1445 112 1478 ad
125 1445 224 1486 virg.
241 1447 446 1477 1x.197.—4
469 1445 480 1463 ‘
494 1444 574 1476 Nou
600 1444 716 1484 placet
739 1442 820 1473 illud
848 1443 882 1473 in
903 1444 1023 1483 pueris,
1044 1443 1086 1474 ἐπ’
1096 1443 1228 1482 puellis.-
1252 1442 1308 1473 ubi
1326 1442 1523 1482 praepositio

67 1489 238 1528 geminata
253 1487 360 1518 otiosa
375 1491 411 1518 et
426 1486 570 1518 elumbis
585 1485 734 1516 videtur.
777 1485 985 1524 Scripserat,
998 1485 1129 1525 opinor,
1142 1485 1289 1516 Auctor:
1303 1485 1455 1516 Mollibus
1468 1489 1524 1516 aut

62 1529 182 1570 pueris,
193 1532 248 1561 aut
262 1529 296 1560 in
307 1528 420 1570 puellis
433 1538 535 1560 urere.
557 1527 648 1568 quod
662 1531 838 1558 mutarunt
854 1526 1012 1566 Librarii,
1026 1527 1104 1566 quia
1122 1527 1155 1558 in
1172 1527 1286 1567 priore
1299 1527 1451 1558 membro
1465 1527 1524 1558 de-

67 1570 208 1603 siderari
224 1571 500 1611 pra-,positionem
517 1570 728 1608 credebant;
751 1579 826 1610 quae
846 1572 960 1600 tamen
975 1571 1151 1609 eleganter
1168 1569 1288 1600 abesse
1304 1570 1404 1608 solet,
1420 1574 1457 1600 ut
1473 1579 1525 1600 os-

67 1613 162 1646 teudi
175 1611 219 1644 ad
239 1613 336 1652 illud,
355 1621 414 1645 nt.
433 1611 502 1645 0d.
517 1615 572 1644 25.
586 1615 632 1643 22
658 1612 762 1644 Bentl.
808 1611 905 1642 Unus
930 1612 1055 1642 Blaud.
1084 1611 1231 1642 Mollibus
1251 1612 1283 1642 in
1308 1611 1414 1651 pueris
1437 1615 1467 1643 et
1489 1612 1525 1642 in

64 1654 253 1696 puellm—6
275 1655 438 1688 Inachiam
454 1653 822 1691 Laurentxrorremm
845 1657 881 1684 et
904 1654 953 1684 sic
977 1659 1046 1684 vet.
1061 1654 1240 1684 Schol.—-7
1266 1653 1343 1684 Heu
1367 1653 1423 1693 mi,
1453 1653 1525 1685 sive

68 1697 144 1729 Heu
157 1697 235 1729 milti
251 1697 442 1739 corrigebat
457 1697 654 1728 Theodorus
667 1696 922 1727 Marcilium—S
942 1697 952 1712 ‘
968 1695 1009 1726 ln
1028 1695 1180 1734 Mngdal.
1196 1695 1294 1725 deest
1311 1698 1341 1725 et
1350 1705 1363 1731 ,·
1378 1695 1412 1725 in
1428 1695 1527 1726 Lam-

69 1739 138 1771 bini
154 1739 356 1781 quibusdam
374 1740 513 1780 ponitur
533 1744 614 1769 ante
629 1738 850 1770 conviviorum.
895 1736 998 1776 Apud
1015 1737 1167 1768 Plotium
1184 1737 1451 1768 Grammaticum
1469 1746 1526 1768 ve-

67 1787 175 1813 terem
191 1791 225 1822 p.
240 1784 338 1814 2662.
361 1782 411 1813 sic
428 1781 556 1812 editum
573 1785 639 1816 est,
660 1780 869 1811 conviciorum
889 1779 1031 1819 paenitet.
1077 1779 1149 1810 Nos
1172 1779 1268 1809 nnius
1293 1779 1439 1810 literulae
1455 1788 1528 1809 mu·

69 1823 198 1856 tatio-e
208 1825 426 1864 languentem
441 1829 477 1855 et
491 1823 667 1863 jacentem
684 1822 890 1853 sententiam
907 1821 1077 1852 ereximus
1094 1822 1126 1852 in
1143 1822 1233 1852 hunc
1249 1821 1384 1852 modum
1398 1831 1408 1851 ε
1425 1820 1527 1852 Fabu-

68 1867 100 1898 l«
113 1865 316 1907 quantusnt'!
335 1866 548 1898 conviviorum
561 1869 596 1896 ut
609 1864 750 1905 poenitet.
795 1864 916 1904 Neque
930 1863 1080 1901 dubites,
1095 1864 1177 1903 quin
1202 1867 1323 1894 auctor
1349 1863 1397 1893 ita
1421 1863 1529 1903 scrip·

70 1908 164 1950 serit,
179 1909 263 1940 licet
278 1913 416 1940 centum
433 1907 564 1939 librarii
580 1908 633 1938 vel
644 1906 751 1947 jurati
769 1904 994 1945 negaverint.’
1017 1905 1128 1936 Bentl.
1173 1909 1183 1923 ‘
1200 1905 1302 1937 Liber
1317 1914 1404 1936 uuus
1419 1913 1438 1935 e
1453 1915 1530 1936 nns-

73 1949 136 1982 tris
147 1950 364 1990 convitiorum,
380 1950 440 1982 sed
465 1954 657 1990 repugnant
673 1959 714 1980 ea
729 1957 806 1989 quae
824 1952 1021 1987 sequnntur.
1065 1947 1206 1978 Mallem
1231 1948 1279 1978 sic
1306 1948 1439 1987 legere:
1468 1948 1531 1979 Fa·

73 1991 143 2024 bttla
155 1991 335 2034 quantasui
348 1993 580 2024 conviviorum?
601 1992 659 2023 heu
679 1990 821 2031 paenitet·
867 1990 953 2021 Nam
969 1993 1001 2020 et
1017 1990 1184 2029 particula
1200 1989 1279 2020 mihi
1303 1990 1358 2020 hic
1386 1989 1531 2021 molesta

74 2038 149 2073 θεῖς
170 2039 206 2065 et
228 2044 295 2076 qno
318 2033 451 2077 facilluq
467 2039 632 2073 mutetur,
647 2043 685 2064 eu
700 2042 762 2073 pro
778 2033 835 2063 heu
851 2040 944 2073 saepe
961 2033 1130 2072 scriptum
1147 2031 1320 2063 invenias:
1345 2031 1532 2063 Turrem.—

75 2078 96 2106 9
117 2075 127 2094 ‘
144 2075 234 2107 Puto
248 2075 336 2116 fere,
351 2077 529 2117 scripsisse
553 2076 713 2117 poetam:
733 2075 854 2114 pallam
877 2083 955 2105 nam
970 2074 1167 2111 languorem
1189 2075 1262 2115 jam
1290 2073 1463 2105 silentium
1482 2075 1531 2104 in·

77 2117 206 2155 volvit3
228 2127 294 2149 nec
318 2118 434 2158 placet
458 2118 522 2149 hoc
546 2119 634 2149 loco.
676 2117 733 2147 Sic
753 2115 833 2146 alibi
849 2124 905 2146 nt.
921 2116 990 2147 Od.
1007 2119 1058 2148 10.
1073 2119 1124 2148 14.
1145 2118 1155 2134 ‘
1171 2117 1298 2148 tinctus
1317 2116 1406 2147 viola
1423 2117 1533 2157 pallor

77 2158 286 2191 amantium)
307 2159 351 2191 cf.
368 2160 529 2199 Propert.
546 2169 571 2191 1.
587 2163 618 2191 5.
634 2161 688 2190 21.
711 2158 813 2189 Ovid.
828 2157 906 2189 Art.
922 2167 948 2189 ι.
959 2161 1036 2190 729.
1075 2158 1163 2190 Vide
1180 2160 1279 2198 plura
1295 2159 1330 2190 in
1344 2159 1435 2190 notis
1450 2159 1534 2190 Pas·

77 2201 196 2233 seratii
216 2205 253 2233 et
270 2201 498 2233 Brouckhusii
515 2201 557 2233 ad
574 2201 631 2232 illa
644 2200 805 2240 Propert.
822 2208 879 2231 ln.
894 2202 925 2230 8.
941 2200 1008 2232 28!
1025 2201 1218 2232 Klotz—ll
1249 2202 1427 2241 Contraque
1453 2201 1532 2233 edd.

9 2286 15 2294 Ι
79 2247 165 2275 vett.
212 2243 369 2276 Contrane
385 2244 483 2276 Harl.
501 2246 530 2275 l.
543 2247 575 2276 2.
588 2246 620 2275 3.
635 2245 666 2274 4.
681 2245 713 2274 6.
727 2247 872 2283 quatuor
886 2241 987 2274 codd.
1002 2243 1150 2274 Blandd.
1167 2252 1287 2274 novem
1304 2253 1359 2284 ap.
1374 2243 1534 2275 Torrent.

78 2284 133 2327 (et
148 2285 284 2327 quidem
307 2295 383 2317 cum
406 2285 685 2327 interrogationis
707 2284 803 2325 signo
827 2289 903 2324 post
926 2283 1102 2325 ingenium)
1123 2285 1205 2316 Vet.
1219 2285 1331 2317 Seliol.
1355 2285 1426 2326 alii,
1442 2286 1532 2326 quod

79 2327 212 2369 recepit
227 2327 333 2370 Crnq.
360 2332 397 2360 et
422 2328 471 2360 aie
496 2328 613 2360 Bentl.
639 2327 742 2358 Baxt.
770 2327 877 2358 Gesn.
906 2326 1015 2357 Zeun.
1045 2327 1199 2367 Francis,
1226 2327 1367 2368 Bipont.
1396 2328 1535 2359 Mitsch.

735 2400 877 2433 NOTAE

123 2469 144 2498 ὅ
169 2466 295 2498 Tertius
305 2466 491 2508 December]
513 2467 650 2499 Tertius
662 2466 779 2508 itaque
834 2465 923 2506 apud
953 2464 1126 2496 Inachiam
1151 2473 1286 2496 avaram
1307 2462 1534 2494 meretrIcem.

85 2523 190 2546 annus
203 2520 268 2549 est.
834 2515 981 2547 Quidam
998 2515 1141 2555 legunt:
1167 2515 1322 2544 Contrane
1348 2513 1465 2542 lucrum
1489 2511 1537 2542 nil

123 2565 148 2595 8
169 2565 289 2598 Iuda
315 2569 432 2607 quanta
447 2566 519 2607 sui]
548 2566 644 2599 Quot
667 2575 778 2597 rumo-
832 2566 936 2596 calere
949 2564 1112 2595 candidum
1127 2563 1284 2602 Pauperis
1293 2559 1481 2600 ingenium?

85 2621 154 2651 res,
165 2620 249 2654 quet
267 2625 439 2648 sermones
464 2619 578 2658 vagati
594 2616 638 2647 de
654 2625 721 2655 me,
737 2615 780 2646 ob
879 2614 1055 2644 Candidum
1077 2611 1235 2651 Pauperis
1251 2611 1424 2651 ingenium]
1448 2612 1536 2643 Can-

86 2662 235 2694 Iuachioe
250 2667 524 2706 amorem‚immo
535 2666 694 2698 furorem.
835 2664 931 2694 didos
954 2671 1078 2698 mores,
1103 2660 1231 2701 ingenii
1246 2660 1313 2691 vim
1329 2665 1365 2692 et
1380 2670 1536 2700 acumen,

131 2713 170 2742 ll
189 2711 783 2757 Gontmne[coneraque]tucrum,&c‚]
806 2707 809 2712 ”
835 2710 1455 2754 sapientiam,eruditionem,aliasque
1465 2711 1536 2744 ani-

89 2760 262 2792 Adversus
281 2762 434 2795 rivalium
458 2765 618 2797 ditiorum
642 2774 782 2796 munera
835 2764 881 2795 mi
897 2763 995 2795 dotes
1008 2761 1158 2794 eximias.

89 2810 203 2852 opima
227 2810 306 2842 nihil
334 2819 387 2842 ne
408 2821 516 2852 posse
545 2824 586 2846 ac
615 2813 782 2856 proficere
