1904 3256
319 289 404 331 676
787 304 831 340 Q.
863 281 1068 332 noenu
1103 301 1274 331 abacta

540 394 714 444 Quibus
734 394 962 446 superbam
981 392 1091 444 fugit
1114 392 1208 435 ulta
1225 393 1444 447 pellicem,

596 459 746 511 Magni
767 457 965 499 Creontis
984 458 1132 509 filiam,

540 526 647 568 Cum
667 523 802 578 palla,
820 525 925 565 tabo
944 537 1098 566 munus
1117 525 1342 577 imbutum,
1360 538 1516 568 novam
1675 527 1731 568 65

597 590 806 630 Incendio
825 594 1004 643 nuptam
1021 592 1231 633 abstulit?

536 654 674 707 Atqui
693 667 771 696 nec
784 655 925 697 'herba
942 669 1021 697 nec
1041 657 1183 698 latens
1203 658 1247 698 in
1267 658 1433 713 asperis

594 719 741 761 Radix
758 720 912 762 fefellit
931 734 999 763 me
1019 723 1140 764 locis.

306 842 411 891 sugit,
434 847 535 891 sumta
558 843 674 874 ultione
697 844 735 874 de
753 844 874 892 pellice,
898 845 1002 892 magni
1027 845 1168 894 Ονςοηςίε
1187 846 1283 887 ,filiai
1312 848 1428 887 quando
1453 846 1596 895 chlamys,
1620 847 1731 878 donum

314 887 415 915 toxico
429 885 585 923 infectum,
594 894 699 915 novam
712 894 847 925 sponsam
862 887 1000 917 encendw
1012 890 1169 918 extmxzt?
1201 887 1245 919 At
1260 898 1314 920 nec
1325 889 1415 919 herba
1429 897 1482 919 nec
1493 889 1585 919 radix
1598 896 1733 920 crescens

904 979 1038 991 ouem
1040 980 1135 993 ‘‘‘‘‘

314 1030 435 1061 Bland.
449 1030 753 1071 Cruquii,nonnnlli
764 1031 1010 1071 Lambiui‚cum
1023 1033 1101 1064 edd.
1113 1034 1215 1065 Baxt.
1227 1035 1338 1067 Bentl.
1349 1035 1452 1066 Gesn.
1465 1034 1570 1066 Zenn.
1581 1033 1732 1072 Francis,

312 1071 450 1112 Bipont.
466 1073 601 1103 Mitsch.
616 1073 754 1104 Wetzel.
770 1073 905 1104 Wakef.
921 1074 1036 1105 Comb.
1061 1078 1096 1106 et
1117 1075 1222 1108 Kidd.
1241 1076 1420 1107 laborarint.
1453 1076 1594 1115 Cuning.
1608 1075 1731 1106 Sanad.

311 1117 347 1143 et
370 1114 518 1149 Towers,
539 1114 818 1144 emmanue-63
844 1115 961 1150 Quibus
987 1116 1117 1154 superba
1143 1116 1237 1147 Harl.
1254 1120 1282 1147 l.
1297 1120 1328 1148 2.
1343 1119 1374 1148 3.
1389 1120 1421 1149 4.
1435 1120 1468 1148 6.
1491 1116 1630 1148 dimidia
1653 1124 1730 1156 pars

312 1153 411 1184 codd.
426 1154 537 1186 Bentl.
551 1155 582 1185 in
599 1155 719 1195 quibus
736 1155 854 1194 Regin.
867 1160 903 1186 et
915 1156 1008 1187 Leid.
1024 1157 1126 1188 Brod.
1137 1158 1219 1189 Exc.
1231 1158 1310 1189 Sax.
1323 1158 1417 1189 Gott.
1433 1159 1538 1189 multo
1550 1158 1663 1198 plures
1677 1166 1732 1196 ap.

310 1194 465 1226 Torrent.
486 1196 622 1227 Venett.
642 1199 734 1227 1477.
751 1199 843 1228 1478.
859 1200 952 1228 1479.
968 1200 1061 1229 1544.
1083 1198 1223 1229 Mediol.
1243 1201 1336 1230 1477.
1355 1202 1450 1230 1482.
1473 1199 1621 1230 Florent.
1636 1200 1732 1229 1482.

311 1235 469 1268 Glarean.
486 1237 563 1269 Ald.
580 1237 698 1269 Heius.
712 1238 871 1278 Rutgers.
887 1238 1002 1279 Steph.
1014 1239 1138 1279 Delph.
1153 1240 1295 1271 Chabot.
1312 1241 1354 1270 al.
1377 1241 1386 1257 ‘
1401 1241 1538 1272 Rectius
1554 1244 1665 1270 tamen
1679 1248 1732 1270 εκ·

309 1278 432 1316 perham
453 1279 589 1318 pellicem
610 1289 685 1310 cum
708 1279 881 1318 Blandjnis
897 1280 1036 1321 aliisque
1051 1281 1191 1321 legeris:
1216 1282 1343 1313 dulcior
1357 1282 1443 1312 enim
1459 1280 1655 1322 compositio
1671 1285 1735 1320 est,

310 1323 346 1348 et
374 1319 548 1358 epitheton
573 1320 803 1359 aptissimum.’
824 1321 932 1352 Bentl.
975 1322 1136 1361 superbam
1161 1323 1257 1353 Harl.
1281 1326 1309 1353 1.
1330 1325 1360 1354 2.
1380 1326 1411 1354 3.
1431 1325 1461 1353 4.
1480 1326 1513 1354 6.
1536 1327 1572 1353 et
1593 1326 1732 1352 tuentur

310 1360 428 1390 Lamb.
451 1362 555 1401 Cruq.
569 1362 722 1391 Torrent.
737 1361 908 1392 Scbrevel.
923 1362 1023 1391 Baxt.
1037 1362 1142 1392 Gesn.
1159 1363 1264 1394 Zeun.
1281 1364 1419 1403 Bipont.
1435 1363 1579 1394 Wetzel.
1594 1362 1734 1394 Mitsch.

310 1400 454 1441 Cuning.
468 1401 591 1432 Sanad.
607 1402 757 1438 Towers,
773 1401 924 1441 Francis,
941 1402 1071 1433 Wakef.
1085 1403 1200 1435 Comb.
1215 1409 1249 1435 et
1266 1403 1451 1436 Kidd.-65
1474 1403 1570 1436 Gott.
1589 1409 1625 1435 et
1647 1403 1731 1435 Exc.

947 1484 1089 1517 NO'rAE

307 1545 348 1576 fit
370 1550 408 1576 ut
430 1555 504 1577 mea
527 1547 690 1578 veneficia
710 1548 817 1578 minus
839 1547 993 1579 valeant?

307 1595 489 1626 Enimvero
505 1595 626 1626 similia
641 1599 718 1626 sunt
734 1595 785 1635 iis,
797 1595 915 1636 quibus
934 1604 994 1627 usa

308 1648 360 1674 est
382 1644 507 1674 Medea
530 1644 570 1674 ad
595 1644 800 1684 perdendam
831 1644 994 1675 Creusam

307 1691 474 1732 pellicem.
520 1692 608 1723 Nam
649 1692 831 1733 exquisitas
871 1692 993 1724 herbas

307 1751 454 1784 quasque
479 1743 557 1774 novi
578 1747 615 1774 et
636 1742 785 1774 adhibui.
821 1743 891 1774 Cur
913 1751 993 1783 ergo

306 1792 415 1822 Varus
429 1791 516 1823 liber
532 1802 571 1823 ac
585 1793 725 1831 solutus,
745 1796 784 1824 ut
808 1795 898 1830 ante,
916 1800 993 1832 per-

307 1840 357 1880 git
371 1840 412 1870 ad
430 1839 586 1880 pellicum
603 1840 748 1871 cubilia?
784 1841 860 1871 Non
882 1849 994 1871 moror

306 1897 380 1928 quae
395 1887 427 1918 in
444 1887 531 1918 hunc
553 1888 663 1919 locum
678 1888 869 1919 deblaterat
887 1888 992 1919 Scali-

307 1945 378 1976 ger.
417 1935 529 1974 Hunc,
557 1936 676 1975 lector,
701 1936 729 1966 si
757 1939 866 1975 vacat,
892 1935 990 1966 audi:

307 1983 318 2001 ‘
338 1984 422 2016 Haec
453 1983 646 2024 diligentius
680 1983 912 2024 inspicienda,'
941 1983 991 2014 in·

306 2033 400 2074 quit3
422 2037 432 2052 ‘
448 2042 590 2074 namque
604 2032 728 2072 accipit
747 2032 803 2063 hie
818 2042 877 2063 sua
892 2041 993 2064 vene·

305 2090 362 2117 na,
384 2091 460 2122 quae
484 2082 532 2112 ait
556 2081 706 2113 efficacia
727 2080 829 2112 fuisse
844 2082 990 2121 Medeae,

305 2131 369 2162 sibi
389 2130 497 2161 minus
519 2131 643 2161 valere.
677 2130 725 2161 At
748 2140 823 2172 qnae
838 2132 990 2162 venena?

307 2177 425 2219 quibus
441 2179 603 2209 cremavit
619 2179 784 2219 pellicem.
806 2178 854 2210 At
869 2188 911 2211 ea
923 2189 990 2210 non

306 2228 462 2258 exercuit
485 2227 642 2258 adversus
663 2228 809 2258 Varum:
834 2227 891 2258 sed
907 2228 990 2268 phil-

307 2277 368 2306 tris
398 2279 528 2307 tantum
564 2277 644 2316 egit·
690 2276 810 2317 ltaque
841 2276 888 2307 ait
915 2276 990 2308 hic:

306 2328 315 2342 ⁸
327 2325 447 2356 amoris
462 2333 535 2356 esse
551 2326 704 2365 poculum
715 2324 736 2356 :’
751 2330 806 2356 et:
819 2325 829 2342 ⁴
847 2334 912 2357 non
928 2325 991 2356 usi-

307 2373 400 2411 tatis,
413 2373 517 2413 Vare,
532 2373 723 2413 potionibus
746 2373 788 2403 ad
811 2382 863 2403 me
879 2382 991 2403 recur-

307 2421 384 2453 res.'
416 2422 489 2462 Ego
506 2422 616 2462 potius
631 2421 797 2453 dicerem:
820 2423 829 2439 ‘
843 2430 904 2452 cur
918 2420 992 2451 dira

306 2470 460 2502 barbarae
485 2469 590 2510 magis
616 2479 745 2502 venena
776 2468 910 2500 Medeae
934 2478 990 2500 va-

307 2519 401 2559 lent,’
420 2519 549 2550 scilicet
565 2527 663 2559 quam
678 2517 817 2549 nostra!
851 2517 992 2562 Canidia

309 2568 468 2599 adversus
483 2569 607 2599 Varum
619 2576 683 2599 non
696 2566 848 2598 exercuit
858 2565 991 2597 Medeae

307 2616 491 2656 veneficia3
512 2625 574 2647 nec
590 2617 678 2647 enim
693 2624 767 2646 eum
785 2623 932 2646 cremare
957 2619 992 2646 et

307 2664 462 2696 occidere
488 2665 664 2706 cupiebat:
688 2664 747 2696 sed
774 2664 847 2704 pari
867 2663 992 2694 virtute

309 2723 347 2746 ae
362 2715 427 2745 ritu
445 2715 578 2754 pai-avit
592 2715 771 2756 pharmaca
786 2714 826 2746 ad
842 2714 932 2745 illum
949 2714 991 2744 ad

308 2774 342 2794 se
373 2764 615 2802 revocandum;
647 2774 721 2805 quae
750 2763 881 2804 quidem
912 2762 991 2794 nihil

1045 1547 1199 1579 effecisse
1222 1548 1431 1588 obstupescit
1457 1548 1583 1588 primo:
1607 1547 1730 1579 deinde

1046 1606 1125 1628 vero
1141 1599 1291 1638 agnoscit
1307 1606 1439 1628 causam
1461 1606 1520 1628 cnr
1542 1606 1658 1636 parum
1674 1606 1731 1628 va-

1045 1645 1179 1676 luerint.
1229 1646 1324 1678 Quod
1361 1654 1440 1676 vero
1475 1645 1731 1685 Hypercriticus

1046 1693 1233 1734 subjungit,
1257 1695 1429 1725 Canidiam
1454 1693 1584 1734 philtris
1599 1698 1730 1726 tantum

1045 1743 1168 1783 egisse,
1182 1743 1315 1774 omnino
1341 1742 1507 1774 refellitur
1527 1751 1570 1774 ex
1584 1743 1730 1774 lectione

1046 1795 1159 1822 textus
1187 1791 1330 1831 Horatii,
1353 1801 1449 1833 quem
1471 1790 1546 1822 fuse
1561 1791 1731 1831 explicavi

1044 1839 1139 1870 initio
1154 1840 1250 1879 hujus
1266 1840 1371 1879 Odes,
1385 1849 1444 1871 seu
1461 1840 1493 1870 in
1510 1839 1616 1880 prima
1629 1848 1732 1870 anno-

1045 1887 1172 1917 tatione
1187 1896 1272 1918 mea.
1306 1888 1522 1927 Unguentum
1537 1888 1643 1928 primo
1656 1888 1729 1929 qui-

1044 1933 1132 1968 dem,
1146 1939 1181 1965 at
1197 1939 1315 1975 postea
1330 1936 1487 1976 philtrum
1501 1936 1652 1967 adhibuit
1666 1937 1729 1968 ca-

1043 1982 1146 2022 nidia,
1162 1988 1199 2014 nt
1221 1983 1302 2014 dixi.
1337 1984 1532 2016 Meminisse
1559 1993 1658 2025 porro
1671 1984 1730 2015 de-

1045 2030 1147 2062 bebat
1162 2032 1212 2062 vir
1234 2031 1323 2063 omni
1342 2033 1518 2064 literatura
1531 2033 1729 2074 perpolitus,

1044 2089 1143 2111 voces
1170 2081 1263 2118 istas,
1288 2082 1298 2099 ‘
1319 2081 1472 2120 venena,’
1501 2082 1511 2099 ‘
1531 2081 1732 2122 pharmaca,’

1043 2131 1053 2147 ⁴
1081 2129 1256 2169 potiones:
1300 2131 1310 2148 ⁸
1332 2130 1600 2166 incantamenta.’
1636 2140 1729 2171 saepe

1044 2179 1198 2218 usurpari
1211 2179 1398 2218 promiscue
1422 2187 1482 2219 pro
1498 2178 1648 2220 quolibet
1671 2187 1728 2209 ve—

1043 2226 1175 2258 neficio.
1211 2227 1346 2257 Servius
1371 2228 1405 2258 in
1426 2227 1549 2266 Georg.
1572 2235 1598 2257 ι.
1614 2225 1655 2256 ad
1671 2234 1727 2257 eas

1042 2285 1139 2307 voces
1155 2277 1164 2294 ‘
1180 2276 1236 2308 ille
1251 2277 1373 2306 malum
1387 2275 1501 2315 virus:
1511 2285 1558 2307 vs.
1575 2277 1648 2306 129.
1662 2278 1728 2306 tes-

1044 2330 1135 2365 tatur
1151 2324 1198 2355 ita
1214 2324 1324 2355 vocari
1339 2324 1420 2355 illud
1436 2332 1534 2355 omne
1550 2323 1639 2364 quod
1659 2320 1730 2354 rnu-

1043 2378 1094 2406 tat
1117 2379 1267 2404 naturam
1290 2373 1361 2413 ejus
1390 2373 1437 2403 rei
1462 2372 1516 2403 cui
1539 2371 1728 2410 adhibetur,

1042 2422 1112 2452 sive
1129 2421 1325 2460 occidendo,
1340 2421 1410 2451 sive
1426 2421 1587 2452 sanando.
1613 2420 1729 2452 Graeci

1042 2470 1268 2510 pharmacum,
1290 2469 1402 2501 Latini
1417 2478 1579 2500 venenum
1605 2473 1661 2501 aut
1679 2470 1727 2501 vi-

1043 2528 1098 2550 rus
1113 2519 1324 2559 appellitant.

1084 2571 1124 2599 63
1151 2569 1225 2599 Ultu
1245 2567 1392 2607 pellicem,
1408 2567 1522 2606 Magni
1539 2566 1678 2598 Creontis
1682 2566 1728 2607 fi-

1043 2617 1130 2657 liam]
1158 2618 1213 2648 De
1242 2616 1375 2654 Medea,
1401 2615 1509 2656 deque
1533 2615 1606 2655 ejus
1629 2614 1726 2645 ulcis-

1044 2666 1142 2697 cendi
1156 2667 1298 2706 ratione,
1314 2665 1390 2696 vide
1411 2664 1518 2705 Epod.
1537 2672 1594 2696 ιιι.
1616 2663 1727 2705 ibique

1047 2715 1126 2747 Not.

1893 1870 1904 1947 .»—-n-
