1930 3242
681 287 958 320 SERMONUM
992 287 1087 318 mu.
1118 287 1149 317 1.
1179 277 1250 318 10.
1592 274 1677 316 911

222 382 339 434 Vos,
361 382 522 425 Bibule
540 386 586 423 et
606 381 756 434 Servi3
789 381 919 423 simul
939 381 1008 422 his
1027 385 1082 431 te,
1103 380 1293 422 candide
1317 378 1450 421 Furni
1468 392 1479 421 :

223 450 488 506 Complures
508 449 639 500 aliOS,
660 449 816 491 doctos
837 462 918 501 ego
943 461 1056 502 quos
1079 453 1126 489 et
1141 448 1308 490 amicos

226 518 423 559 Prudens
443 521 672 571 praetereo,
694 517 856 569 quibus
878 516 989 565 haec,
1007 515 1098 556 sint
1119 515 1476 569 qualiacumque,

223 584 428 627 Arridere
449 583 602 635 velim3
633 583 867 633 doliturus,
888 583 929 624 si
948 583 1155 637 placeant
1175 595 1256 636 spe

225 652 428 694 Deterius
447 655 612 692 nostra.
671 650 886 700 Demetri,
907 654 1056 703 teque,
1076 649 1256 703 Tigelli,

227 718 560 773 Discipularum
581 717 691 759 inter
703 717 845 772 jubeo
865 717 1044 771 plorare
1062 716 1312 758 cathedras.

1624 648 1683 689 90

223 864 285 902 ter,
300 871 318 892 ο
330 861 448 893 sincere
466 860 566 892 Furni
575 871 588 898 ;
604 864 696 902 atque
711 861 789 892 alios
802 870 863 892 mm
884 870 1000 901 paucos
1013 861 1151 892 eruditos
1165 860 1352 899 amicosque,
1366 868 1441 899 quos
1457 861 1541 889 taceo
1555 860 1662 898 sponte
1672 867 1683 888 .-

225 904 334 944 quibus
356 904 431 944 ista,
457 905 689 944 qualiacumque
714 904 791 944 sint,
812 904 933 943 placere
956 903 1067 943 capim
1089 912 1174 941 oegre
1198 903 1320 934 laturus
1343 902 1371 932 si
1394 901 1496 932 minus
1521 900 1684 931 arrideant

224 956 316 986 quam
328 955 430 987 spero.
478 946 520 978 Te
534 949 650 987 autem,
665 956 682 977 ο
695 946 855 986 Demetri,
869 950 971 986 leque,
985 956 1003 977 ο
1021 945 1148 986 Tigelli,
1161 944 1257 984 ,iubeo
1271 944 1354 985 flere
1366 944 1451 975 inter
1465 942 1576 975 sedilia
1591 941 1686 974 disci·

837 1050 994 1063 “OOOOOO
997 1040 1077 1062 0000

227 1126 315 1158 Men'
329 1130 462 1165 moveat,
476 1127 578 1159 cimex
592 1127 765 1167 Pantilius,
779 1130 834 1158 aut
849 1127 967 1159 cruciet
987 1129 1081 1167 quod,
1101 1129 1157 1167 sse.
1180 1135 1280 1167 quem
1302 1124 1479 1157 vida—86
1502 1123 1512 1140 ‘
1533 1122 1607 1162 Vos,
1623 1122 1685 1154 Bi-

225 1168 290 1199 buli
304 1172 334 1199 et
346 1169 453 1210 Servi]
470 1170 559 1210 Ergo
571 1170 685 1210 plures
697 1171 750 1201 hic
763 1170 945 1210 alloquitur
958 1170 1090 1201 Bibulas
1103 1173 1133 1200 et
1146 1169 1283 1206 Servios,
1297 1172 1334 1199 ut
1344 1176 1446 1207 supra
1458 1166 1568 1198 Viscus
1580 1165 1686 1196 diros?

227 1211 296 1242 Sed
313 1211 397 1242 illud
414 1217 595 1252 repugnat,
611 1212 699 1253 quod
715 1212 822 1243 Servii
848 1212 882 1242 in
908 1212 1068 1243 vocativo
1095 1212 1219 1251 plurali
1245 1209 1518 1242 contractionem
1541 1217 1607 1239 non
1627 1207 1688 1238 ad-

227 1253 346 1284 mittit.
393 1253 498 1295 Atqni
517 1254 600 1285 illud
617 1259 717 1286 extra
738 1254 986 1286 dubitationem
1009 1259 1074 1292 est,
1091 1254 1184 1285 Serva·
1199 1254 1254 1285 hic
1270 1263 1290 1284 a
1307 1257 1403 1284 recto
1420 1251 1551 1283 Servius
1565 1249 1687 1288 fluere,

227 1305 294 1327 non
307 1295 460 1328 aServus.
495 1297 611 1330 Quare
628 1302 662 1328 et
679 1297 931 1336 elegantissima
947 1301 983 1328 et
998 1297 1188 1328 certissima
1204 1301 1256 1327 est
1273 1295 1408 1327 Nicolai
1424 1293 1559 1326 Heinsii
1573 1301 1688 1324 emen·

228 1337 341 1369 datio:
371 1338 444 1378 Vos,
460 1339 574 1370 Bibule
589 1343 620 1370 et
634 1339 747 1376 δεηθῇ
768 1339 860 1370 simul
879 1339 928 1370 his
951 1343 996 1379 te,
1018 1340 1150 1370 candide
1166 1337 1294 1370 Furni?
1319 1337 1434 1369 Bentl.
1478 1338 1488 1354 ‘
1507 1335 1687 1367 Bentleius

227 1384 307 1420 post
322 1379 499 1411 Heinsiuur
517 1385 613 1412 recte
636 1382 769 1421 posuit:
793 1381 854 1413 Vos
868 1381 983 1412 Bibule
1002 1385 1033 1412 et
1053 1380 1170 1412 Servi!
1194 1381 1296 1411 Baxt.
1341 1379 1454 1410 Bibule
1477 1379 1606 1419 aliquot
1628 1387 1688 1418 ap.

228 1422 375 1462 Cuning.
420 1422 533 1453 Bibuli
549 1423 646 1453 Harl.
661 1426 693 1454 2.
709 1426 739 1454 3.
754 1425 787 1454 4.
803 1426 836 1454 6.
859 1428 895 1454 et
911 1423 992 1454 Vet.
1009 1422 1217 1454 Comb.-88
1241 1423 1251 1440 ⁴
1270 1421 1383 1462 Aliqui
1402 1419 1488 1451 eod.
1512 1425 1548 1451 et
1572 1419 1626 1449 hic
1650 1423 1688 1450 et

227 1465 310 1495 alias
326 1473 388 1504 pro
401 1464 466 1495 sint
477 1464 604 1496 liabent
618 1464 805 1506 suut,quod
823 1465 867 1495 ob
885 1465 1059 1496 raritatem
1076 1463 1219 1495 mirifice
1233 1464 1364 1503 placuit
1380 1471 1501 1501 magno
1514 1461 1686 1493 Bentleio.

229 1506 356 1537 Verum
374 1515 440 1536 nou
455 1506 655 1538 adverterat
671 1507 722 1538 vir
737 1506 987 1538 eruditissimus
1013 1507 1206 1547 promiscue
1233 1505 1337 1537 fuisse
1363 1504 1527 1545 scriptum
1542 1508 1617 1535 sunt
1634 1504 1688 1535 vel

223 1547 405 1589 sii-rmum!
422 1549 614 1588 prolatione
630 1549 686 1580 vix
702 1547 880 1581 differrent
896 1549 1041 1581 Vocales
1057 1549 1070 1580 i
1085 1554 1119 1580 et
1132 1559 1153 1580 u
1170 1548 1318 1591 antiquis
1335 1546 1571 1588 temporibus!
1584 1547 1687 1578 Baxt.

223 1592 308 1622 —91
336 1590 570 1631 Discipularum
597 1591 692 1623 Harl.
707 1595 739 1624 6.
762 1592 890 1624 Venet.
908 1594 1004 1623 1559.
1023 1596 1059 1623 et
1075 1591 1239 1623 Glarean.
1290 1591 1525 1631 Discipularum
1540 1588 1638 1620 Harl.
1653 1592 1687 1620 2.

225 1634 257 1663 3.
274 1635 306 1663 4.
329 1633 372 1665 al.
387 1637 424 1665 et
439 1634 518 1665 edd.
537 1635 665 1674 primae.
710 1633 721 1650 ‘
737 1634 795 1666 Sic
811 1635 976 1674 scriptum
993 1639 1047 1665 est
1062 1634 1095 1664 in
1113 1634 1192 1665 trib.
1209 1633 1285 1664 cod.
1300 1633 1398 1663 Vatt.
1416 1636 1451 1662 et
1467 1632 1570 1664 Jann.
1587 1630 1687 1662 Faer.

223 1674 328 1707 Torn.
346 1675 513 1707 Russard.
538 1677 656 1708 Nicot.
673 1681 709 1708 et
725 1677 851 1708 Cleric.
881 1686 989 1718 neque
1019 1686 1100 1707 vero
1122 1676 1263 1707 dubium
1287 1676 1445 1716 cuiquam
1470 1673 1576 1704 debet
1600 1682 1690 1711 esse,

226 1718 310 1758 quin
326 1717 401 1749 haec
418 1719 462 1750 sit
478 1723 587 1757 recta,
603 1724 638 1750 et
654 1728 734 1750 vera
752 1719 866 1755 lectio,
884 1724 935 1750 tot
957 1719 1134 1750 codicibus
1150 1717 1365 1752 confirmata,
1380 1721 1418 1747 ut
1435 1722 1582 1753 taceam,
1595 1715 1686 1756 quod

225 1768 300 1790 eam
330 1759 495 1802 Porphyr.
520 1762 689 1802 agnoscit.
735 1761 914 1802 Significat
934 1765 1048 1792 autem
1068 1760 1228 1791 Horatius
1243 1760 1333 1791 hunc
1351 1759 1615 1799 Hermogenem,
1633 1757 1687 1787 vel

225 1799 373 1834 foeminis
389 1803 524 1843 probari
539 1809 682 1843 tantum,
694 1813 760 1835 non
777 1803 872 1835 viris:
893 1804 946 1835 vel
963 1803 1147 1844 discipulos
1163 1803 1288 1834 habere
1303 1801 1507 1842 impudicos,
1519 1805 1553 1831 et
1569 1809 1687 1841 parum

226 1853 350 1881 mares,
366 1850 402 1877 et
417 1845 576 1887 fortasse,
590 1847 648 1889 qui
664 1847 826 1888 magistro
841 1845 1011 1887 flagitiose
1027 1845 1340 1887 morigerarentur.'
1363 1843 1472 1875 Lamb.

888 1958 918 1990 N
924 1957 1030 1990 OTAE

229 2040 302 2063 mus
331 2032 462 2072 scripta
490 2042 551 2064 sua
581 2033 764 2071 recitavit;
798 2032 929 2073 primus
986 2039 1041 2065 tor
1062 2033 1205 2074 elegans
1230 2036 1266 2064 et
1288 2035 1482 2072 accuratus,
1497 2031 1601 2062 etiam
1619 2030 1687 2061 Ro-

230 2080 334 2112 etiam
352 2081 467 2112 Romae
482 2082 720 2113 bibliothecam
740 2080 863 2113 fecisse
881 2083 930 2113 di-

230 2130 332 2162 citur.
377 2131 475 2161 Bella
512 2131 658 2162 Caesaris
695 2135 731 2162 et
772 2131 930 2172 Pompeii

232 2179 380 2220 scripsit.
427 2180 629 2221 Diligentiae
644 2180 836 2221 plurimum,
851 2190 931 2212 con-

231 2229 299 2261 silii
329 2235 365 2260 et
393 2230 496 2262 animi
530 2231 612 2262 satis
642 2231 802 2271 hahebat,
841 2236 931 2264 teste

230 2279 463 2312 Quintiliano:
487 2284 523 2311 at
538 2280 650 2312 nitore
666 2281 806 2312 carebat
820 2286 857 2312 et
874 2282 931 2323 ju-

229 2329 408 2362 cunditate
424 2331 610 2363 Ciceronis.
649 2331 740 2364 Vide
754 2341 797 2364 u.
814 2332 883 2365 od.
900 2335 930 2365 1.

230 2378 280 2411 illi
296 2379 507 2422 inscriptam.

273 2429 427 2472 Messala]
451 2432 508 2463 De
531 2431 597 2463 hoc
623 2436 725 2464 antea
749 2442 797 2466 vs.
815 2435 868 2464 29.
886 2433 929 2465 ad

231 2489 363 2520 vocem,
377 2482 387 2499 ‘
400 2481 590 2515 Corvinus!

275 2533 318 2562 86
345 2531 419 2570 Vos,
434 2532 548 2563 Bibule
561 2536 593 2564 et
607 2532 716 2574 Servi]
732 2532 929 2564 Bibulorum

235 2582 337 2619 atque
352 2580 546 2612 Serviorum
559 2582 676 2614 Romae
689 2583 838 2622 insignes
851 2581 929 2614 fuis-

235 2638 272 2660 se
286 2627 429 2661 familias
444 2639 543 2662 nemo
564 2633 685 2664 nescit.
730 2633 799 2666 Jul.
816 2633 930 2665 Caesa-

236 2677 282 2708 ris
297 2677 331 2708 in
346 2679 523 2710 consulatu
540 2681 670 2723 collega
685 2682 842 2714 Bibulus.
875 2682 930 2714 Ad

234 2726 390 2758 Servium
406 2727 588 2768 Sulpitium
605 2736 683 2764 sunt
699 2733 814 2765 multae
833 2732 930 2765 Cice-

236 2776 506 2816 ronisEpistolae
523 2778 583 2810 lib.
600 2788 654 2812 tv.

282 2826 398 2867 Furni]
421 2827 564 2860 Furnius
581 2829 807 2864 Historiarum
823 2832 930 2874 scrip-

983 2093 1048 2114 mae
1065 2083 1190 2116 Consul
1205 2082 1286 2115 fuit.

1026 2135 1066 2164 91
1091 2133 1329 2174 Diseipularum
1354 2132 1450 2171 inter,
1464 2130 1536 2172 Sym]
1559 2130 1686 2161 Locum

984 2182 1074 2215 hunc
1086 2184 1240 2225 plerique
1251 2184 1480 2224 interpretum
1495 2181 1688 2213 transiliunt

986 2232 1176 2272 intactum
1199 2242 1404 2274 quanquam,
1432 2237 1471 2263 nt
1496 2230 1576 2262 mihi
1596 2230 1688 2261 vide-

987 2287 1055 2322 tur,
1086 2284 1176 2323 stylo
1207 2292 1273 2314 non
1304 2282 1492 2323 indignum.
1537 2281 1685 2314 Quidam

988 2332 1103 2364 volunt
1136 2332 1320 2365 Horatium
1348 2331 1531 2374 imprecari
1557 2332 1685 2361 luctum

985 2385 1021 2413 et
1048 2382 1273 2415 infortunium
1300 2383 1476 2415 Demetrio
1503 2386 1605 2422 atque
1629 2381 1686 2411 Ti-

986 2433 1090 2472 gellio
1124 2439 1283 2476 tanquam
1317 2434 1441 2474 ineptis
1480 2438 1515 2463 et
1552 2430 1687 2461 insulsis

985 2483 1220 2524 scriptoribus,
1235 2485 1291 2526 qui
1301 2482 1507 2515 mulierculis
1519 2481 1687 2511 duntaxat

984 2533 1122 2573 placere
1136 2534 1330 2565 studerent.
1376 2534 1449 2572 Ego
1471 2540 1553 2562 vero
1571 2530 1620 2562 sic
1636 2530 1685 2561 in-

985 2588 1158 2622 terpretor
1174 2583 1368 2621 Horatium,
1383 2581 1478 2622 quasi
1494 2581 1604 2612 dicat:
1629 2580 1685 2612 Ite

985 2633 1102 2664 molles
1120 2638 1155 2664 et
1172 2632 1386 2672 effoeminati,
1407 2631 1540 2672 pergite
1557 2630 1686 2661 adoles-

985 2683 1142 2714 centibus
1159 2683 1332 2723 corruptis
1356 2682 1410 2713 vel
1433 2682 1534 2713 etiam
1551 2680 1686 2711 mulier-

984 2732 1068 2763 culis
1087 2731 1236 2763 recitare
1264 2731 1411 2772 Elegias,
1430 2731 1594 2763 amatoria
1610 2740 1686 2761 car-

985 2782 1087 2821 mina,
1103 2791 1185 2814 voce
1201 2780 1305 2813 flebili
1322 2787 1358 2813 et
1372 2779 1532 2813 affectata
1548 2780 1589 2811 ad
1602 2780 1685 2812 mol·

984 2832 1115 2872 litiem3
1134 2833 1237 2874 juxta
1258 2831 1291 2863 id
1307 2831 1396 2874 quod
1411 2831 1514 2863 habet
1531 2830 1684 2869 Persius,
