1930 3242
433 248 518 290 944
897 262 939 303 Q.
970 263 1174 294 truamur
1198 262 1379 312 {nacor

433 352 473 393 Ο
494 366 670 406 magnus
687 356 872 408 posthac
890 355 1077 395 inimicis
1098 355 1232 406 risus!
1268 357 1428 399 Uterne

430 417 500 458 Ad
525 432 651 460 casus
671 419 826 459 dubios
847 418 952 460 fidet
969 421 1054 460 sibi
1075 414 1264 464 certius?
1294 423 1380 473 hic,
1400 425 1474 477 qui

431 483 634 524 Pluribus
654 483 837 524 assuerit
857 488 1045 525 mentem
1066 498 1306 541 corpusque
1326 489 1589 542 superbum?

430 547 500 588 An
521 548 610 600 qui,
630 550 858 597 contentus
877 561 1015 602 parvo
1034 554 1316 605 metuensque
1333 554 1478 605 futuri,
1545 535 1584 569 ᾔ
1617 577 1619 579 -

431 613 483 654 In
502 624 627 664 pace,
647 617 693 652 ut
712 612 899 665 sapiens,
919 608 1082 667 aptarit
1101 616 1255 658 idonea
1274 618 1390 659 bello
1402 621 1421 659 't

429 676 466 725 ῚῘ
488 676 586 726 Quo
607 678 745 729 magis
761 678 830 718 his
851 679 1027 731 credas3
1056 694 1166 734 puer
1184 682 1298 724 hunc
1319 697 1400 736 ego
1419 698 1581 738 parvus
1602 685 1788 727 Ofellum

431 741 616 792 Integris
636 742 792 795 opibus
809 745 908 785 novi
929 757 1010 786 non
1027 745 1158 786 latius
1178 760 1316 798 usum,

430 805 576 854 Quam
594 819 708 847 nunc
729 809 902 848 accisis.
958 807 1126 851 Videas
1145 817 1302 854 metato
1322 814 1366 854 in
1387 815 1527 866 agello

428 870 536 911 Cum
557 884 713 924 pecore
733 878 776 914 et
793 875 935 926 gnatis
955 874 1106 916 fortem
1126 870 1320 918 mercede
1342 879 1559 928 colonum,

1761 523 1845 599 1⁸10

1764 881 1847 939 ¹15,

427 999 545 1029 omnia:
570 999 599 1029 0
613 999 775 1031 cachinnus
787 1001 897 1040 ingens
906 1002 1014 1033 deinde
1027 1003 1213 1034 adversariis
1222 1003 1237 1034 !
1269 1005 1348 1040 Quis
1357 1007 1484 1037 duorum
1495 1005 1555 1036 sihi
1568 1005 1696 1048 confidet
1711 1007 1847 1039 securius

425 1039 459 1070 in
473 1040 592 1070 casibus
602 1041 748 1078 incerti-33
762 1051 801 1072 an
815 1043 844 1072 is
858 1043 910 1082 qui
925 1044 1059 1075 animum
1074 1048 1104 1075 et
1115 1054 1223 1084 corpus
1236 1055 1385 1084 arrogans
1395 1047 1590 1084 assuefecerit
1601 1048 1716 1086 mltis,
1727 1058 1768 1080 an
1781 1049 1845 1089 qui,

427 1082 543 1111 modico
557 1085 715 1113 contentus
729 1087 760 1113 et
774 1082 882 1120 futuri
893 1085 1050 1124 providus,
1068 1086 1101 1116 in
1115 1095 1187 1124 pace
1200 1087 1417 1126 comparaverit
1431 1088 1600 1118 necessaria
1612 1089 1652 1119 nd
1665 1088 1784 1128 bellum,
1799 1091 1847 1120 uti

425 1123 502 1152 solet
517 1123 658 1163 sapiens?
704 1123 815 1154 Verum
825 1127 859 1155 ut
874 1126 1018 1163 majorem
1034 1126 1083 1157 his
1097 1126 1327 1167 habeasfidems
1342 1138 1397 1166 ego
1409 1137 1523 1168 parvus
1532 1138 1609 1168 puer
1623 1129 1755 1166 Ofellum
1769 1129 1847 1161 hunc

425 1163 629 1195 animadversi
653 1174 710 1195 non
736 1165 853 1204 larg-ius
875 1175 962 1196 usum
978 1166 1184 1203 facultatibus
1198 1169 1344 1207 integris,
1359 1178 1446 1208 quam
1461 1179 1540 1200 nunc
1552 1170 1684 1201 attritis.
1729 1171 1847 1202 cmm

418 1204 488 1242 jam
507 1205 539 1235 ir
559 1206 693 1237 dimenso
709 1215 785 1246 agro
799 1216 867 1237 cum
883 1207 988 1238 liberis
1002 1211 1033 1240 et
1055 1218 1150 1248 grege
1165 1213 1320 1241 strenuum
1334 1211 1500 1249 agricolum
1516 1212 1734 1243 mercenarium
1745 1211 1791 1243 sic
1805 1213 1848 1243 lo-

1008 1312 1105 1324 OOm
1107 1311 1243 1324 OOOOOOO

427 1379 524 1411 Harl.
538 1383 570 1410 4.
585 1384 616 1411 6.
638 1381 753 1412 Bentl.
770 1385 804 1412 et
822 1381 1035 1414 indm—10⁷
1057 1384 1178 1414 Vener.
1199 1387 1290 1416 1559.
1313 1389 1348 1415 et
1371 1385 1529 1417 Glarean.
1555 1386 1632 1417 Uter
1651 1395 1732 1417 nam.
1764 1386 1849 1417 ‘Vir

426 1421 545 1451 doctus
560 1421 725 1452 Henricus
739 1423 924 1462 Stephanus
939 1433 999 1463 pro
1014 1425 1107 1454 latius
1119 1427 1267 1464 reposuit
1282 1427 1396 1457 lautius
1409 1435 1450 1457 ex
1466 1427 1672 1466 conjectura,
1685 1427 1773 1467 quod
1791 1428 1848 1458 mi-

425 1463 826 1536 {ssff·³’¹1322{5⁵?³‘{,‘5¹2⁴³„¹;¹f1
833 1464 1104 1538 52:21353322
1117 1466 1714 1549 ffls‘iff‘gez‘zsszffi{zzissffffsssszssssffigazi
1734 1469 1849 1540 ‘125523

1063 1599 1206 1631 NOTAE

425 1658 475 1688 tui
502 1658 658 1694 confidas,
673 1660 768 1700 quasi
792 1669 954 1701 prospera
976 1670 1110 1702 semper

423 1707 617 1738 habiturus:
647 1708 746 1739 immo
769 1718 850 1740 cave
875 1719 915 1740 ne
944 1711 1012 1741 alto
1037 1719 1110 1741 cor-

425 1764 523 1786 ruens
538 1756 633 1795 lapsu
649 1758 811 1796 graviore,
828 1757 979 1797 praebeas
996 1763 1030 1788 et
1048 1759 1110 1789 ini·

425 1804 518 1833 micis
529 1804 627 1834 risum
640 1814 679 1835 ac
690 1805 880 1843 ludibrium,
889 1811 924 1836 et
935 1807 1108 1837 malitiosae

422 1852 580 1882 Fortnnae
607 1852 718 1884 ludum
743 1863 782 1884 ac
801 1854 928 1894 jocum,
940 1860 1052 1894 atque,
1071 1859 1109 1884 ut

424 1899 472 1930 ait
486 1900 671 1940 Juvenalis,
685 1905 694 1919 ‘
711 1902 867 1941 mimum‚'
881 1902 951 1933 Sat.
967 1911 1017 1933 Vi.
1032 1905 1106 1934 607.

467 1951 526 1980 107
543 1949 658 1980 Uterne
667 1950 719 1981 Ad
733 1960 818 1981 cums
831 1951 947 1988 dubios,
958 1951 1027 1990 ihu]
1043 1952 1107 1982 Ur-

425 2003 481 2037 get
495 2007 594 2037 porro
609 2003 725 2029 noster
741 1999 866 2030 Poeta:
884 2000 960 2039 Dic,
978 2001 1105 2035 amabo,

423 2052 500 2077 uter
524 2047 556 2077 in
581 2047 728 2079 adversis
751 2049 958 2079 constantior
976 2049 1107 2080 futurus

424 2100 486 2134 est,
503 2105 543 2126 au
557 2096 612 2136 qui
627 2105 735 2127 rerum
751 2097 895 2127 omnium
910 2098 1008 2137 copia
1024 2107 1107 2128 sem-

424 2153 486 2184 per
511 2153 548 2174 se
578 2145 720 2184 satiarit,
751 2154 792 2176 an
818 2146 874 2186 qui
903 2145 995 2177 bonis
1027 2147 1108 2178 licet

422 2191 560 2223 affluens
583 2193 713 2224 modico
735 2203 770 2224 se
792 2195 895 2225 victui
921 2193 1107 2226 assuefece-

416 2241 469 2272 :rit
481 2240 506 2284 ἰ,
522 2241 677 2280 exemplo
707 2250 777 2271 rem
806 2243 932 2281 accipe.
975 2242 1107 2274 Ofellus

424 2276 502 2320 &m
529 2289 633 2328 dives,
662 2298 750 2320 nunc
779 2299 917 2329 pauper,
946 2296 1108 2322 mutatam

422 2342 546 2368 sortem
558 2338 613 2368 vix
626 2339 746 2376 sentit;
763 2339 915 2379 quoniam
927 2339 1016 2369 iuter
1028 2348 1108 2379 opes

423 2395 488 2417 non
504 2385 736 2417 abundantiori
756 2387 831 2418 cibo
852 2397 927 2418 usus
949 2392 1013 2426 est,
1028 2389 1038 2405 ‘
1057 2387 1108 2418 fu·

424 2435 492 2466 turi
516 2441 668 2466 metuens
679 2435 701 2474 ;’
731 2440 832 2477 atque
856 2438 866 2454 ‘
883 2437 916 2467 in
943 2437 1046 2477 pace‚’
1071 2442 1107 2468 et

423 2483 577 2515 secundis
603 2484 715 2524 rebus,
738 2485 748 2502 ‘
766 2489 804 2515 ut
826 2485 969 2525 sapiens,
986 2489 1107 2525 aptans

422 2532 544 2564 idonea
572 2531 676 2564 bello·
704 2537 739 2564 et
768 2534 912 2574 egestati
936 2534 1108 2574 praesidia,

423 2591 543 2622 nempe
567 2582 752 2613 tolerantiae
775 2582 933 2622 studium,
949 2582 1108 2614 animum·

424 2639 488 2670 que
504 2635 540 2662 et
556 2640 676 2670 corpus
690 2631 700 2648 ‘
717 2634 910 2662 contentum
924 2631 1051 2671 parvo!

467 2681 528 2709 112
560 2679 707 2720 Ofellum]
745 2681 828 2713 Post
855 2680 1105 2720 Philippensem

428 2727 599 2759 victoriam
623 2728 771 2760 reductis
795 2729 828 2760 in
850 2729 982 2760 Italiam
997 2727 1106 2759 militi·

1163 1661 1224 1693 bus
1243 1672 1339 1703 agros
1366 1663 1480 1694 divisit
1498 1663 1665 1703 Angustus
1681 1663 1847 1695 veteribus

1163 1713 1304 1743 dominis
1321 1713 1479 1743 ademtos.
1521 1712 1578 1743 Sic
1593 1717 1629 1742 et
1649 1711 1847 1752 Propertius

1163 1760 1290 1801 praedia
1318 1761 1440 1800 amisit,
1463 1760 1550 1802 quod
1571 1761 1645 1800 ipse
1671 1762 1847 1802 conqueri·

1163 1814 1242 1838 tur:
1274 1813 1309 1838 et
1336 1809 1495 1848 Virgilius
1519 1809 1591 1847 ipse
1615 1816 1747 1838 suorum
1771 1817 1846 1847 pos·

1161 1857 1306 1886 sessione
1321 1857 1479 1895 depulsus
1494 1865 1532 1886 ac
1548 1859 1678 1886 tantum
1695 1865 1758 1886 nou
1771 1865 1846 1895 spo-

1162 1903 1259 1934 liatus
1286 1909 1360 1934 est:
1389 1908 1482 1943 patet
1507 1912 1548 1934 ex
1571 1903 1752 1942 Bucolicis,
1771 1904 1845 1936 Ecl.

1161 1960 1186 1982 ι.
1215 1957 1250 1982 et
1284 1960 1335 1983 ix.
1378 1953 1434 1983 Sic
1463 1953 1563 1983 etiam
1591 1951 1722 1982 Ofellus
1750 1962 1844 1984 suum

1159 2008 1273 2038 agrum
1289 2000 1458 2031 Umbreno
1474 2000 1605 2031 cuidam
1627 2000 1726 2031 militi
1749 2002 1846 2032 attri-

1161 2046 1277 2079 butum
1303 2048 1470 2088 perdidit3
1505 2058 1543 2080 ac
1569 2049 1728 2090 deinceps
1753 2051 1845 2081 velut

1159 2095 1303 2127 alienum
1330 2097 1486 2128 mercede
1516 2097 1719 2138 conductum
1746 2107 1842 2130 exco-

1160 2143 1242 2174 luit:
1267 2154 1392 2185 suoque
1408 2146 1519 2176 labore
1542 2151 1578 2177 et
1599 2155 1702 2186 opera
1718 2148 1844 2178 rustica

1160 2200 1195 2223 se
1221 2200 1378 2232 suamque
1402 2193 1560 2225 familiam
1587 2195 1785 2227 sustentavit
1807 2199 1843 2224 et

1159 2239 1252 2271 aluit.

1202 2290 1263 2320 114
1278 2288 1399 2319 Metato
1411 2289 1445 2319 in
1456 2289 1569 2328 agello]
1590 2289 1768 2322 Salmasius
1783 2300 1842 2323 me-

1161 2341 1258 2368 tatum
1292 2337 1531 2376 interpretatur
1560 2338 1716 2377 opimum,
1746 2341 1842 2380 quasi

1161 2388 1302 2418 electum
1327 2390 1363 2416 et
1390 2386 1604 2426 assignatum.
1649 2388 1765 2419 Malim
1791 2394 1841 2420 ta-

1158 2444 1232 2466 men
1252 2443 1325 2466 cum
1352 2433 1422 2464 aliis
1440 2434 1627 2473 intelligere
1648 2435 1830 2476 simplicius

1160 2484 1286 2524 pertica
1302 2482 1497 2513 dimensum.
1541 2483 1626 2514 Nam
1652 2483 1699 2514 ita
1718 2484 1839 2525 cuique

1160 2536 1251 2563 certa
1266 2540 1432 2570 mensura,
1447 2535 1542 2562 certa
1558 2531 1682 2572 jugera
1696 2532 1840 2574 assigna-

1159 2581 1289 2611 bantur.
1346 2580 1439 2620 Virg.
1470 2580 1503 2610 in
1531 2579 1644 2612 Diris:
1678 2581 1841 2614 ‘Pertiea

1158 2639 1232 2671 quae
1248 2634 1378 2661 nostros
1404 2634 1529 2661 metata
1550 2633 1600 2660 est
1625 2629 1727 2670 impia
1750 2631 1842 2671 agel·

1159 2678 1232 2710 los!
1272 2679 1427 2719 Propert.
1453 2687 1501 2710 xv.
1517 2681 1547 2708 1.
1563 2681 1636 2710 130.
1665 2681 1674 2696 “
1690 2678 1840 2711 Abstulit

1160 2728 1310 2759 excultas
1327 2727 1454 2767 pertica
1468 2726 1571 2759 tristis
1587 2726 1690 2767 opes-⁹

1862 1647 1899 1667 J.
