1904 3256
710 267 899 300 EPODnN
934 266 1099 299 mann.
1513 254 1598 297 687

382 364 574 406 Furome
594 376 756 414 caecus,
778 376 834 404 an
859 362 976 417 rapit
993 362 1062 404 vis
1082 361 1255 403 acrior?

434 431 508 473 An
523 431 682 484 culpa?
714 443 974 485 responsum
995 430 1113 472 date.

377 499 571 551 Tacent3
602 503 647 539 et
667 511 746 539 ora
767 498 909 551 pallor
928 497 1057 539 albus
1074 495 1243 548 inficit3

439 565 700 619 Mentesque
721 566 938 618 perculsae
957 567 1151 618 stupent.

383 632 458 675 Sic
478 637 550 674 est
567 645 578 684 ;
608 633 767 673 acerba
785 631 878 673 fata
898 632 1131 673 Romanos
1152 633 1304 683 agunt,

438 699 676 752 Scelusque
691 699 901 740 'fraternae
917 698 1065 751 necis;

379 765 444 808 Ut
462 767 732 808 immerentis
752 766 883 808 fluxit
898 768 945 807 in
965 771 1126 807 terram
1148 765 1279 806 Remi

441 834 576 876 Sacer
595 833 826 888 nepotibus
847 847 985 876 cruor.
1074 824 1080 830 ’

1545 496 1601 536 15

1546 832 1603 873 20

151 957 302 1000 superior,
325 966 367 990 an
389 958 506 990 crimen
529 959 674 999 aliquod?
719 958 921 998 Respondete.
965 957 1069 990 Silene
1081 969 1091 989 .·
1113 961 1206 998 aeque
1225 956 1361 997 pallidus
1380 956 1462 988 color
1485 955 1604 987 vultum

153 999 272 1039 tingit,-
292 1000 449 1041 animique
463 1000 594 1033 attoniti
607 1001 832 1042 obstupescunt.
878 1001 932 1032 Ita
952 1005 1010 1032 est.
1056 1001 1213 1031 Romanos
1227 1000 1370 1038 exagitat
1383 1008 1450 1030 sors
1465 997 1605 1036 inimica,

150 1045 197 1116 εξ.
203 1044 427 1118 muz-'mdis
441 1043 621 1082 fraternoe,·
643 1053 683 1075 ex
696 1053 754 1084 quo
769 1043 885 1084 effusus
898 1046 947 1075 est
961 1043 1047 1075 humi
1059 1044 1190 1083 sanguis
1205 1043 1299 1074 Remi
1312 1042 1483 1074 innocentis
1505 1043 1606 1082 poste·

764 1148 1000 1162 OOONMN‘O

154 1222 232 1253 καί
245 1226 333 1263 sunt,
347 1223 411 1255 nisi
424 1224 459 1254 in
473 1223 590 1254 animal
603 1222 737 1264 dispar!
749 1223 952 1255 Reum—13
974 1223 1112 1255 Furome
1126 1232 1222 1254 coecos
1233 1222 1299 1254 duo
1313 1221 1414 1253 codd.
1423 1219 1610 1257 Torrentii‚

157 1263 247 1303 quod
270 1265 317 1296 illi
341 1275 409 1297 non
435 1265 608 1306 displicet,
626 1265 709 1297 item
732 1266 820 1304 Reg.
844 1266 923 1298 Soc.
946 1266 1111 1303 Bentleii,
1125 1271 1161 1297 et
1181 1266 1294 1297 Schol.
1321 1264 1488 1304 Porphyr.
1502 1263 1536 1294 in
1553 1262 1609 1293 ed.

155 1306 284 1339 Veniet.
295 1310 391 1340 1490.
407 1312 443 1339 et
456 1308 506 1339 sic
520 1308 766 1339 Bentl.Sanad.
777 1309 931 1346 Towers,
943 1309 1094 1347 Francis,
1105 1307 1239 1339 Wakvf.
1256 1312 1291 1339 et
1302 1307 1495 1338 Kidd.—l5
1511 1306 1520 1322 ‘
1534 1304 1609 1339 Μι-

152 1349 204 1389 gis
219 1349 334 1381 arrisit
347 1350 510 1381 Bentleio
525 1349 722 1381 inusitatior
744 1350 829 1380 ordo
845 1351 1055 1390 quarundam
1073 1350 1367 1381 membranarum:
1391 1352 1423 1379 et
1443 1348 1531 1379 albus
1554 1355 1610 1377 ora

153 1391 256 1431 paum-
268 1391 392 1433 ἐκβαίη
413 1391 510 1422 nobis
527 1396 711 1432 utcumque
726 1391 892 1430 probatur
907 1391 1105 1422 communis.
1142 1391 1271 1421 Verum
1288 1391 1335 1421 nil
1352 1390 1449 1420 tanti.
1482 1389 1612 1428 Hujus-

154 1432 246 1464 modi
267 1433 451 1464 varietates
477 1429 676 1473 plerumque
696 1432 865 1464 debentur
887 1434 993 1473 lapsae
1009 1432 1274 1464 exscribendum
1290 1430 1485 1463 memoriae!
1510 1431 1612 1461 Bost.

154 1473 212 1506 Ita
241 1473 340 1506 Harl.
368 1477 400 1507 4.
424 1475 546 1516 Regin.
576 1475 664 1515 Reg.
689 1475 766 1506 Soc.
793 1474 939 1507 Locher.
965 1480 1002 1506 et
1026 1474 1155 1514 Acron,
1185 1479 1220 1505 et
1250 1477 1458 1514 receperunt
1486 1471 1612 1504 Sansd.

154 1516 305 1557 Tovem,
330 1517 482 1558 Francis,
507 1521 543 1548 et
563 1517 758 1549 Kidd.—16
781 1517 885 1548 Brod.
902 1523 937 1548 et
958 1517 1055 1549 Harl.
1072 1519 1103 1548 2.
1127 1526 1289 1557 percusse.
1334 1516 1432 1547 Harl.
1445 1517 1479 1547 4.
1497 1517 1612 1556 pavent

154 1567 219 1600 pro
230 1562 453 1600 stupent—17
476 1561 486 1578 ‘
499 1560 594 1600 Duo,
610 1569 695 1601 quos
711 1559 781 1591 vidi
796 1559 895 1591 codd.
909 1560 1018 1591 acerba
1029 1559 1122 1597 facta
1144 1559 1329 1598 habebant,
1343 1559 1435 1600 quod
1457 1567 1524 1589 non
1550 1558 1613 1587 im-

154 1600 301 1642 probare
316 1611 466 1643 possum,
481 1606 519 1633 ut
535 1602 691 1643 Romani,
707 1607 743 1633 et
769 1611 829 1633 sua
850 1607 886 1633 et
905 1602 1036 1633 Romuli
1060 1601 1208 1633 auctoris
1231 1601 1283 1632 sui
1306 1602 1421 1641 culpa,
1446 1600 1489 1631 ad
1516 1608 1611 1630 arma

151 1644 320 1676 venerint.
363 1645 447 1676 Tale
463 1645 568 1676 illud:
594 1645 757 1676 ‘Delicta
785 1643 972 1684 1najorum,’
988 1646 1053 1675 ὅτε.
1101 1643 1177 1675 Nec
1206 1652 1289 1675 sane
1312 1648 1320 1661 ¹
1335 1642 1524 1675 scelestos'
1552 1650 1612 1672 vo-

154 1695 235 1718 care
250 1686 379 1728 debuit,
391 1696 532 1729 qnorum
547 1686 638 1718 nulla
653 1687 697 1718 sit
712 1686 838 1727 culpa?
862 1686 1006 1717 Torrent-

808 1768 952 1802 NOTAE

155 1842 247 1876 bella
268 1844 474 1884 gesserunt!
517 1844 676 1877 Juvenal.
698 1845 770 1876 Sat.
794 1852 859 1882 xv,
913 1844 1059 1885 poblicae
1075 1844 1200 1876 misero
1212 1842 1415 1884 funestoque
1433 1841 1613 1883 compulsi,

157 1896 233 1926 159.
257 1894 268 1911 ‘
279 1893 348 1926 Sed
359 1895 432 1935 jam
448 1898 644 1935 serpentum
661 1895 767 1935 maj0r
779 1904 859 1926 con-

157 1943 294 1976 cordia:
311 1944 423 1985 parcit
438 1945 603 1985 Cognatis
615 1945 755 1976 maculis
767 1944 857 1976 simi-

155 1993 200 2024 lis
223 1992 312 2026 fera.
355 1994 504 2028 Quando
527 1994 616 2026 leoni
641 1994 777 2026 Fortior
793 1995 858 2026 eri-

159 2041 234 2082 puit
249 2043 353 2075 vitam
369 2044 448 2076 leo?
470 2054 537 2086 quo
552 2053 690 2077 nemore
711 2054 858 2086 unquam

159 2091 342 2132 Expiravit
352 2102 436 2133 aper
447 2094 587 2134 majoris
595 2094 755 2125 dentibus
765 2096 859 2135 apri?

160 2141 285 2174 Indica
301 2141 398 2182 tigris
414 2143 484 2183 agit
505 2143 626 2175 rabida
641 2153 716 2175 cum
733 2144 860 2185 tigride

161 2200 281 2232 pacem
318 2191 551 2232 Perpetuam:
582 2193 680 2224 saevis
710 2194 802 2226 inter
824 2204 861 2226 se

159 2241 323 2279 convenit
346 2241 444 2273 ursis.
488 2241 554 2274 Ast
577 2243 704 2275 homini
730 2243 860 2277 ferrum

159 2291 265 2324 letale
281 2291 406 2323 incude
421 2291 570 2324 nefanda
579 2292 787 2326 Produxisse
801 2304 860 2336 pa-

163 2349 238 2373 rum
253 2340 330 2372 est?

205 2389 246 2422 12
283 2391 324 2422 In
349 2391 457 2432 dispar
475 2391 575 2434 seris]
606 2392 662 2424 Al.
692 2393 727 2423 in
754 2393 861 2434 dispar

158 2448 269 2479 genus.

207 2491 247 2521 13
279 2490 421 2522 Furorne
442 2501 552 2533 σφωε,
577 2491 645 2532 ᾂο.]
680 2492 772 2525 Quid
802 2503 860 2524 vos

164 2538 255 2579 rapit
269 2539 312 2572 ad
330 2540 459 2579 bellum
469 2544 537 2572 tam
554 2542 705 2573 tetrum?
739 2541 793 2572 An
809 2541 862 2573 fu·

167 2589 243 2619 tor?
265 2599 308 2621 an
333 2589 447 2622 fatalis
475 2591 632 2633 quaedam
653 2592 862 2623 necessitas?

169 2642 212 2665 uu
237 2638 348 2679 culpa,
370 2645 510 2681 propter
534 2651 633 2683 quam
658 2641 715 2671 Dii
736 2639 861 2671 infensi

170 2685 293 2716 vestris
302 2695 361 2718 vos
375 2690 528 2721 manibus
541 2690 717 2731 piectant?
741 2690 862 2722 Cicero

171 2741 232 2772 pro
253 2732 304 2765 M.
328 2735 514 2770 Marcello:
549 2741 559 2757 ⁴
577 2739 706 2771 Omnes
735 2740 793 2781 qui
820 2740 862 2771 ad

172 2791 264 2813 arma
279 2782 335 2815 ina
359 2783 430 2817 fato
443 2796 555 2820 sumus
571 2790 687 2822 nescio
702 2800 769 2832 quo
786 2791 863 2822 Rei-

914 1895 978 1926 etsi
994 1894 1108 1936 aliqua
1121 1895 1224 1935 culpa
1249 1900 1402 1925 tenemur
1415 1892 1538 1924 erroris
1554 1892 1614 1923 hu-

913 1944 1014 1983 mani,
1043 1953 1063 1975 a
1097 1944 1229 1975 scelere
1258 1948 1355 1976 certe
1386 1941 1525 1973 liberati
1559 1951 1613 1972 su-

912 1993 1010 2026 mus!

957 2048 996 2076 15
1022 2045 1160 2082 Tacent;
1183 2048 1215 2077 et
1236 2054 1292 2076 ora
1311 2044 1422 2085 pallor,
1444 2041 1514 2083 &⁶ss
1537 2045 1546 2060 ⁴
1562 2042 1615 2074 Si-

911 2095 1074 2127 lentium'
1090 2100 1127 2128 et
1142 2096 1152 2113 ‘
1171 2094 1298 2137 pallor'
1314 2099 1461 2136 arguunt
1475 2094 1614 2126 sceleris

914 2145 1181 2184 conscientiam3
1215 2146 1226 2163 ‘
1242 2144 1381 2186 stupor’
1407 2153 1489 2176 vero
1517 2148 1615 2175 notat

915 2195 1098 2226 immissam
1116 2205 1136 2227 a
1153 2195 1229 2227 Diis
1248 2194 1384 2227 offensis
1398 2204 1548 2236 poenam.

958 2248 998 2277 17
1022 2246 1076 2277 Sic
1095 2249 1154 2285 est,
1174 2245 1244 2287 φὴ]
1275 2246 1334 2277 Ira
1360 2256 1441 2277 sane
1464 2246 1615 2277 Deorum

914 2293 954 2325 fit
971 2299 1010 2325 ut
1025 2295 1170 2327 Romani
1191 2295 1226 2326 in
1248 2295 1419 2327 Romanos
1440 2296 1616 2327 incurrant

915 2344 1136 2386 saeviantque.
1167 2345 1337 2377 Nimirum
1348 2346 1471 2378 luimus
1486 2346 1616 2377 crimen

914 2394 1066 2434 Romuli,
1079 2396 1136 2437 qui
1152 2396 1294 2427 Remum
1310 2395 1453 2427 fratrem
1473 2394 1616 2426 occidit.

914 2453 974 2475 111.
991 2444 1060 2476 od.
1075 2448 1108 2477 6.
1127 2448 1157 2478 1.
1192 2447 1202 2464 ‘
1219 2446 1360 2477 Delicta
1375 2445 1539 2485 majorum
1555 2444 1616 2475 im-

915 2495 1055 2526 meritus
1069 2496 1156 2534 lues,
1175 2493 1350 2530 Romane,'
1366 2496 1431 2524 &c-

960 2547 1000 2575 19
1024 2544 1118 2575 Remi
1135 2544 1230 2575 Sacer
1251 2544 1357 2584 cruor]
1381 2542 1444 2574 Jus
1464 2543 1617 2574 naturale

915 2593 1059 2624 violarat
1084 2594 1256 2632 Romulus,
1286 2592 1479 2624 dominandi
1505 2602 1617 2632 causa,

915 2641 1058 2673 fratrem
1071 2642 1242 2672 innoxium
1256 2646 1292 2672 et
1302 2642 1536 2674 immerentem
1549 2647 1618 2673 tru-

917 2691 1046 2723 cidans.
1079 2690 1171 2722 Hinc
1194 2691 1283 2722 illius
1307 2691 1533 2723 Romanorum
1557 2701 1616 2732 pa-

917 2741 1022 2772 remis
1039 2745 1075 2772 et
1089 2740 1274 2772 conditoris
1295 2742 1405 2772 scelus
1420 2741 1455 2772 in
1471 2747 1615 2783 nepotes

917 2801 1092 2832 aspersum
1119 2790 1305 2826 identidem
1333 2791 1489 2824 immissis
1519 2792 1614 2823 malis
