1904 3256
345 274 428 317 692

818 289 860 324 Q.
891 285 1096 316 HoRA'rn
1130 282 1301 313 FLAcm

514 376 576 418 Ut
595 390 743 430 nuper,
764 381 889 417 actus
911 389 1007 416 cum
1026 375 1138 415 freto
1159 373 1407 426 Neptunius

567 443 670 482 Dux
691 442 815 492 fugit,
835 441 944 479 ustis
964 440 1163 488 navibus,

514 506 708 547 Minatus
727 505 823 545 urbi
843 504 1004 554 vincla,
1026 518 1126 558 quae,
1145 505 1390 547 detraxerat

569 570 714 610 Servis
735 570 900 610 amicus
921 570 1113 622 perfidis.

1707 570 1763 610 10

512 635 751 681 Romanus,
773 634 905 674 eheu!
935 634 1123 688 (posteri
1143 634 1378 689 negabitis)

569 700 880 752 Emancipatus
902 700 1109 751 foeminae,

346 814 464 853 pridem
486 815 529 845 sic
541 798 685 852 jecimus,
703 815 820 853 quando
837 815 1011 854 Neptunius
1026 816 1193 855 Imperator
1205 816 1291 854 freto
1310 816 1413 848 Siculo
1432 817 1536 856 pulsus
1549 816 1663 854 sugam
1683 815 1766 846 urri-

345 855 426 894 puit,
447 859 515 895 post
526 856 662 886 incensas
675 865 788 891 navem
807 857 940 886 minatus
953 857 1068 888 deibus
1083 858 1207 895 injicere
1220 861 1352 892 catenas.
1370 867 1444 897 quas
1461 859 1627 888 liberaliter
1641 859 1767 888 detrax-

348 899 415 926 erat
428 898 523 928 servis
531 897 714 937 infidelibus.
733 897 900 937 Romnae,
913 896 1004 938 (eheu
1012 897 1027 929 J
1036 903 1156 938 nepotes
1165 899 1248 929 haud
1257 898 1414 940 credetis‚)
1425 899 1562 930 mulieris
1568 899 1675 937 factus
1682 908 1766 930 man·

939 979 1074 993 ooooo

1077 980 1173 993 eeeee

350 1039 483 1073 wakef.
498 1045 532 1073 et
546 1041 651 1075 Kidd.
672 1041 797 1073 mistum
808 1040 886 1073 edd.
902 1044 984 1071 vett.
1001 1049 1052 1080 ap.
1069 1041 1259 1073 Zeun.—l2
1274 1042 1319 1074 Et
1334 1043 1523 1083 mancipatus
1536 1051 1604 1074 var.
1616 1042 1696 1074 lect.
1711 1051 1767 1082 ap.

991 1113 1133 1144 NOTAE

391 1177 411 1205 7
437 1175 481 1206 Ut
493 1177 604 1216 nuper]
627 1176 721 1207 Sicut
750 1176 938 1207 liberaliter
963 1175 1033 1215 qui-

350 1222 427 1253 dem
450 1223 593 1254 bibimus
614 1234 734 1264 nuper,
748 1234 806 1255 seu
829 1229 907 1255 ante
931 1232 1033 1255 annos

350 1271 508 1313 quinque,
527 1282 600 1303 curn
625 1273 748 1304 Sextus
773 1273 953 1312 Pompeius
976 1282 1034 1304 na·

349 1319 416 1350 vali
446 1321 561 1359 praelio
590 1321 776 1352 debellatus
812 1322 852 1352 ab
881 1319 1034 1362 Augusto

351 1372 415 1405 est,
433 1369 472 1398 ad
489 1367 611 1399 fretum
627 1370 791 1408 Siculum;
806 1369 949 1409 indeque
963 1370 1034 1409 pul-

352 1424 407 1447 sus
423 1414 518 1455 fugit.

397 1463 572 1503 Neptunius
584 1464 676 1504 Dux]
695 1465 705 1482 ‘
722 1465 838 1495 Sextus
854 1465 1036 1505 Pompeius

352 1512 459 1552 ruptis
487 1513 664 1552 ergastulis
690 1523 780 1544 mare
806 1513 956 1544 obsedit:
988 1513 1036 1543 iu-

352 1561 512 1600 terceptis
527 1561 767 1592 commeatibus
786 1561 917 1592 Italiam
939 1570 1038 1591 vexa-

353 1609 421 1646 vit;
442 1613 478 1639 et
503 1618 579 1638 cum
603 1610 685 1639 mari
707 1608 855 1639 feliciter
875 1613 1042 1646 uteretur,

353 1656 506 1696 Neptuni
522 1665 557 1687 se
569 1657 671 1687 filium
687 1655 855 1687 confessus
872 1656 946 1687 est.'
970 1655 1040 1687 Au·

353 1705 412 1735 rel.
443 1705 566 1736 Victor.
592 1705 634 1736 de
660 1705 749 1736 Viris
771 1705 936 1736 Illustrib.
963 1714 1039 1745 cap.

354 1762 420 1784 vn.
457 1752 524 1784 Alii
546 1754 707 1790 scribunt,
733 1754 821 1795 quod
846 1754 918 1794 ejus
943 1759 1040 1794 pater

354 1810 490 1840 magnus
513 1802 696 1840 Pompeius
721 1803 850 1833 exactis
872 1803 989 1842 piratis
1004 1806 1040 1833 et

354 1849 506 1880 hostibus
531 1850 612 1880 mari
637 1850 823 1881 dominatus
845 1855 948 1888 esset,
962 1850 1041 1882 hine

355 1906 391 1928 se
407 1897 557 1936 Neptuni
573 1896 675 1927 filium
689 1897 827 1936 dixisse,
842 1901 879 1928 et
895 1898 1041 1928 coerulea

331 1967 334 1970 >
355 1948 450 1976 veste
466 1944 828 1984 indutumjuveniliter
847 1945 1039 1984 superbien-

356 1994 399 2025 do
415 1993 634 2034 depugnasse.
659 1993 802 2035 Appian.
813 1995 899 2026 Bell.
915 1995 988 2027 Civ.
1004 2005 1037 2027 v.

358 2043 426 2074 Dio
440 2042 498 2073 lib.
514 2050 641 2074 nvnt.

399 2093 419 2122 8
445 2090 556 2130 Fugit]
580 2090 697 2122 Aurel.
710 2091 842 2124 Victor.
856 2092 914 2124 cit.
933 2096 942 2110 ¹
960 2093 1040 2124 Sex-

356 2140 411 2171 t'us
428 2140 470 2170 ab
485 2138 638 2180 Augusto
657 2150 717 2180 per
737 2141 920 2182 Agrippam
940 2152 1041 2174 nava-

356 2189 380 2219 li
407 2189 522 2229 praelio
543 2188 649 2220 victus
675 2189 708 2220 in
732 2189 846 2222 Asiam
870 2190 970 2231 fugit,
983 2191 1042 2223 ubi

359 2237 401 2268 ab
416 2235 613 2268 Antonianis
637 2237 800 2270 militibus
821 2240 951 2271 occisus
967 2239 1041 2271 est-¹

358 2286 476 2318 Florus
492 2294 540 2317 iv.
554 2289 585 2318 8.
612 2286 728 2318 ‘seim
755 2288 941 2328 Pompeius
968 2298 1042 2329 per-

359 2334 438 2366 ditis
454 2335 553 2366 rebus
569 2334 739 2375 profugit;
765 2335 944 2377 Asiamque
960 2337 1042 2368 velis

360 2382 460 2423 petit,
474 2388 630 2414 venturus
649 2384 694 2415 ibi
714 2384 747 2415 in
768 2384 911 2415 hostium
928 2394 1043 2416 manus

361 2437 395 2462 et
411 2438 544 2462 catenas
555 2453 563 2463 .
575 2454 583 2463 .
597 2454 606 2464 .
617 2432 693 2463 Non
715 2433 778 2463 alia
799 2437 876 2472 post
896 2433 1043 2464 Xerxem

362 2480 582 2513 miserabilior
595 2478 686 2521 fuga.
714 2481 850 2521 Quippe
863 2481 962 2512 modo
975 2486 1044 2513 tre·

362 2533 536 2560 centarum
547 2528 787 2570 quinquaginta
797 2530 930 2560 navium
943 2529 1045 2560 domi-

362 2586 435 2612 nus,
451 2587 525 2609 cum
545 2587 602 2609 sex
621 2582 793 2618 septemve
814 2576 975 2618 fugiebat,
989 2586 1046 2608 ex·

364 2625 470 2656 tincto
486 2626 660 2657 Praetoriae
678 2626 770 2657 navis
790 2626 926 2666 lumine,
939 2625 1046 2658 anulis

364 2673 398 2703 in
421 2682 510 2704 mare
532 2675 688 2716 abjectis,
704 2685 830 2716 pavens
850 2684 890 2706 ae
911 2683 1046 2714 respec-

369 2725 455 2761 tans,
478 2727 513 2753 et
542 2727 653 2754 tamen
675 2734 740 2755 non
763 2725 884 2756 timens
910 2731 952 2754 ne
970 2731 1045 2763 per·

1086 1174 1178 1206 iret!

1133 1225 1222 1257 Ustis
1242 1225 1384 1266 navibus]
1415 1226 1465 1257 M.
1482 1224 1644 1265 Agrippoe
1666 1233 1772 1265 opera

1086 1273 1229 1312 scilicet,
1246 1283 1264 1304 a
1277 1284 1342 1314 quo
1358 1273 1491 1314 fugatas
1507 1273 1600 1305 Sexti
1618 1273 1772 1313 Pompeii

1086 1331 1186 1353 naves
1211 1322 1330 1354 scribit
1350 1323 1525 1354 Suetonius
1550 1322 1672 1354 Oetav.
1695 1332 1772 1363 cap.

1087 1373 1138 1401 16.
1158 1370 1231 1401 Liv.
1247 1371 1338 1410 Epit.
1354 1371 1411 1401 lib.
1425 1379 1552 1402 cxxxx.
1573 1372 1584 1389 ⁴
1601 1370 1771 1402 Adversus

1085 1417 1180 1448 Sext.
1189 1417 1408 1458 Pompeium‚'
1421 1419 1542 1458 inquit,
1552 1420 1561 1436 ‘
1571 1418 1664 1450 vario
1673 1427 1772 1450 even·
1799 1421 1802 1423 ’

1088 1469 1126 1495 tu
1141 1465 1312 1496 navalibus
1335 1466 1570 1497 certaminibus
1590 1471 1771 1506 pugnatum

1088 1516 1158 1544 est:
1182 1513 1230 1544 ita
1246 1518 1283 1544 ut
1299 1523 1341 1545 ex
1356 1514 1484 1545 duabus
1499 1514 1642 1546 Caesaris
1659 1514 1774 1546 elassi-

1088 1562 1165 1602 bus,
1175 1562 1292 1602 altera,
1301 1562 1355 1593 cui
1369 1562 1523 1603 Agrippa
1534 1567 1693 1603 praeerat,
1703 1563 1774 1593 vin·

1089 1615 1206 1650 ceret;
1229 1612 1347 1646 altera,
1373 1620 1470 1651 quam
1493 1611 1604 1642 Caeaar
1618 1611 1774 1650 duxerat,

1089 1658 1202 1688 deleta
1215 1680 1224 1689 .
1234 1679 1244 1690 .
1255 1681 1264 1690 .
1275 1658 1395 1690 Victus
1408 1658 1531 1690 deinde
1547 1658 1729 1698 Pompeius
1739 1658 1774 1689 in

1089 1706 1234 1738 Siciliam
1257 1707 1428 1748 profugit!
1449 1707 1552 1749 (Haec
1569 1708 1659 1748 prior
1675 1707 1774 1748 fuga;

1091 1760 1256 1795 postrema
1272 1756 1339 1795 illa,
1353 1756 1398 1788 de
1414 1765 1479 1796 qua
1498 1757 1598 1797 paulo
1614 1760 1691 1788 ante
1706 1757 1776 1789 dixi

1091 1813 1132 1834 ex
1147 1804 1276 1845 Floro.)
1291 1806 1300 1822 ‘
1311 1806 1360 1836 M.
1374 1804 1526 1846 Agrippa
1533 1805 1644 1837 navali
1651 1814 1775 1837 corona

1092 1861 1112 1882 a
1123 1852 1257 1884 Caesare
1268 1853 1410 1884 donatus
1426 1858 1496 1885 est:
1512 1854 1567 1894 qui
1578 1853 1682 1886 honos
1697 1858 1775 1885 ante

1092 1908 1167 1930 eum
1182 1900 1308 1931 nemini
1323 1900 1457 1932 habitus
1471 1900 1569 1932 erat.'

1132 1950 1153 1978 9
1170 1948 1313 1979 Minatus
1333 1949 1403 1980 urbi
1422 1948 1536 1985 vincla,
1555 1958 1623 1989 que
1651 1950 1776 1980 detrax-

1090 1998 1169 2030 erat,
1183 1995 1252 2036 ἔγω]
1273 1996 1395 2028 Servos
1418 1997 1460 2028 ad
1482 2007 1574 2028 arma
1592 1997 1778 2037 Pompeius

1090 2043 1147 2074 ille
1174 2043 1300 2075 Sextus
1329 2053 1448 2085 magno
1476 2045 1609 2086 quidem
1640 2054 1778 2078 numeru

1093 2096 1241 2123 vocarat,
1283 2091 1397 2124 Testis
1424 2093 1503 2132 Dio,
1531 2098 1567 2124 et
1596 2094 1686 2125 Flor.
1716 2093 1778 2125 eit.

1091 2139 1101 2156 ‘
1117 2141 1201 2172 Cum
1230 2141 1399 2180 ergastula
1427 2145 1600 2177 armasset,
1629 2141 1777 2175 Siciliam

1092 2187 1342 2228 Sardiniamque
1355 2189 1512 2222 habebat.
1533 2190 1610 2222 Jam
1622 2195 1657 2221 et
1669 2191 1777 2221 elassa

1093 2236 1238 2269 medium
1273 2245 1365 2268 mare
1394 2237 1575 2270 insederat.
1620 2237 1652 2268 Ο
1677 2247 1776 2277 quam

1093 2284 1244 2316 diversus
1274 2293 1295 2315 a
1323 2286 1438 2323 patre!
1481 2286 1545 2317 Ille
1571 2285 1693 2318 Cilicas
1716 2295 1777 2317 ex-

1094 2333 1265 2364 tinxerat:
1289 2332 1342 2364 hie
1363 2342 1474 2364 secum
1499 2334 1625 2373 piratas
1641 2335 1778 2366 navale·

1095 2380 1270 2422 agitabat.'
1313 2381 1400 2412 Vide
1430 2386 1467 2412 et
1494 2382 1576 2413 Not·
1600 2381 1644 2414 ad
1667 2382 1792 2423 Epod.›

1095 2436 1146 2460 ιν.
1161 2428 1194 2458 in
1210 2427 1287 2460 fine.

1138 2479 1178 2509 10
1199 2476 1304 2508 Servis
1317 2477 1432 2508 amicus
1444 2477 1585 2518 perfidis]
1611 2478 1778 2519 Fugitivis

1095 2534 1216 2566 nempe
1232 2530 1267 2557 et
1281 2534 1361 2565 erga
1371 2525 1521 2556 dominos
1534 2525 1668 2566 perfidis
1678 2527 1779 2558 liber·

1098 2578 1202 2606 tatem
1227 2578 1263 2605 et
1285 2583 1374 2605 arma
1399 2573 1514 2613 dabat,
1529 2574 1668 2613 benigne
1687 2575 1780 2614 exei-

1097 2623 1192 2663 piens
1214 2626 1250 2653 et
1273 2623 1390 2660 amice,
1403 2622 1438 2652 in
1454 2631 1536 2664 quos
1558 2622 1778 2655 animadverti

1097 2671 1245 2712 graviter
1259 2671 1447 2712 oportebat.

1139 2725 1178 2755 ll
1199 2722 1370 2763 Romanus]
1392 2722 1557 2755 Antonius
1570 2723 1710 2766 ejusque
1723 2731 1781 2756 w.
