1904 3256
624 314 812 345 EPODnN
851 313 1010 346 [ABER.

259 409 467 463 Vulgata,
490 421 662 450 sacrum
684 408 813 451 liberi
833 407 1067 462 Cupidinis
1082 408 1101 447 'l

258 476 317 518 Et
334 475 553 530 Esquilini
575 475 785 517 Pontifex
805 475 990 517 venefici

260 542 447 596 Impune
461 548 511 583 ut
534 542 699 583 Urbem
719 543 895 584 nomine
914 543 1115 596 impleris
1135 540 1266 582 meo?

258 608 383 659 Quid
403 608 611 662 proderat
628 609 797 652 ditasse
818 610 1032 663 Pelignas
1053 621 1178 657 anuS,

258 675 529 718 Velociusve
546 677 778 719 miscuisse
795 678 993 720 toxicum
1008 678 1028 717 ‘l

1487 607 1544 649 60

86 798 237 839 mysteria
250 799 398 837 revelata,
410 797 521 830 Amori
536 798 632 830 libero
649 801 847 830 consecrata?
884 799 929 829 Et
946 803 1092 839 tanquam
1105 799 1249 839 pontifex
1268 798 1425 839 Esquilini
1438 797 1545 829 incan-

85 842 218 873 tamem
236 821 412 882 impleveris
427 841 586 872 civitatem
602 851 667 872 meo
681 841 821 873 nomine.
815 844 828 863 ⁹
874 841 959 876 Quid
974 841 1103 880 Juvabit
1125 841 1326 889 locupletasse
1347 841 1467 872 vetulas
1480 839 1545 870 Pe-

84 882 201 925 lignus,
222 886 278 915 aul
297 887 452 925 promtum
475 893 624 915 cenenum
648 893 786 925 parasse,
810 883 840 914 si
860 883 920 914 tibi
946 893 1030 915 mors
1050 883 1165 916 accidit
1191 883 1316 925 lentior,
1331 892 1422 924 quam
1435 881 1545 923 cupio?

697 977 735 989 θ’
737 976 912 989 OONOOOOO
915 977 934 989 O

87 1040 215 1063 omnes.
215 1034 301 1064 -57
316 1031 435 1064 Codex
447 1030 664 1067 Bersmanni,
686 1040 777 1062 sucro
792 1030 883 1063 liberi
898 1031 1074 1072 Cupidinis.
1078 1034 1163 1063 ——60
1181 1030 1268 1067 Quid
1280 1030 1419 1071 proderit
1443 1029 1545 1061 Harl.

87 1076 119 1105 l.
134 1076 167 1106 2.
183 1077 216 1106 3.
231 1076 263 1106 4.
277 1077 309 1107 6.
333 1083 450 1106 omnes
469 1074 634 1114 Lambini,
659 1073 848 1114 Torrentii,
864 1078 900 1106 et
922 1074 1077 1115 Cruquii‚
1102 1083 1218 1105 omnes
1242 1073 1394 1104 Bentleii
1417 1077 1548 1113 praeter

87 1115 176 1155 duo;
199 1116 317 1149 Zarot.
334 1116 475 1148 Mediol.
490 1096 634 1147 Venettf
657 1115 740 1147 Ald.
768 1116 888 1148 Lamb.
913 1117 1017 1157 Cruq
1043 1117 1204 1147 'terrena
1228 1116 1348 1147 Heius.
1372 1115 1414 1146 R.
1439 1118 1474 1146 et
1497 1114 1546 1145 H.

87 1157 206 1200 Steph.
234 1159 393 1200 Rutgers.
426 1158 537 1190 Bond.
565 1157 650 1189 Fab.
678 1158 780 1190 Fabr.
805 1158 1082 1190 Sauad.'ra1bot.
1107 1158 1369 1196 Pine‚'1·0wers‚
1392 1157 1548 1195 Francis,

90 1200 217 1242 Delph.
238 1201 307 1233 alii.
354 1201 440 1238 Quid
459 1201 607 1242 proderat
631 1200 747 1232 Bentl.
771 1209 815 1232 ex
839 1201 958 1234 codice
975 1201 1160 1233 veterrimo
1177 1200 1273 1232 Leid.
1287 1205 1323 1233 et
1340 1199 1492 1241 Magdal.
1510 1179 1548 1230 et,

711 1316 715 1322 .
747 1285 888 1318 NOTAE

89 1350 132 1382 ab
156 1348 435 1389 Atheniensibus,
463 1348 666 1389 Corinthiis,
689 1348 792 1379 Thra-

87 1399 196 1435 cibus,
225 1398 367 1440 aliisque
405 1397 581 1429 colebatur
614 1397 791 1428 nocturnis

87 1450 195 1482 sacris
208 1449 299 1482 omni
321 1449 499 1481 libidinum
514 1458 640 1489 genere
658 1447 790 1479 infami-

845 1349 921 1391 quis
938 1354 1059 1391 peccet
1081 1351 1115 1381 in
1137 1349 1243 1381 sacris
1259 1348 1406 1389 legibus.
1424 1370 1434 1379 .
1452 1370 1461 1380 .
1476 1370 1485 1379 .
1501 1348 1549 1379 Et

845 1399 873 1429 si
911 1409 995 1439 quos
1039 1399 1320 1430 animadvertunt
1361 1402 1549 1438 peccantes

843 1448 1022 1486 mulctant,
1038 1447 1080 1478 ad
1095 1446 1362 1487 unumquodque
1374 1446 1549 1485 negotium

85 1499 161 1532 bus.
205 1499 366 1530 Meminit
379 1498 558 1531 ,Iuvenalis
573 1498 647 1529 Sat.
660 1506 701 1530 ιι.
711 1501 766 1530 92.

126 1551 170 1580 57
196 1547 351 1588 Vulgata]
373 1547 406 1579 A
423 1551 458 1579 te
473 1556 551 1578 cum
569 1546 719 1578 ludibrio
735 1546 787 1578 di-

85 1599 247 1641 vulgata:
271 1598 326 1630 vel
348 1607 426 1639 quae
451 1606 516 1637 ego
537 1596 592 1637 pie
609 1596 672 1628 tibi
690 1601 787 1638 pate-

84 1647 167 1689 feci,
180 1651 216 1679 tn
228 1646 333 1689 impie
343 1646 523 1679 deriseris:
542 1656 665 1687 nempe
676 1645 788 1688 Epod.

86 1707 124 1730 v.
139 1702 176 1730 et
189 1707 216 1730 1.
231 1699 300 1729 Sat.
315 1700 348 1730 8.

124 1750 169 1780 68
193 1748 238 1779 Ee
268 1747 428 1788 Esquilini
459 1746 613 1784 Pontifex
647 1744 790 1787 venefici,

84 1797 153 1839 ζα]
172 1797 282 1831 'Quasi
296 1807 443 1829 summus
461 1797 603 1834 arbiter,
616 1795 790 1835 sacerdos,

86 1857 127 1879 ac
141 1856 276 1887 censor,
291 1847 350 1888 jus
366 1846 492 1878 liabens
508 1844 738 1887 cognoscendi
753 1849 790 1876 et

78 1897 257 1940 judicandi
271 1897 316 1929 de
333 1897 435 1929 rebus
447 1897 601 1929 omnibus
612 1895 656 1927 ad
673 1895 791 1936 religi-

86 1956 184 1980 onem
204 1947 471 1989 pertinentibus,
493 1946 646 1988 adeoque
669 1945 713 1976 de
737 1954 791 1976 sa-

87 1996 155 2028 eris
167 1997 234 2028 illis
248 2006 288 2029 sc
304 1996 490 2033 veneficiis,
504 2006 581 2038 quae
596 1995 682 2027 fiunt
700 2004 719 2026 a
736 2003 790 2025 me

89 2049 188 2077 extra
209 2050 341 2086 portam
366 2045 592 2087 Esquilinam,
609 2045 664 2076 vel
678 2044 713 2075 in
730 2044 791 2075 Es-

89 2093 214 2136 quiliis,
229 2094 274 2126 de
287 2095 406 2136 quibus
420 2095 532 2136 Epod.
550 2104 587 2126 v.
604 2095 638 2126 in
653 2093 735 2125 fine.

135 2143 309 2184 Esquilini]
343 2144 435 2177 Quia
464 2145 696 2184 sepulcretum
722 2143 793 2174 illic

89 2197 176 2232 erat,
187 2192 266 2224 hinc
279 2193 374 2224 locus
389 2197 463 2224 erat
478 2193 520 2224 ad
536 2192 706 2225 veneficia
721 2192 794 2224 ido-

89 2251 186 2282 neus,
213 2242 369 2275 nimirum
390 2243 522 2274 ossibus
550 2243 605 2275 vel
621 2242 794 2274 cineribus

88 2296 298 2324 mortuorum
331 2292 498 2334 legendis,
523 2293 580 2324 vel
610 2291 793 2324 evocandis

89 2342 280 2382 animabus,
296 2344 362 2374 ὅτε.
405 2342 494 2374 Vide
511 2351 614 2383 supra
628 2351 676 2373 vs.
687 2344 742 2374 47.

130 2393 300 2434 Pontifex]
338 2393 390 2424 Ex
425 2392 573 2433 Dionys.
612 2391 793 2424 Halicarn.

87 2442 148 2482 lib·
163 2451 205 2476 n.
228 2443 238 2460 ‘
252 2441 443 2474 Pontifices
460 2447 539 2474 sunt
557 2451 671 2473 rernm
687 2441 794 2473 maxi-

89 2501 216 2525 marum
241 2491 379 2524 domini.
434 2492 572 2524 Etenim
602 2491 795 2533 dijudicant

91 2550 205 2575 sacras
221 2551 334 2574 omnes
356 2551 499 2581 causas3
527 2541 740 2583 privatisque
757 2546 794 2573 et

92 2591 346 2632 magistratibus
377 2597 413 2624 et
438 2592 604 2624 ministris
634 2593 791 2623 Deorum

93 2644 250 2673 statuunt
269 2651 492 2684 quaecumque
513 2646 595 2674 sunt
617 2650 790 2673 sacrorum

95 2697 164 2720 non
194 2689 325 2731 scripta
361 2695 463 2733 atque
498 2691 675 2732 incognita
679 2711 794 2722 .....

94 2737 300 2770 Sacerdotes
329 2741 432 2773 etiam
461 2751 577 2774 omnes
601 2746 796 2780 recensent,

95 2797 280 2829 eorumque
295 2787 436 2821 famulos
458 2801 498 2824 ac
520 2793 706 2832 ministros,
723 2792 795 2834 qui-

96 2837 160 2868 bus
175 2841 316 2870 utuntur
332 2838 373 2869 ad
393 2848 502 2882 sacra,
520 2842 707 2875 observant
722 2853 730 2872 x
755 2851 797 2873 ne

843 1496 1089 1538 respicientes:
1132 1496 1225 1527 Hinc
1255 1495 1372 1526 Plaut.
1400 1493 1550 1526 Rudent.

841 1546 944 1578 Scen.
971 1547 1033 1578 ult.
1060 1546 1169 1577 ‘libet
1194 1546 1335 1586 jurare:
1369 1544 1442 1576 tuu'
1470 1554 1549 1576 meo

843 1596 1008 1628 Pontifex
1026 1596 1178 1638 perjurio
1195 1595 1269 1628 es?’

887 1649 930 1678 59
952 1647 1082 1687 Impune
1093 1650 1127 1677 ut
1147 1646 1262 1678 Urbem
1275 1646 1398 1677 nomine
1410 1646 1550 1685 impleris

843 1696 926 1737 meo]
962 1697 1152 1737 Postquam
1182 1705 1247 1736 ego
1277 1699 1311 1726 te
1342 1695 1549 1735 participem

844 1744 910 1776 feci
926 1744 1170 1776 veneficiorum
1185 1749 1222 1776 et
1238 1753 1414 1775 sacrorum
1430 1744 1463 1774 in
1488 1744 1550 1774 Es-

843 1795 957 1836 quiliis
973 1805 992 1826 a
1005 1804 1058 1826 me
1082 1798 1311 1835 peractorum,
1326 1794 1439 1834 patiar
1453 1798 1493 1825 ut
1509 1802 1551 1825 ea

845 1845 1015 1885 derideas,
1041 1845 1209 1885 divulges,
1230 1853 1354 1885 meque
1375 1843 1486 1884 plebis
1501 1843 1550 1874 fa·

845 1895 956 1927 bulam
972 1900 1009 1927 et
1031 1895 1212 1927 ludibrium
1239 1895 1376 1926 facias?
1421 1893 1549 1926 Absit:

843 1945 983 1986 impune
999 1945 1088 1976 haud
1104 1944 1194 1977 feres
1208 1956 1217 1977 ι
1242 1945 1339 1976 dabis
1354 1954 1484 1986 poenas.

887 1998 930 2026 60
965 1995 1052 2032 Quid
1078 1996 1228 2036 proderat
1254 1996 1371 2026 ditasse
1402 1994 1550 2035 Pelignus

843 2044 937 2086 unm]
962 2045 1039 2076 Hoc
1053 2045 1110 2076 alii
1125 2045 1281 2077 referunt
1297 2045 1338 2076 ad
1356 2045 1552 2085 Horatium,

845 2095 903 2126 alii
920 2095 962 2126 ad
979 2095 1167 2127 Canidiam.
1211 2095 1315 2126 Prior
1331 2095 1398 2127 erit
1419 2105 1550 2132 sensus,

846 2148 885 2175 ut
906 2143 1051 2176 Canidia
1067 2144 1160 2176 dicat
1179 2144 1347 2176 Horatio:
1374 2145 1469 2176 Nihil
1486 2145 1550 2176 tibi

847 2193 1036 2233 proderunt
1067 2194 1208 2225 aliarum
1245 2194 1471 2226 veneficarum
1501 2195 1551 2225 iu-

849 2247 1080 2283 cantamenta,
1105 2243 1226 2285 quibus
1243 2248 1278 2275 te
1292 2243 1454 2275 adversus
1476 2252 1552 2275 mea

847 2292 935 2322 tueri
959 2291 1106 2328 voluisti,
1133 2292 1315 2325 conductis
1331 2294 1456 2334 'pretio
1483 2294 1551 2325 Pe-

846 2340 949 2380 lignis
967 2341 1177 2374 mulieribus.
1223 2343 1414 2375 Posteriori
1438 2353 1552 2383 sensu,

848 2390 923 2431 ipsa
939 2390 1082 2422 Canidia
1099 2391 1143 2423 de
1160 2401 1196 2423 se
1214 2392 1262 2424 ait
1280 2404 1288 2423 ε
1312 2394 1449 2433 Ergone
1467 2391 1553 2423 frus-

848 2445 903 2472 tra
924 2441 958 2473 in
983 2451 1083 2482 opem
1111 2443 1260 2474 vocarim
1285 2443 1443 2481 Pelignas
1468 2450 1551 2472 anus

847 2490 970 2532 quibus
986 2491 1181 2523 mercedem
1206 2491 1367 2531 erogavi?
1389 2491 1454 2531 vel,
1470 2490 1550 2531 qnid

846 2541 1004 2582 proderit
1026 2541 1107 2572 mihi
1132 2541 1296 2580 Pelignas
1320 2539 1479 2570 docuisse
1497 2548 1551 2570 ar-

846 2594 916 2622 tem
931 2599 1056 2628 meam,
1081 2599 1147 2630 qua
1169 2589 1323 2620 ditantur
1347 2589 1498 2629 passim,
1522 2589 1551 2620 si

847 2648 912 2678 ego
939 2639 1012 2679 ipsa
1034 2647 1102 2670 non
1124 2644 1249 2679 praesto
1272 2637 1363 2680 quod
1379 2638 1412 2670 iu
1430 2643 1464 2670 te
1480 2647 1550 2670 mo-

848 2689 913 2720 lior
926 2688 938 2719 ?

892 2737 1062 2778 Pelignus]
1085 2738 1221 2778 Peligni
1238 2739 1354 2780 populi
1371 2738 1498 2770 Marsis
1515 2742 1551 2770 et

849 2787 1060 2820 Samnitibus
1082 2787 1199 2830 vicini,
1214 2798 1253 2821 ac
1269 2788 1412 2831 perinde
1427 2786 1554 2821 venefi-

853 2839 983 2871 ciorum
1000 2837 1118 2880 periti.
