1956 3236
373 251 455 294 818

374 353 546 394 Lascivi
567 352 712 404 pueri:
740 362 851 402 quos
870 352 913 387 tu
934 348 1016 387 nisi
1037 347 1147 387 fuste
1167 346 1357 397 coerces,

374 418 546 470 Urgeris
564 419 689 457 turba
707 417 865 454 circum
887 417 927 453 te
947 417 1101 460 stante,
1121 412 1333 465 miserque

372 482 620 533 Rumperis‚
641 485 682 519 et
702 480 846 526 latras,
866 489 1114 527 magnorum
1136 479 1323 518 maxime
1344 491 1500 529 regum.

372 548 443 588 Ne
464 548 633 597 longum
653 543 835 592 saciam3
855 542 956 582 dum
979 546 1024 582 tu
1044 542 1275 594 quadrante
1292 543 1479 584 lavatum

371 612 471 652 Rex
487 611 586 657 ibis,
606 620 741 660 neque
762 611 802 647 te
822 608 1053 660 quisquam
1076 608 1269 660 stipator,
1289 609 1482 660 ineptum

371 677 534 716 Praeter
553 673 815 725 Crispinum,
837 673 1092 720 sectabitur;
1123 677 1167 712 et
1186 673 1287 713 mihi
1307 673 1458 714 dulces

369 739 610 791 Ignoscent,
631 737 668 777 si
689 737 789 790 quid
810 749 991 789 peccaro
1008 737 1178 787 stultus,
1199 738 1347 789 amici;

837 264 880 299 Q.
910 259 1113 291 HORA'rn
1149 254 1330 287 F'bAcct.

1693 414 1775 455 135

1691 739 1773 779 140

367 861 464 889 lantes
484 859 571 897 pueri
578 869 590 895 ;
612 868 684 899 quos
703 860 806 890 baculo
820 859 847 889 si
867 869 926 890 non
940 859 1057 899 abigas,
1079 860 1223 899 premeris
1242 859 1330 891 turba
1350 859 1600 896 circumsistente,
1619 863 1649 890 et
1663 858 1772 896 infelix

312 917 320 924 ι
363 900 557 936 vociferando
561 901 733 938 frangeris,
747 911 763 930 o
778 910 954 938 magnorum
966 910 1072 938 regum
1087 902 1226 932 maxime.
1271 902 1319 931 Ne
1339 901 1488 940 prolixior
1500 901 1570 938 sim,
1585 900 1727 940 quamdiu
1742 903 1773 929 te

366 942 501 971 tamtum
514 941 585 978 ibis,
599 952 616 971 o
627 951 697 979 rex,
708 943 779 972 dato
791 943 968 981 quadrante,
982 950 1036 972 nec
1048 945 1076 972 te
1090 941 1284 972 comitabitur
1294 942 1442 980 quispiam
1456 941 1586 980 satelles,
1595 941 1655 971 nisi
1663 939 1773 978 fatuus

367 982 527 1021 Crispinus
531 992 544 1019 ;
560 982 635 1013 milii
656 992 769 1022 quoqne
781 983 872 1013 amici
884 982 997 1020 faciles
1009 982 1219 1022 indulgebant,
1231 983 1259 1013 si
1269 984 1416 1022 quoddam
1430 984 1543 1014 stultus
1556 992 1612 1022 ego
1624 982 1771 1013 admisero

948 1073 1183 1087 eeeeeeeeeeee

364 1146 415 1176 pr.
433 1136 573 1168 Cantab.
587 1139 784 1167 mlh—134
802 1137 912 1167 Bentl.
926 1135 1102 1167 Heindorf.
1113 1140 1148 1166 et
1162 1135 1263 1166 Kidd.
1278 1136 1403 1172 nisuste
1415 1134 1646 1166 mercem—140
1661 1134 1774 1166 Zarot'.

364 1178 503 1208 Mediol.
517 1179 653 1208 Venett.
671 1179 749 1209 Vet.
764 1177 879 1208 Comb.
895 1178 936 1207 al.
957 1179 1070 1208 stultus
1091 1186 1260 1217 peccavero.
1284 1178 1293 1194 ‘
1305 1176 1377 1207 Hoc
1404 1186 1423 1206 a
1439 1175 1555 1215 priscis
1573 1175 1774 1206 editionibus

364 1223 581 1259 propagatum
601 1220 631 1249 in
644 1219 794 1249 omnibus
807 1218 906 1249 hodie
918 1217 1172 1249 circumfertur:
1190 1227 1363 1258 perperam
1378 1227 1386 1247 :
1403 1226 1510 1257 neque
1526 1217 1611 1247 enim
1630 1217 1659 1247 0
1673 1215 1772 1248 finale

363 1261 395 1289 in
412 1260 521 1290 verbis
537 1263 663 1290 temere
687 1260 836 1291 invenies
857 1264 1063 1299 correptum,
1086 1259 1173 1299 apud
1203 1259 1274 1298 ejus
1298 1259 1358 1288 aevi
1384 1259 1581 1298 scriptores;
1604 1262 1639 1288 et
1665 1257 1773 1288 adhue

362 1301 475 1331 durius
489 1307 553 1340 est,
567 1301 624 1331 ubl
639 1310 779 1340 sequens
795 1301 989 1332 vocabulum
1003 1310 1022 1331 a
1034 1300 1162 1331 ditabus
1185 1300 1284 1330 mutis
1309 1300 1566 1330 consonantibus
1588 1298 1774 1331 inchoatur.

362 1342 485 1372 Melius
500 1342 609 1382 itaque
626 1341 799 1372 Leidensis
813 1347 940 1379 noster,
956 1342 1164 1380 Reginensis,
1181 1341 1446 1379 Frauekeranus,
1468 1349 1542 1370 cum
1568 1339 1774 1370 Lambiniet

361 1382 536 1412 Pultnanni
556 1383 736 1412 nonnullis:
762 1383 932 1420 Ignoscent,
945 1382 972 1412 si
986 1383 1059 1420 quid
1072 1391 1194 1421 peccaro
1208 1383 1331 1421 stultia,
1345 1381 1446 1411 amici.
1489 1381 1607 1412 Cicero
1624 1379 1666 1411 ad
1683 1379 1773 1410 Atti-

361 1432 435 1453 cum
453 1431 486 1453 x.
503 1425 532 1452 8.
549 1424 558 1439 ⁸
571 1423 625 1453 Ab
640 1423 703 1452 illis
718 1428 769 1453 est
786 1423 983 1461 periculum,
998 1423 1023 1452 si
1042 1432 1201 1461 peccaro:
1218 1423 1259 1452 ab
1275 1423 1348 1460 hoc,
1363 1423 1389 1452 si
1405 1425 1496 1452 recte
1512 1420 1648 1452 fecero.'
1664 1421 1769 1452 Bentl.

357 1473 481 1502 peccaro
498 1464 595 1494 etium
613 1463 709 1494 Gott.
723 1464 805 1494 Exc.
819 1464 896 1493 Sax.
913 1468 946 1494 et
962 1463 1055 1493 Harl.
1075 1467 1105 1494 2.
1120 1466 1151 1494 3.
1166 1466 1197 1494 4.
1213 1466 1244 1494 6.
1265 1464 1274 1480 ‘
1287 1462 1380 1493 Libri
1403 1463 1485 1493 Mss.
1501 1463 1644 1503 quinque
1665 1471 1768 1501 peeca-

359 1505 413 1534 bo:
437 1505 558 1544 placet.
602 1505 679 1534 Non
696 1509 821 1534 temere
837 1505 922 1534 enim
940 1505 968 1534 Ο
983 1504 1161 1544 corripitur
1176 1505 1207 1533 in
1225 1504 1407 1534 istiusmodi
1421 1504 1531 1534 verbis
1548 1513 1566 1533 a
1581 1503 1699 1542 poetis,
1712 1502 1768 1543 qui

360 1545 491 1583 Virgilii
507 1549 608 1575 aetate
631 1544 825 1579 floruerunt,
850 1550 887 1575 ut
911 1547 979 1575 Sat.
996 1549 1156 1584 sequente
1173 1547 1246 1575 104.
1267 1546 1276 1561 ‘
1292 1545 1439 1575 Liberius
1456 1544 1482 1575 si
1506 1544 1632 1575 Dixero
1651 1542 1772 1584 quid.’'

999 1626 1138 1657 NOTAE

359 1692 448 1719 trum
478 1687 625 1718 Dicere.'
669 1687 813 1719 Barbam
836 1692 946 1720 autem
972 1689 1040 1719 vel·
1093 1680 1204 1719 notari
1221 1688 1262 1719 ad
1279 1689 1374 1720 Pers.
1391 1689 1459 1720 Sat.
1474 1697 1507 1719 v.
1525 1690 1596 1719 126.

359 1737 438 1774 lere,
462 1736 541 1775 dici,
566 1746 639 1776 pro,
660 1737 814 1777 illudere,
839 1738 965 1777 pariter
991 1746 1040 1767 os-

360 1784 466 1822 tendi,
493 1784 534 1814 ad
566 1785 659 1816 Pers.
682 1786 753 1816 Sat.
778 1795 800 1816 ι.
824 1787 856 1816 in
880 1786 958 1822 fine,
985 1786 1039 1816 ubi

357 1833 367 1850 ‘
380 1832 414 1862 Si
432 1832 558 1871 Cynico
574 1833 710 1863 barbam
724 1834 877 1872 petulans
894 1834 1040 1864 Nonaria

359 1880 480 1911 vellat?
523 1881 567 1910 Et
583 1882 652 1912 Sat.
673 1890 711 1912 ιι.
726 1884 778 1911 28.
800 1882 810 1898 ⁴
825 1881 955 1911 Idcirco
971 1887 1038 1911 sto-

356 1929 456 1959 lidam
473 1929 602 1970 praebet
617 1929 678 1960 tibi
694 1930 817 1960 vellere
832 1929 966 1960 barbam
979 1929 1037 1961 Ju-

358 1976 488 2017 piter?'

400 2027 460 2055 134
484 2024 595 2064 Fuste]
634 2025 708 2056 Hoc
736 2025 827 2057 velut
856 2030 1036 2065 sceptrum.

358 2074 491 2114 Cynicis
513 2074 667 2104 baculum
693 2074 844 2106 tribuunt
864 2075 976 2105 Lae'rt.
1003 2075 1036 2105 in

358 2122 577 2160 Antistltene3
596 2122 778 2154 Herodian.
793 2123 825 2154 iu
838 2122 1037 2161 Commod03

357 2169 517 2210 Apuleius
534 2170 658 2201 Florid.
671 2179 721 2202 tv.
731 2170 856 2202 Auson.
867 2171 1036 2211 Epigram-

356 2227 420 2250 ιιι.
448 2218 490 2250 de
520 2219 694 2258 Diogene:
730 2219 741 2236 ‘
759 2219 861 2259 Pera,
891 2221 1038 2260 polenta,

357 2267 483 2304 tribon,
513 2266 663 2306 baculus,
689 2268 849 2307 scyphus,
871 2273 964 2300 arcta
985 2278 1037 2299 su·

357 2316 465 2355 pellex
475 2315 554 2346 -Ista
568 2314 632 2346 fuit
646 2315 783 2355 Cynici,'
799 2318 861 2347 ὅτε.

398 2366 457 2395 135
486 2365 617 2402 Urgeris
640 2363 741 2403 turba,
764 2364 832 2403 &cd
859 2364 925 2394 Vix
949 2363 1038 2395 fuste

357 2418 392 2444 et
421 2412 620 2444 clamoribus
647 2411 782 2452 abigere
809 2416 904 2452 potes
921 2420 1039 2451 urgen-

355 2466 422 2492 tem
450 2466 484 2493 te
510 2461 642 2493 turbam
669 2462 774 2502 plebis
798 2471 836 2492 ac
863 2470 1040 2502 puerorum

357 2511 415 2542 tibi
434 2512 662 2542 insultantium
679 2510 921 2541 molestissime.

397 2563 456 2590 137
481 2559 672 2598 Quadi-ante]
689 2560 818 2591 Quarta
833 2559 915 2589 assis
930 2562 1038 2598 parte,

354 2616 452 2646 quam
469 2608 589 2647 plebeii
602 2608 791 2639 mercedem
805 2607 961 2647 exiguam
974 2607 1036 2638 sol-

356 2655 479 2686 vebant
496 2666 555 2696 pro
572 2657 690 2687 balneo
709 2656 856 2696 publico.
898 2655 1036 2686 Scilicet

353 2704 506 2744 opulenti
532 2704 650 2736 balnea
676 2705 764 2736 domi
792 2704 972 2743 habebant,
997 2708 1034 2735 ut

1133 1737 1298 1777 lavatum]
1321 1737 1354 1768 Is
1369 1741 1442 1768 erat
1453 1737 1570 1777 priscis
1577 1745 1647 1767 mos
1661 1735 1772 1767 lavan-

1093 1784 1125 1814 di
1155 1785 1360 1825 frequenter,
1387 1786 1573 1825 praesertim
1599 1789 1679 1816 ante
1703 1794 1770 1815 εω-

1091 1842 1177 1864 nam.
1199 1833 1285 1863 Plin.
1301 1842 1357 1864 ιιι.
1375 1836 1405 1864 1.
1451 1837 1460 1851 ‘
1475 1834 1538 1864 Ubi
1562 1835 1641 1864 hora
1661 1833 1772 1864 balnei

1090 1882 1242 1911 nuntiata
1271 1886 1334 1917 est,
1359 1891 1431 1922 quae
1455 1887 1507 1912 est
1531 1882 1648 1922 hyeme
1670 1891 1770 1921 nona,

1091 1934 1206 1959 aestate
1225 1934 1344 1961 octava
1357 1951 1365 1960 .
1381 1952 1389 1960 .
1407 1950 1416 1959 .
1431 1952 1439 1960 .
1455 1931 1544 1962 lotus
1564 1930 1716 1966 accubat.
1734 1935 1770 1962 et

1091 1978 1259 2018 paulisper
1274 1979 1383 2010 cibum
1401 1978 1525 2010 differt.
1559 1979 1698 2010 Interim
1714 1988 1771 2010 nn·
1799 1988 1803 1993 “

1089 2024 1139 2055 dit
1155 2026 1321 2064 legentem
1338 2027 1503 2058 remissius
1514 2027 1638 2067 aliquid
1651 2031 1686 2059 et
1697 2027 1769 2058 dul-

1089 2073 1158 2103 cius
1173 2095 1180 2104 .
1198 2096 1206 2104 .
1223 2096 1231 2104 .
1249 2095 1257 2104 .
1274 2076 1453 2114 apponitur
1468 2075 1588 2114 coena,'
1601 2077 1665 2107 ὅτε.

1130 2123 1190 2152 138
1214 2123 1320 2162 Neque
1334 2127 1363 2154 te
1377 2124 1534 2163 quisquam
1544 2124 1687 2163 senator,
1698 2123 1768 2163 lym]

1087 2169 1212 2200 Sensus
1227 2175 1297 2200 est:
1320 2171 1486 2203 Quamdiu
1501 2173 1594 2211 inops
1614 2171 1768 2210 objectus

1088 2222 1123 2248 et
1138 2217 1417 2256 despicatissimus
1439 2219 1576 2250 cuilibet
1596 2218 1672 2256 eris,
1686 2219 1767 2249 licet

1087 2274 1199 2305 regem
1217 2270 1251 2296 te
1266 2265 1455 2304 existimes3
1476 2275 1539 2305 ego
1561 2275 1641 2296 vero
1666 2271 1700 2296 te
1716 2271 1767 2296 tu-

1088 2323 1188 2355 asque
1203 2314 1358 2354 superbas
1379 2315 1550 2354 opiniones
1575 2315 1765 2356 placitaque

1086 2364 1209 2397 insulsa
1222 2369 1441 2402 contemnam,
1464 2368 1499 2394 et
1521 2373 1595 2394 cum
1614 2364 1764 2396 omnibus

1087 2413 1229 2444 sentiam
1245 2412 1416 2453 dicamque
1431 2411 1503 2442 'esse
1519 2416 1660 2452 peccata
1675 2422 1767 2453 quae-

1088 2461 1162 2491 dam
1178 2460 1311 2498 leviora,
1325 2460 1442 2500 quibus
1452 2464 1606 2500 oporteat
1619 2460 1763 2500 ignosci:

1090 2514 1189 2550 teque
1203 2509 1332 2540 beatior
1348 2510 1469 2540 vivam.

1134 2560 1192 2588 139
1217 2557 1406 2596 crispinum]
1430 2557 1463 2587 Is
1479 2561 1531 2588 est
1544 2556 1680 2588 Stoicus
1695 2557 1765 2597 ille,

1089 2607 1130 2638 de
1146 2615 1209 2646 qno
1225 2606 1256 2636 in
1274 2605 1340 2636 fine
1355 2606 1472 2637 Satiroe
1488 2606 1618 2645 primae.

1132 2656 1213 2686 Mihi
1239 2657 1338 2686 dulces
1360 2655 1522 2694 Ignoscat
1543 2655 1574 2686 si
1594 2655 1678 2695 quid,
1695 2655 1764 2695 ζῶ]

1085 2704 1172 2735 Vide
1200 2704 1285 2735 Plin.
1316 2704 1423 2744 Epist.
1452 2712 1533 2735 vur.
1556 2706 1611 2736 22.
1633 2704 1689 2736 ubi
1713 2704 1762 2735 sie
