1930 3242
381 317 463 359 870
851 331 892 366 Q.
923 324 1127 357 noRATu
1163 325 1332 356 FnAcm

381 420 468 462 Ast
486 422 559 461 ubi
578 434 646 461 me
667 422 826 460 sessum
848 418 917 457 sol
937 418 1077 457 acrior
1095 417 1157 456 ire
1178 417 1373 458 lavatum

381 485 637 533 Admonuit,
657 485 774 535 fugio
793 483 1006 535 Campum
1027 483 1251 535 lusumque
1273 484 1489 533 trigonem.

383 551 577 591 Pransus
597 561 684 588 non
704 548 845 597 avide,
867 551 1075 600 quantum
1095 547 1338 599 interpellet
1355 548 1471 586 inani

383 616 544 658 Ventre
565 613 680 652 diem
700 612 867 662 durare,
889 613 1152 652 domesticus
1168 613 1292 652 otior.
1352 613 1464 653 Haec
1482 617 1550 652 est

384 680 488 719 Vita
505 679 743 718 solutorum
762 679 921 718 misera
943 678 1177 718 ambitione
1196 678 1424 729 gravique:

384 745 471 784 His
491 755 558 784 me
577 743 783 783 consolor
799 744 1011 783 victurum
1029 744 1222 791 suavius,
1244 755 1295 783 ac
1316 743 1354 782 si

1717 743 1800 784 130

383 879 517 926 impurus
533 879 637 910 Nacca
652 881 775 921 lychnos
787 881 984 918 defraudans.
1031 883 1108 914 Cum
1122 894 1191 914 vero
1205 883 1251 915 sol
1267 881 1422 912 ardentior
1439 880 1612 919 fatigatum
1627 889 1672 910 me
1687 879 1802 909 monuit

382 921 463 950 mire
477 921 594 959 balnea,
609 922 689 952 evito
703 922 815 952 sideris
828 922 930 953 rabidi
944 927 1072 962 tempus.
1116 926 1273 956 Modicum
1285 924 1416 962 prandeo
1429 925 1576 960 quantum
1590 920 1735 959 impediat
1749 929 1802 949 va-

384 970 439 1008 cuo
453 971 515 1008 esse
530 965 634 993 ventre
653 972 707 1002 per
720 964 801 994 diem
816 963 988 1002 integram.-
1011 966 1091 996 domi
1105 967 1221 997 resideo
1236 966 1359 996 otiosus.
1404 963 1484 994 Hoec
1497 964 1561 993 vita
1576 965 1620 992 est
1633 961 1802 992 carentium

384 1002 502 1039 znseltci
524 1006 555 1033 et
577 1004 703 1035 molesta
724 1005 898 1035 ambitione.
942 1006 1018 1036 Istis
1037 1017 1084 1038 me
1108 1008 1227 1038 sublevo
1238 1018 1251 1044 ,-
1276 1006 1433 1045 vivamque
1447 1002 1641 1042 fortunatior
1661 1011 1751 1042 quam
1774 1001 1802 1030 si

979 1095 1212 1108 “neoc-‘9000

386 1160 448 1188 126
469 1158 478 1175 ‘
496 1159 654 1198 Campum,
665 1160 818 1199 lusumque
831 1161 989 1199 trigonem.
1023 1161 1079 1191 Ita
1094 1166 1186 1192 recte
1202 1161 1351 1202 reposuit
1367 1159 1540 1191 Bentleins
1555 1161 1629 1197 post
1641 1156 1802 1190 Jacobum

385 1200 582 1239 Cruqnium,
599 1201 654 1240 qui
666 1201 712 1231 ita
728 1207 901 1240 repererat
917 1202 949 1232 in
963 1203 1188 1233 vetustissimo
1204 1202 1381 1233 Blandinio
1397 1201 1492 1232 libro.
1523 1200 1563 1230 In
1579 1207 1695 1238 campo
1711 1198 1804 1228 Mur-

385 1242 433 1271 tio
449 1241 608 1271 ludebant
624 1243 709 1272 terni
725 1243 793 1281 pila
810 1243 976 1282 trigonali.
1021 1244 1139 1274 Altera
1158 1245 1269 1282 lectio,
1283 1243 1395 1274 rabiosi
1410 1247 1543 1282 tempora
1564 1240 1658 1279 signi,
1673 1239 1805 1269 videtur

385 1282 429 1329 de
453 1283 556 1312 tertia
579 1283 686 1313 Persii
710 1283 821 1314 Satira
847 1285 1011 1323 desumus,
1034 1294 1108 1315 cum
1135 1295 1250 1325 parum
1274 1285 1480 1323 intelligeret
1505 1281 1675 1312 LiBrarius
1696 1280 1803 1311 lusum

384 1327 561 1362 trigonen),
578 1324 656 1364 qnid
672 1329 774 1355 esset.
820 1325 1008 1356 Mirandum
1035 1336 1116 1356 sane
1141 1327 1204 1357 hoc
1230 1336 1250 1357 a
1273 1331 1324 1357 tot
1351 1331 1443 1355 retro
1465 1324 1595 1354 saeculis
1617 1323 1805 1362 ignoratum

386 1363 490 1394 fuisse
519 1365 813 1396 exscribentibus!
835 1366 938 1396 Baxt.
981 1368 1170 1397 Bentleium
1197 1369 1301 1398 secuti
1329 1366 1452 1397 Sanad.
1482 1365 1624 1401 Cuning.
1656 1363 1806 1399 Francis,

383 1404 485 1435 Baxt.
500 1404 606 1436 Gesn.
622 1406 727 1436 Zeun.
741 1407 878 1445 Bipont.
894 1408 1038 1439 Wetzel.
1056 1407 1187 1438 Wakef.
1203 1407 1382 1444 Heindorf,
1392 1405 1494 1436 Kidd.
1508 1405 1624 1436 Comb.
1642 1403 1709 1434 alii.
1722 1403 1804 1433 rabi-

385 1445 433 1486 osi
448 1449 581 1485 tempora
594 1447 678 1484 signi
692 1447 788 1477 Harl.
801 1450 832 1477 2.
844 1450 874 1477 3.
890 1450 920 1479 4.
935 1451 966 1478 6.
983 1451 1013 1479 7.
1037 1458 1150 1479 omues
1168 1449 1223 1478 alii
1241 1448 1337 1479 codd.
1352 1453 1386 1478 et
1402 1447 1479 1477 edd.
1499 1451 1575 1476 ante
1597 1444 1710 1476 Bentl.
1725 1444 1805 1474 Vct.

387 1487 504 1518 Comb.
529 1491 642 1518 tamen
663 1488 766 1519 habet
787 1488 1039 1520 rabidosi.-130
1061 1490 1238 1524 Nonnullae
1256 1495 1339 1521 vett.
1356 1489 1432 1519 edd.
1456 1493 1492 1519 et
1514 1486 1640 1518 Buslid.
1656 1484 1806 1525 Cruquii,

1027 1594 1170 1626 NOTAE

389 1662 434 1692 sit
456 1670 591 1692 sensns:
614 1662 686 1694 Aut
708 1671 782 1703 ego,
807 1667 982 1704 postquam
1007 1665 1073 1704 legi

388 1716 446 1742 aut
471 1712 589 1751 scripsi
613 1711 702 1752 quod
725 1713 863 1744 tacitum
890 1723 942 1743 me
963 1714 1074 1753 juvet,

1125 1667 1230 1698 culam
1255 1665 1430 1706 praedicat,
1451 1666 1550 1704 longe
1576 1663 1672 1694 abest
1695 1664 1732 1693 ut
1757 1661 1805 1692 in-

1125 1720 1208 1746 nuat
1236 1715 1386 1756 quotidie
1413 1723 1448 1745 se
1473 1712 1601 1744 balneis
1626 1711 1693 1742 uti:
1717 1709 1804 1751 quod

390 1770 496 1802 ungor
511 1761 610 1799 olivo,
624 1763 689 1791 ὅτε.
711 1761 812 1792 Prior
827 1767 919 1793 certe
931 1756 1084 1803 praepoll

390 1810 438 1839 let
450 1809 640 1848 explicandi
657 1811 752 1849 ratio,
767 1815 804 1842 ut
818 1813 894 1842 lecto
911 1821 970 1851 pro
986 1818 995 1830 ‘
1007 1814 1073 1843 lec-

389 1856 473 1892 tito.'
499 1858 612 1896 scripto
642 1867 704 1898 pro
730 1858 739 1875 ‘
755 1859 926 1898 scriptito’
951 1860 1074 1891 dixerit

389 1906 562 1936 Horatius.

387 1963 390 1966 ·
433 1955 494 1984 124
518 1954 591 1983 Non
613 1953 847 1992 quofiaudatis‚
865 1955 933 1994 ἅμ]
954 1954 1071 1994 Ungor

389 2002 477 2032 olivo
488 2002 624 2041 optimo,
635 2010 700 2032 nou
712 2002 912 2041 lucernario,
927 2003 1070 2034 laterna·

389 2051 450 2090 rio,
460 2060 498 2081 ac
509 2050 817 2092 foetente‚adeoque
825 2051 988 2083 fraudatis
996 2063 1072 2092 qua-

389 2100 415 2130 si
431 2101 573 2131 lucernis
598 2100 771 2132 detracto:
794 2105 831 2131 ut
852 2101 934 2132 facit
956 2102 1074 2133 Nacca

390 2157 452 2188 per
475 2149 640 2179 sordidam
668 2158 708 2179 ac
734 2154 866 2189 turpem
890 2151 1073 2181 avaritiam.

390 2197 471 2228 Pari
489 2207 586 2228 sensu
608 2198 782 2229 Juvenalis
803 2198 935 2238 scripsit
952 2200 1020 2230 Sat.
1040 2209 1073 2230 v.

390 2247 442 2276 87.
458 2246 467 2262 ⁸
479 2246 534 2286 qui
551 2246 700 2276 Pallidus
714 2245 854 2277 offertur
875 2248 996 2278 misero
1013 2248 1074 2278 tibi

390 2294 495 2325 caulis
509 2294 614 2325 olebit
628 2295 828 2325 Laternam.'

435 2343 540 2374 Nacca
553 2343 686 2383 [Natta]
709 2343 851 2375 Quidam
862 2344 976 2384 legunt
994 2345 1076 2376 Nac-

392 2403 438 2424 ca.
477 2392 527 2422 De
550 2391 685 2422 sordido
710 2391 775 2423 isto
790 2393 921 2424 homine
938 2398 973 2424 et
991 2395 1077 2425 Nos-

393 2446 447 2472 ter
470 2440 561 2480 alibi,
586 2444 621 2470 et
645 2440 818 2472 ,Iuvenalis
842 2442 914 2474 Sat.
930 2451 1009 2474 vin.
1025 2447 1078 2474 95.

393 2494 429 2520 et
445 2489 583 2520 Persius
598 2488 670 2520 Sat.
686 2498 741 2520 ιιι.
757 2492 810 2521 31.
853 2492 863 2508 ‘
882 2492 957 2522 Non
974 2492 1078 2531 pudet

394 2538 435 2569 ad
452 2547 576 2568 morem
589 2537 744 2568 discincti
760 2538 871 2570 vivere
884 2540 1000 2571 Nattae
1011 2541 1034 2570 ?¹

438 2589 497 2617 125
523 2587 581 2617 Ast
590 2586 641 2616 ubi
653 2587 823 2624 mesessum
833 2589 876 2619 sol
889 2591 999 2629 acrior,
1011 2590 1078 2631 ξω]

395 2635 521 2665 AEstivo
546 2640 708 2675 tempore,
731 2645 768 2666 ac
791 2636 909 2667 diebus
936 2639 1077 2670 Canicu-

394 2683 529 2713 laribus.
572 2683 686 2714 Minus
715 2686 848 2724 sapiunt
877 2687 934 2727 qui
958 2687 1078 2718 intelli-

396 2736 479 2771 gunt
495 2732 596 2762 solem
621 2733 838 2764 meridianum
855 2735 1012 2775 cujusque
1027 2736 1076 2766 di-

1126 1769 1218 1794 certe
1233 1763 1393 1794 luxuriem
1407 1767 1442 1793 et
1457 1761 1592 1792 delicias
1607 1760 1722 1790 oleret·

1169 1815 1230 1844 126
1241 1814 1387 1851 Campum
1398 1813 1552 1849 lusumque
1559 1810 1711 1848 wigonem
1724 1807 1805 1847 [Ra-

1125 1861 1202 1891 biosi
1216 1865 1350 1900 tempora
1362 1859 1460 1898 signi]
1479 1859 1571 1888 Tunc
1592 1856 1728 1887 sublevo
1743 1863 1807 1893 me,

1126 1914 1161 1939 et
1177 1909 1293 1948 mitigo
1310 1909 1444 1938 ardores
1461 1905 1649 1938 Caniculae:
1674 1904 1716 1934 de
1741 1913 1806 1943 qua

1126 1966 1151 1987 1.
1167 1957 1234 1988 Od.
1249 1959 1300 1988 17.
1319 1965 1375 1987 ιιι.
1392 1955 1527 1986 Od.13.
1542 1954 1640 1984 Pers.
1653 1953 1725 1983 Sat.
1747 1961 1805 1982 ιιι.

1124 2006 1236 2037 initio:
1261 2006 1401 2036 ‘insana
1423 2003 1582 2035 Canicula
1597 2009 1717 2033 messes
1729 2000 1807 2033 Jam

1125 2054 1251 2084 dudum
1267 2054 1394 2094 coquit,
1417 2058 1453 2083 et
1478 2051 1593 2092 patula
1615 2059 1719 2091 pecus
1739 2058 1807 2080 om-

1126 2112 1168 2133 ne
1184 2102 1245 2133 sub
1262 2102 1350 2132 ulmo
1365 2100 1438 2132 est!

1170 2153 1229 2181 127
1253 2151 1393 2181 Pransus
1407 2159 1467 2180 non
1481 2146 1584 2186 avide]
1607 2145 1742 2187 Antiqui
1757 2145 1806 2176 ni-

1126 2200 1244 2230 mirum
1260 2199 1347 2230 haud
1372 2198 1421 2228 bis
1438 2198 1470 2228 in
1486 2198 1541 2228 die
1561 2195 1805 2235 epulabantur:

1128 2247 1259 2279 modico
1286 2255 1366 2276 vero
1392 2246 1482 2276 circa
1504 2243 1675 2274 meridiem
1699 2244 1807 2271 sumto

1129 2297 1216 2335 cibo,
1244 2294 1372 2334 vesperi
1400 2293 1596 2324 coenabant:
1635 2294 1734 2329 atque
1761 2289 1809 2318 ita

1130 2344 1274 2385 negotiis
1289 2351 1328 2373 ac
1342 2341 1510 2371 laboribus
1536 2339 1623 2368 diem
1637 2336 1807 2377 impende-

1130 2393 1223 2429 bant,
1239 2394 1367 2423 noctem
1384 2398 1462 2419 vero
1487 2387 1642 2418 curandis
1664 2385 1809 2426 corpori-

1130 2442 1202 2473 bus.
1225 2438 1432 2471 Domitianus
1445 2442 1554 2467 tamen
1567 2434 1709 2466 refertur
1719 2434 1810 2465 laute

1132 2489 1315 2530 prandisse,
1341 2494 1439 2526 parce
1469 2489 1585 2514 autem
1611 2483 1807 2514 coenitasse:

1132 2543 1169 2570 ut
1195 2535 1283 2577 apud
1307 2544 1365 2565 nos
1394 2532 1492 2564 modo
1520 2531 1670 2571 plerique
1695 2529 1809 2560 facere

1129 2590 1261 2623 amunt3
1282 2584 1332 2615 ita
1355 2581 1515 2613 suadente
1531 2579 1695 2610 medicina
1710 2582 1746 2610 et
1758 2587 1809 2608 sa-

1130 2634 1244 2665 nitatis
1261 2633 1399 2663 ratione.

1171 2685 1232 2713 128
1256 2679 1448 2712 Domesticus
1462 2678 1556 2718 otior]
1582 2676 1664 2708 Otio
1680 2674 1810 2708 liberali

1130 2742 1226 2773 vaco,
1240 2740 1304 2762 non
1321 2728 1421 2761 inerti
1434 2733 1468 2759 et
1483 2728 1610 2768 ignavo.

395 2782 438 2812 ei.
485 2781 571 2812 Nam
587 2782 644 2822 qui
659 2782 788 2814 modice
801 2792 919 2815 curare
942 2794 977 2815 se
991 2785 1075 2815 cuti·
1127 2795 1132 2797 Α
