1904 3256
601 278 895 321 sermonum,
913 278 1010 311 mn.
1043 278 1074 307 1.
1104 267 1146 309 2.
1511 265 1596 308 79⁷

142 376 407 419 Transvolat
425 375 470 416 in
490 373 632 416 medio
654 374 819 427 posita,
840 378 886 415 et
901 372 1116 426 fugientia
1146 369 1323 425 captat:

143 443 180 493 ΊῘ
197 443 383 484 Hiscine
404 440 634 483 versiculis
657 453 812 493 speras
834 439 914 481 tibi
944 451 1075 492 posse
1096 437 1287 486 dolores,

147 510 296 566 Atque
310 513 448 551 aestus
468 519 685 560 curasque
707 519 878 559 graves,
899 519 924 546 e
944 509 1122 559 pectore
1139 503 1245 557 pelli
1264 504 1284 543 ‘i

151 578 316 620 Nonne
338 574 626 629 cupidinibus
646 573 807 614 statuit
827 578 985 614 natura
1005 572 1187 613 modum
1203 573 1222 612 ‘l
1253 583 1402 625 quem,

150 644 274 695 Quid
292 643 450 691 latura,
474 641 562 682 sibi
577 640 685 694 quid
705 640 764 681 sit
784 641 976 682 dolitura
995 644 1216 692 negatum,

108 715 110 717 '
150 710 360 762 Quaerere
381 709 482 763 plus
505 708 700 762 prodest,
722 711 767 748 et
787 708 918 748 inane
940 705 1206 748 abscindere
1226 705 1384 746 soldo?

150 777 287 827 Num,
304 776 384 818 tibi
404 789 502 817 cum
522 774 675 816 fauces
697 775 784 815 urit
803 774 919 823 sitis,
943 785 1079 814 aurea
1099 773 1260 825 quaeris

147 843 354 885 Pocula?
375 855 478 882 num
498 842 690 882 esuriens
710 840 890 882 fastidis
913 839 1061 880 omnia
1082 843 1242 892 praeter
1519 839 1604 882 115

150 909 374 952 Pavonem
392 908 710 960 rhombumque
726 909 745 948 ’ἒ
777 910 943 947 tument
964 906 1044 946 tibi
1064 918 1163 946 cum
1185 905 1378 958 inguina,
1397 917 1518 956 num,
1535 907 1575 948 si

1515 504 1600 546 110

147 1052 309 1091 propatulo
329 1051 512 1090 constituta,
532 1051 632 1081 ardua
652 1059 724 1081 vero
743 1050 908 1081 desiderat.
954 1049 1005 1079 An
1032 1048 1133 1086 igitar
1153 1048 1301 1087 ejusmodi
1321 1046 1475 1078 cantilena
1500 1054 1606 1085 speras

149 1095 240 1124 corde
256 1097 309 1125 tuo
323 1093 411 1133 abigi
421 1103 510 1133 posse
523 1093 712 1130 anxietates,
725 1092 949 1129 solicitudines‚
960 1100 1160 1130 moeroresque
1173 1089 1423 1120 molestissimos?
1449 1087 1606 1127 Numquid

150 1138 266 1167 natura
283 1146 344 1166 non
359 1136 448 1175 ponit
461 1135 687 1175 cupiditatibus
702 1135 835 1171 modum,
850 1143 939 1173 quem
962 1133 1152 1171 investigare
1167 1133 1267 1163 satius
1289 1135 1347 1169 est,
1367 1131 1522 1166 videlicet,
1533 1129 1608 1170 quia

150 1177 211 1207 sibi
221 1179 407 1217 denegatum
419 1177 578 1218 patienter
581 1177 685 1215 serat,
696 1180 726 1207 et
740 1176 814 1216 quid
826 1177 928 1206 doleat
939 1186 951 1213 ;
967 1178 1060 1214 utque
1075 1175 1187 1206 inutile
1199 1177 1358 1214 amputare
1370 1183 1388 1204 a
1399 1173 1496 1204 solido
1505 1170 1522 1204 :1
1544 1171 1610 1207 An,

152 1220 273 1258 quando
285 1221 360 1250 sitis
380 1221 446 1250 urit
469 1219 528 1249 tibi
542 1219 665 1257 fauces,
683 1227 778 1248 aurea
792 1218 907 1258 quoeris
920 1215 1053 1257 pocula?
1074 1227 1116 1247 an
1125 1217 1214 1255 fame
1229 1220 1359 1255 urgente
1370 1215 1492 1254 spernis
1506 1213 1608 1245 omnia

149 1264 268 1300 proeter
279 1270 428 1302 pavonem
443 1264 474 1292 et
488 1260 644 1292 rhombum
655 1258 672 1292 5!
767 1259 786 1277 ¹·
874 1259 892 1276 ⁸*
979 1259 999 1276 '‘
1096 1260 1170 1290 Non
1185 1269 1242 1298 ego
1257 1262 1350 1290 certe.
1396 1257 1516 1298 Quippe
1540 1265 1610 1286 amo

759 1341 956 1355 ON‘OO‘OOO
962 1342 999 1354 ‘O

155 1413 192 1441 et
215 1408 294 1440 edd.
318 1412 402 1440 vett.
446 1409 576 1440 Hiscine
603 1408 670 1438 duo
702 1407 799 1438 codd.
832 1410 921 1446 optt.
947 1415 1000 1445 ap.
1027 1405 1187 1436 Torrent.
1214 1409 1248 1435 et
1276 1412 1390 1434 omnes
1413 1402 1608 1443 Crnqnii.—-

155 1453 218 1482 110
233 1451 318 1482 Exc.
333 1450 413 1482 Sax.
427 1450 525 1481 Harl.
538 1452 570 1480 4.
593 1450 713 1480 Bland.
729 1448 978 1488 antiquissimus
993 1447 1145 1487 Cruqnii,
1162 1446 1310 1476 Bentleii
1331 1445 1417 1484 Reg.
1429 1445 1508 1475 Gal.
1523 1445 1610 1482 Reg.

155 1493 231 1524 Soc.
245 1496 283 1524 et
297 1502 317 1524 a
331 1502 375 1523 m.
393 1501 443 1532 pr.
462 1491 611 1529 Magdal.
627 1490 708 1522 item
724 1482 803 1522 edd.
820 1490 935 1520 Bentl.
951 1489 1096 1528 Cnning.
1110 1487 1293 1518 Heindorf.
1307 1485 1609 1523 Francis,Wakef.

154 1538 191 1566 et
205 1533 311 1565 Kidd.
326 1544 343 1565 e
355 1537 479 1574 pectore
494 1533 571 1564 tolli.
618 1533 778 1564 Heinsius
794 1531 884 1572 conj.
907 1541 923 1563 e
936 1535 1061 1571 pectore
1077 1530 1172 1566 velli,·
1195 1536 1231 1561 et
1247 1531 1295 1560 sic
1309 1529 1434 1560 Trinit-
1447 1527 1608 1560 Bentleii.

154 1575 252 1608 Harl.
266 1578 296 1607 1.
311 1579 343 1607 2.
357 1579 389 1608 3.
406 1579 438 1608 θ.
452 1578 484 1607 7.
500 1582 536 1607 et
551 1575 657 1606 ceteri
674 1574 774 1607 codd.
790 1579 826 1606 et
841 1574 920 1605 edd.
944 1583 960 1604 e
979 1576 1103 1614 pectore
1122 1572 1267 1612 pelli.—l
1277 1574 1311 1602 11
1331 1573 1399 1602 Sex
1413 1571 1512 1602 codd.
1526 1570 1610 1601 Pul-

155 1618 283 1658 manni,
305 1628 421 1650 omnes
447 1618 603 1660 Cruquii,
628 1618 759 1658 aliquot
777 1616 931 1648 Lambini
947 1620 982 1647 et
998 1616 1216 1652 Bersmanni,
1234 1614 1380 1644 Bentleii
1398 1613 1515 1644 Graev.
1532 1613 1610 1643 Gal.

155 1660 309 1692 Patrem.
338 1666 375 1692 et
399 1660 528 1692 Battel.
557 1669 641 1690 tinus
664 1660 757 1691 Hau.
774 1659 872 1690 Harl.
891 1661 919 1689 1.
936 1662 971 1688 et
994 1657 1108 1688 Scliol.
1128 1659 1272 1692 statam,-
1295 1656 1384 1696 quod
1401 1659 1610 1694 receperunt

155 1702 270 1737 Bentt.
292 1703 439 1735 Wetzel.
460 1701 645 1734 Heindorf.
670 1700 805 1733 Wakef.
834 1706 871 1732 et
898 1699 1114 1731 Kidd.—113
1151 1697 1218 1729 Hic
1241 1697 1405 1728 deficiunt
1427 1697 1550 1727 Satirae
1574 1696 1610 1727 in

820 1761 962 1794 NOTAE

200 1833 263 1863 109
278 1830 412 1862 Hire-ine
432 1828 609 1870 versiculis]
634 1827 798 1860 Horatius
815 1827 857 1858 ad

156 1882 249 1914 illum
273 1883 331 1924 qui
357 1882 509 1914 cantavit
530 1879 730 1912 Callimachi
752 1878 857 1909 versi-

158 1932 252 1964 culos
284 1930 496 1972 respondet:
539 1929 676 1961 Siccine
716 1937 779 1968 per
808 1927 856 1958 le-

158 1981 304 2012 viculum
337 1980 530 2012 cantionem
559 1988 677 2018 speras
712 1976 856 2008 eluctari

161 2039 278 2071 graves
307 2039 416 2066 curas,
446 2034 482 2061 et
510 2038 686 2067 moerores,
723 2027 856 2068 aliaque

160 2079 261 2118 mata,
279 2089 355 2120 quae
378 2083 606 2110 matronarum
631 2086 779 2108 amorem
802 2086 853 2108 co-

161 2129 346 2160 mitantur?
381 2136 424 2158 an
449 2136 516 2158 non
542 2126 648 2157 satius
678 2125 742 2157 tibi
767 2124 858 2156 foret

162 2177 299 2209 modum
314 2176 408 2219 sequi
423 2186 444 2208 a
458 2180 578 2208 natura
594 2176 831 2217 praescriptum
845 2175 858 2205 θ

161 2229 228 2259 eze.

205 2279 267 2309 118
291 2277 390 2308 Inane
412 2276 591 2309 abscindere
617 2276 715 2317 soldo]
749 2275 857 2311 Inane,

163 2335 229 2369 quo
252 2326 317 2358 sibi
339 2326 509 2367 denegato
531 2330 651 2357 natura
674 2325 777 2357 facile
802 2334 858 2356 ca·

162 2381 258 2409 reat:
283 2377 382 2415 solda,
394 2376 464 2408 sive
481 2375 588 2407 solido
604 2379 640 2407 et
656 2375 859 2413 necessario,

163 2422 251 2468 quod
264 2426 338 2458 sine
347 2425 465 2457 dolore
480 2430 629 2466 nequeat
637 2434 703 2456 non
717 2423 859 2463 habere,

165 2475 298 2518 sibique
309 2476 428 2516 negari
443 2475 532 2507 baud
548 2475 720 2517 patienter
733 2473 832 2504 ferat.

207 2527 271 2559 114
293 2526 398 2558 Aurea
425 2525 540 2567 queris
568 2525 702 2566 Pocula]
736 2525 856 2556 Senec.

166 2573 278 2614 Epiut.
292 2577 365 2610 12⁰.
386 2576 397 2593 ‘
414 2576 546 2607 Natura
559 2575 625 2606 hoc
641 2583 741 2606 unum
759 2573 860 2614 jubet

168 2622 257 2654 sitim
282 2623 442 2664 extingui.
492 2622 618 2658 Utrum
649 2624 693 2655 sit
720 2631 859 2654 aureum

167 2672 339 2712 poculum,
353 2682 396 2704 an
415 2674 662 2714 crystallinum,
677 2683 720 2705 an
735 2672 860 2704 Tibur-

169 2722 259 2753 tinus
275 2721 376 2760 calix,
394 2731 436 2752 an
457 2732 574 2754 manus
597 2732 758 2762 concava,
780 2722 860 2753 nihil

168 2769 287 2802 refert.
332 2769 455 2811 ltaque
467 2770 628 2805 Horatius
641 2776 746 2814 negat
759 2771 800 2804 ad
817 2771 860 2803 si-

912 1826 972 1857 tim
996 1825 1171 1866 pertinere
1194 1833 1260 1866 quo
1285 1824 1409 1865 poculo
1433 1832 1531 1864 aqua.
1551 1825 1611 1853 aut

910 1885 1011 1918 quam
1026 1875 1174 1915 eleganti
1191 1883 1292 1905 manu
1307 1871 1541 1904 ministretur.'

954 1927 1017 1956 116
1039 1923 1213 1963 Pavonem]
1251 1922 1355 1954 Hunc
1380 1923 1390 1939 ‘
1406 1921 1472 1954 cibi
1499 1921 1611 1962 gratia

911 1976 1027 2007 Romae
1059 1975 1186 2015 primus
1217 1972 1346 2005 occidit
1374 1976 1490 2004 orator
1521 1971 1612 2002 Hor-

910 2025 1053 2063 tensius,
1068 2024 1196 2055 aditiali
1211 2033 1310 2055 coena
1331 2022 1535 2054 sacerdotii:
1560 2031 1612 2052 sa-

911 2075 1027 2115 ginare
1045 2074 1173 2115 primus
1197 2073 1346 2104 instituit
1361 2073 1455 2104 circa
1471 2071 1612 2102 novissi-

911 2135 1001 2156 mum
1028 2126 1209 2166 piraticum
1238 2125 1362 2156 bellum
1387 2124 1438 2154 M.
1455 2122 1611 2154 Aufidius

914 2174 1035 2214 Lurco,
1057 2185 1100 2206 ex
1121 2185 1228 2216 eoque
1244 2179 1378 2216 qnaestu
1393 2173 1524 2205 reditus
1543 2183 1612 2205 ses-

912 2223 1051 2255 tertium
1076 2224 1255 2264 sexaginta
1276 2224 1328 2255 M.
1343 2222 1484 2254 habuit!
1525 2224 1612 2255 Plin.

914 2282 950 2305 x.
968 2275 1021 2304 20.
1061 2273 1169 2305 Varro
1187 2273 1307 2304 AElian.
1341 2273 1430 2304 Vide
1455 2273 1610 2305 Macrob.

913 2323 1087 2354 Saturnal.
1115 2331 1173 2354 ιιι.
1198 2325 1250 2354 13.
1279 2322 1338 2354 ubi
1365 2323 1504 2355 scribit:
1533 2324 1542 2340 ‘
1561 2323 1611 2354 M.

913 2373 1026 2404 Varro
1042 2372 1086 2404 de
1103 2373 1291 2413 pavonibus
1307 2372 1340 2404 in
1359 2373 1439 2404 villa
1462 2373 1612 2404 nntrien-

913 2420 964 2452 dis
987 2422 1126 2463 loquens
1150 2422 1196 2453 sic
1224 2422 1293 2453 ait:
1325 2422 1453 2463 primus
1480 2422 1538 2451 lios
1565 2422 1611 2453 Q.

913 2471 1119 2503 Hortensius
1132 2472 1287 2512 augurali
1303 2480 1399 2502 coena
1409 2470 1536 2500 dicitur
1552 2479 1613 2509 po·

915 2521 1043 2552 sitisse!
1087 2521 1178 2552 Hinc
1194 2520 1320 2551 factum
1335 2519 1345 2536 ‘
1363 2524 1400 2548 ut
1416 2527 1478 2549 ova
1494 2527 1611 2549 eorum

915 2569 1064 2601 denariis
1096 2573 1243 2600 veneant
1266 2567 1392 2608 quinis,
1417 2567 1482 2607 ipsi
1510 2566 1612 2600 facile

914 2617 1188 2660 quinquagenis:
1202 2619 1266 2648 &c-

959 2667 1143 2707 Rhombum]
1151 2666 1320 2708 Exquisiti
1333 2665 1462 2707 saporis
1472 2666 1613 2708 piscem.

915 2719 1006 2751 Gall.
1023 2717 1137 2750 tur-bot.
1159 2717 1213 2749 De
1229 2726 1269 2749 eo
1284 2715 1394 2758 Epod.
1409 2725 1449 2750 ιι.
1464 2720 1516 2748 50.
