1890 3256
317 263 428 305 1016

779 278 824 314 Q.
855 275 1058 306 HORA'ru
1095 275 1266 306 FLAcct

316 366 566 407 Demissum
585 381 718 419 genus
742 368 894 414 AEuea,
914 366 1064 406 tellure
1083 367 1274 420 marique

315 420 505 482 Magnus.
520 433 615 481 erit,
637 433 736 472 forti
757 431 890 471 nubet
907 442 1087 482 procera
1106 430 1278 472 Corano

315 495 428 537 Filia
448 498 642 545 Nasicae,
662 495 890 536 metuentis
909 495 1087 535 reddere
1101 496 1285 538 soldum.

311 560 420 602 Tum
436 575 561 614 gener
579 561 663 600 hoc
681 560 837 611 faciet3
867 561 1040 601 tabulas
1061 573 1211 602 socero
1230 562 1363 612 dabit,
1385 566 1516 616 atque

312 625 374 666 Ut
391 626 505 677 legat
522 626 684 666 orabit:
714 626 890 666 multum
911 626 1080 667 Nasica
1101 632 1278 679 negatas

311 691 514 742 Accipiet
532 690 722 740 tandem,
742 696 786 731 et
808 692 963 732 tacitus
980 692 1112 744 leget3
1143 693 1417 747 invenietque

312 755 387 796 Nil
408 756 492 795 sibi
511 756 719 808 legatum,
741 761 895 809 proeter
915 757 1097 810 plorare,
1118 760 1310 812 suisque.

309 820 424 860 Illud
445 820 500 860 ad
519 820 614 861 haec
628 821 787 874 jubeo3
817 821 969 863 mulier
988 823 1027 863 si
1047 823 1152 864 forte
1173 824 1327 865 dolosa

1669 825 1726 867 70

308 885 564 927 Libertusve
585 899 730 928 senem
749 887 928 928 delirum
948 893 1174 942 temperet,
1194 890 1283 930 illis

308 1015 419 1052 AEnea,
433 1018 517 1046 terra
531 1019 560 1046 et
575 1016 654 1046 mari
670 1021 777 1057 potens
797 1017 920 1056 existet,
935 1020 1058 1048 strenuo
1072 1018 1190 1049 Corano
1205 1019 1352 1050 locabitur
1369 1020 1499 1058 grandis
1510 1019 1584 1061 fllia
1601 1021 1725 1052 Nasicae

307 1057 505 1087 detrectantis
518 1058 671 1089 exsolvere
686 1059 839 1098 integrum
853 1058 997 1090 debitum.
1043 1059 1119 1089 Tum
1138 1069 1233 1098 gener
1252 1061 1305 1091 hoc
1326 1064 1410 1101 aget,
1425 1063 1637 1093 testamentum
1650 1061 1724 1103 offe-

305 1101 354 1128 ret
367 1107 480 1136 socero,
494 1098 672 1139 rogabitque
685 1103 720 1131 ut
734 1101 829 1139 legat.
875 1100 989 1131 Nasica
1003 1100 1057 1131 diu
1071 1105 1239 1132 recusatum
1253 1103 1373 1133 tandem
1389 1102 1499 1142 capiet,
1520 1112 1556 1134 ac
1577 1103 1658 1141 leget
1677 1113 1724 1134 se·

307 1142 413 1176 creto,·
435 1139 605 1180 videbitque
628 1141 708 1171 nihil
731 1142 790 1171 sibi
812 1145 842 1172 et
865 1141 928 1172 suis
950 1142 1091 1172 relictum
1111 1141 1172 1172 nisi
1185 1142 1295 1182 fletus.
1340 1143 1415 1174 Istis
1428 1143 1494 1175 Ιιωι·
1508 1143 1623 1174 monim
1635 1144 1725 1174 addo.

309 1180 434 1217 Sisorte
447 1185 551 1213 astuta
565 1181 695 1220 foemina
710 1185 758 1214 tel
773 1183 901 1214 libertus
914 1186 1004 1222 regat
1017 1192 1116 1214 senem
1129 1184 1321 1221 delirantem,
1336 1185 1470 1224 adiicnge
1484 1188 1514 1215 te
1536 1185 1585 1216 hie
1597 1184 1726 1220 socium,-

903 1285 1017 1296 aaaaaa

1021 1285 1136 1297 cccccc

308 1361 390 1388 —68
413 1358 551 1398 Accipiet
565 1361 687 1391 tandem
703 1361 814 1391 tacitus
829 1361 978 1392 nonnulli
998 1360 1096 1392 codd.
1112 1370 1166 1402 ap.
1180 1361 1402 1398 Torrentium,
1419 1361 1508 1402 quod
1529 1362 1576 1393 illi
1601 1361 1725 1403 placet.

950 1464 982 1496 N
986 1464 1090 1496 01*AE

307 1546 362 1575 na,
388 1537 445 1567 sed
476 1540 511 1567 et
540 1541 673 1577 tempus
703 1538 810 1577 ipsum
841 1547 908 1578 qno
937 1546 991 1568 res

308 1590 479 1616 eventurae
501 1590 602 1616 sunt:
627 1586 714 1626 quod
738 1587 793 1617 alii
813 1591 908 1617 vates
925 1596 991 1618 non

307 1635 418 1664 solent
433 1633 556 1665 facere.
599 1634 760 1666 Horatius
783 1639 894 1666 autem
916 1640 993 1676 apte

307 1684 437 1715 inducit
450 1684 608 1715 Tiresiam
625 1685 716 1715 velut
731 1684 937 1716 divinantem
953 1694 992 1716 ac

307 1733 547 1773 praediceutem
561 1732 675 1764 futura
689 1743 764 1773 quae
783 1742 890 1774 nuper
902 1732 994 1765 facta

308 1790 348 1812 eo
378 1786 532 1821 tempore
561 1781 797 1814 noscebantur.
843 1782 930 1813 Sunt
959 1782 994 1812 iu

308 1829 450 1860 AEneide
479 1830 585 1860 multa
617 1830 778 1870 ejusmodi
813 1830 995 1871 longinqua

308 1878 445 1917 egregie
461 1887 481 1908 a
495 1878 638 1919 Virgilio
654 1879 795 1918 tempori
811 1888 996 1910 accommo-

308 1925 409 1957 data:
434 1925 624 1967 pendetque
640 1936 683 1957 ex
697 1927 758 1958 hoc
772 1935 838 1959 non
857 1927 995 1958 minima

308 1975 366 2006 lux
390 1985 430 2007 ac
450 1975 556 2007 virtus
571 1975 720 2017 poeseos.
756 1976 846 2008 Vide
861 1975 992 2008 AEneid.

309 2033 359 2055 vr.
376 2024 437 2055 sub
453 2024 564 2055 finem.

350 2073 482 2104 Juvenis
505 2073 636 2105 Parthis
658 2073 841 2114 horrendus]
863 2073 991 2114 Augus-

310 2127 361 2154 tus
374 2133 384 2161 ;
399 2123 442 2153 de
457 2122 552 2162 cujus
562 2123 594 2153 in
603 2122 749 2153 Parthos
762 2121 915 2161 victoria,
926 2126 993 2153 ter-

308 2181 397 2211 rore,
423 2171 524 2211 fama,
555 2171 767 2212 receptisque
797 2171 910 2212 signis,
937 2179 994 2202 ιιι.

310 2221 378 2253 od.
394 2224 425 2253 5.
442 2225 478 2252 et
492 2230 545 2252 ιν.
561 2220 628 2252 od.
644 2223 694 2252 15.

351 2270 402 2301 Ab
419 2270 482 2300 alto
499 2269 676 2300 Demissum
687 2278 786 2307 genus
798 2268 914 2309 AEnea]
938 2269 995 2301 De

311 2318 455 2360 Augusti
477 2318 618 2359 origiue,
641 2327 690 2349 ιν.
715 2318 782 2349 Od.
804 2322 835 2350 5.
864 2319 936 2350 init.
959 2323 995 2350 et

313 2368 380 2401 Od.
395 2371 446 2399 16.
461 2369 495 2399 iu
508 2367 588 2399 fine.

352 2419 394 2448 64
407 2417 499 2448 Fortu·
514 2417 651 2457 Corano]
666 2416 820 2449 Juvenal.
830 2415 903 2448 Sat.
917 2423 994 2447 xvi.

312 2468 364 2497 64.
381 2465 532 2496 meminit
547 2465 675 2506 pariter
690 2464 821 2497 Coi-ani.
865 2464 919 2496 Sic
940 2464 995 2495 ha-

310 2514 390 2546 bet:
413 2515 423 2532 ‘
440 2514 532 2554 Ergo
554 2514 921 2554 Coranum,Signorum
941 2523 996 2544 co-

311 2563 438 2602 mitem,
447 2568 701 2605 custrorumque
719 2573 788 2594 aera
799 2567 996 2603 merentem,

310 2612 469 2644 Quamvis
475 2612 548 2652 jam
561 2612 734 2653 tremulus,
744 2615 860 2653 captat
873 2611 995 2653 pater!

353 2663 393 2691 65
408 2661 543 2702 Νωὶοιε,
554 2662 716 2693 momentis
728 2663 853 2693 reddere
865 2659 995 2700 eoldum]

313 2709 439 2750 Nasica
451 2719 568 2741 avarus
580 2711 755 2751 pecuniam
768 2714 883 2742 mutuo
899 2718 993 2742 acce-

314 2761 412 2799 perat
439 2767 458 2788 a
473 2758 604 2790 Corano
618 2768 697 2790 seue
720 2759 859 2800 perinde
881 2767 992 2798 avaro,

1043 1537 1101 1568 sed
1118 1537 1300 1568 astutior-ez
1317 1545 1459 1578 eumque
1473 1535 1606 1576 fugeret
1618 1537 1727 1568 exsol-

1045 1594 1123 1616 vere
1153 1585 1315 1623 debitum,
1338 1584 1439 1615 filiam
1467 1584 1625 1622 tradidit3
1651 1594 1727 1625 spe-

1044 1643 1121 1665 rans
1138 1634 1275 1674 iusuper
1286 1639 1386 1674 atque
1398 1634 1445 1664 ita
1456 1638 1593 1673 captans
1606 1634 1729 1665 Corani

1043 1682 1288 1714 haereditatem.
1333 1683 1364 1713 N
1369 1683 1470 1714 asicae
1495 1686 1642 1713 mentem
1665 1683 1728 1714 Co-

1043 1742 1144 1763 ranus
1158 1732 1325 1764 intellexit
1336 1743 1346 1770 ;
1361 1731 1489 1773 sibique
1498 1732 1632 1763 mimum
1642 1730 1729 1764 feeit

1043 1791 1062 1812 e
1075 1781 1192 1812 delusa
1207 1781 1413 1812 insidiatoris
1427 1780 1631 1820 captatione.
1658 1781 1728 1817 Ne-

1043 1839 1108 1870 que
1130 1829 1228 1860 modo
1252 1830 1332 1860 nihil
1357 1833 1559 1860 testamento
1582 1828 1727 1870 reliquit,

1043 1878 1102 1908 sed
1129 1883 1164 1909 et
1191 1878 1295 1908 voluit
1320 1878 1477 1909 Nasicam
1500 1878 1627 1909 rescire
1647 1878 1728 1910 nihil

1043 1926 1109 1957 sibi
1119 1926 1286 1966 legatum:
1302 1930 1402 1967 atque
1417 1936 1458 1957 ex
1474 1926 1547 1966 ejus
1558 1926 1672 1958 dolore
1689 1937 1728 1958 ac

1043 1975 1205 2006 moestitia
1221 1975 1375 2015 gaudium
1390 1975 1454 2006 sibi
1471 1973 1598 2006 affatim
1613 1975 1730 2007 risum·

1044 2032 1109 2065 que
1124 2023 1230 2054 dedit.

1086 2073 1228 2113 Saldum]
1250 2073 1316 2103 Seu
1341 2073 1452 2104 dotem
1477 2072 1568 2114 ffliae,
1588 2083 1646 2105 seu
1671 2073 1728 2104 de·

1044 2121 1148 2153 bitum
1164 2122 1288 2153 dudum
1304 2131 1463 2154 summam
1480 2122 1629 2163 pecuniae
1645 2122 1729 2154 inte-

1045 2180 1150 2211 gram.

1087 2222 1128 2251 66
1152 2220 1255 2251 Gener
1273 2219 1390 2259 socero]
1414 2220 1564 2252 Coranus
1581 2219 1727 2250 Nasicae.

1046 2268 1168 2300 Irouiae
1180 2269 1278 2311 plena
1287 2268 1516 2299 animadverte
1526 2267 1646 2307 passim
1655 2277 1693 2299 ve
1699 2277 1728 2298 r-

1047 2316 1111 2355 ba;
1133 2325 1238 2357 eoque
1254 2316 1373 2356 magis,
1388 2315 1475 2358 qnod
1489 2317 1576 2347 seria
1592 2325 1728 2356 prorsus

1047 2372 1082 2398 et
1097 2365 1208 2406 gravis
1224 2365 1325 2397 dictio
1341 2364 1481 2395 videtur.
1504 2365 1561 2396 Sic
1575 2370 1610 2396 et
1626 2366 1727 2406 paulo

1047 2419 1125 2446 ante
1140 2424 1148 2446 ε
1163 2414 1245 2453 sorti
1263 2413 1354 2445 nubet
1368 2422 1493 2452 procera
1511 2414 1630 2445 Corano
1645 2414 1729 2446 Filia

1048 2464 1183 2502 Nasicae,
1195 2464 1247 2502 &c-

1088 2516 1129 2544 67
1141 2512 1277 2543 Multum
1290 2511 1403 2542 Nasica
1415 2515 1556 2550 negatas,
1571 2511 1642 2552 §sc-J
1656 2511 1731 2543 eai-

1046 2562 1114 2594 lide
1124 2561 1276 2592 ulmirum
1292 2569 1334 2592 ex
1349 2569 1440 2592 more
1451 2565 1673 2601 captator-um.
1687 2561 1729 2592 ad

1046 2609 1260 2642 amovendam
1272 2609 1506 2651 suspicionem,
1520 2614 1557 2641 ut
1569 2614 1647 2642 ante
1656 2610 1728 2655 jam

1046 2659 1186 2690 dictum.

1079 2711 1128 2751 βξ)
1151 2707 1219 2740 Sibi
1232 2707 1368 2750 suisque]
1391 2707 1464 2740 Nee
1480 2706 1556 2749 sibi,
1570 2715 1633 2740 nec
1648 2707 1726 2747 filia

1044 2766 1124 2789 suae.
