1904 3256
801 277 842 313 Q.
874 275 1078 305 HORA'rn
1112 275 1282 304 FLAOCI

562 365 807 419 Petamque
826 367 973 407 vultus
992 367 1143 406 umbra
1163 367 1303 408 curvis
1323 368 1550 420 unguibus,

615 432 745 481 (Quae
765 432 833 471 vis
858 431 1042 471 Deorum
1062 436 1130 473 est
1148 431 1381 487 Manium,)

562 497 617 537 Et
636 496 840 548 inquietis
861 496 1059 538 assidens
1079 499 1345 550 praecordiis,

1694 503 1751 543 95

614 561 785 602 Pavore
806 574 985 603 somnos
1002 563 1206 606 auferam.

557 626 653 667 Vos
673 628 800 668 turba
819 627 995 669 vicatim
1010 628 1109 670 hinc
1129 633 1172 671 et
1191 630 1290 672 hinc
1311 634 1434 674 saxis
1454 638 1607 687 petens

613 691 857 734 Contundet
875 694 1106 736 obscoenas
1119 708 1250 747 anus;

556 758 683 807 Post,
702 758 919 812 insepulta
938 761 1128 802 membra
1147 760 1343 803 different
1361 763 1470 816 lupi,

611 824 669 864 Et
687 823 928 878 Esquilinae
949 826 1075 867 alites
1092 840 1103 867 :

1667 829 1749 871 100

332 961 423 991 adero
435 960 529 998 juror
549 964 727 1000 nocturnus,
739 966 829 1002 utque
849 963 956 994 umbra
966 963 1070 1000 socies
1086 968 1203 996 vestras
1215 966 1318 997 curvis
1328 966 1479 1006 unguibus
1496 966 1649 1004 invadam,
1661 964 1749 1006 (nam

332 1002 397 1032 hoec
415 1006 547 1042 potestas
561 1006 607 1034 est
622 1003 760 1034 Deorum
774 1004 943 1044 Manium)
964 1008 1055 1045 atque
1073 1007 1253 1045 proecordiis
1267 1008 1418 1039 inherens
1428 1009 1550 1039 minime
1569 1007 1747 1048 quiescenti-

332 1043 398 1083 bus,
411 1044 581 1081 formidine
595 1045 722 1085 eripiam
733 1055 879 1077 sommam.
923 1046 1044 1077 Deinde
1063 1047 1144 1086 plebs
1162 1058 1218 1088 per
1237 1050 1372 1088 singulos
1393 1050 1474 1080 vicos
1492 1050 1624 1089 undique
1637 1047 1748 1089 lapidi-

332 1083 385 1115 bus
405 1095 458 1116 vos
480 1087 631 1117 incessens
653 1087 838 1118 execrabiles
864 1089 980 1118 vetulas
1003 1088 1118 1119 obruet.
1160 1089 1301 1130 Denique
1322 1091 1454 1122 membru
1474 1094 1577 1122 oestro
1597 1090 1749 1131 insepulta

923 1191 1038 1203 eeeee

332 1262 368 1289 ut
383 1259 513 1293 emend.
527 1261 724 1295 Reum—90
744 1265 754 1281 ⁸
766 1264 856 1297 Quid
871 1265 898 1296 si

1040 1191 1155 1204 00000

912 1263 1085 1306 expiator?
1100 1265 1312 1298 Gesn.-100
1333 1266 1343 1283 ‘
1354 1266 1400 1298 Ee
1412 1266 1582 1307 Esquiline
1594 1265 1686 1296 alites
1699 1273 1750 1296 re-

330 1301 401 1339 peri
430 1302 462 1332 in
485 1308 630 1342 quatuor
653 1305 752 1338 codd.
774 1306 920 1339 Blandd.
944 1317 1009 1339 non
1035 1306 1230 1348 Esquilinioe,
1255 1314 1292 1339 ut
1319 1308 1497 1348 legendum
1524 1306 1751 1338 arbitrabatur

329 1341 462 1374 Bonfin.
479 1350 616 1383 propter
631 1346 803 1377 elisionem
818 1347 1015 1388 diphthongi
1031 1359 1081 1385 α,-
1104 1357 1217 1379 verum
1233 1349 1306 1389 ejus
1321 1350 1411 1380 nulla
1426 1349 1470 1380 sit
1484 1358 1574 1380 cura.
1618 1347 1684 1379 Sed
1705 1357 1748 1378 an

328 1383 394 1422 legi
410 1383 534 1416 debeat
549 1386 728 1424 Exquilinoe
750 1388 863 1427 potius
879 1398 977 1429 quam
992 1389 1176 1429 Esquiline,
1192 1390 1342 1430 disputat
1367 1390 1522 1421 Marlian.
1549 1389 1582 1420 in
1603 1389 1754 1430 Topogr..

970 1501 1002 1532 N
1005 1501 1109 1533 OTAE

369 1583 409 1611 94
435 1581 513 1617 Quoe
539 1583 587 1613 vis
612 1583 750 1615 Deorum
776 1586 824 1616 est
840 1569 1010 1624 'Munium1

328 1629 377 1660 Ut
401 1638 435 1660 se
456 1629 662 1662 ulciscantur
688 1632 730 1662 de
752 1637 861 1663 morte
883 1633 1011 1673 injuste

326 1677 431 1716 illata,
446 1677 510 1708 vim
530 1682 567 1710 et
581 1684 783 1719 potestatem
799 1681 926 1713 habent
940 1681 1010 1712 ani-

324 1735 388 1756 mae
411 1735 431 1756 a
453 1735 594 1767 corpore
618 1728 750 1759 solutae.
793 1728 858 1761 ΗΕ
881 1729 1011 1761 scilicet

325 1775 334 1790 ‘
347 1774 491 1814 Manesss
506 1779 554 1812 et,
566 1775 577 1792 ‘
588 1775 667 1815 Dii:
681 1776 814 1808 honoris
827 1787 941 1817 cansa,
957 1787 1012 1809 vo-

326 1827 457 1854 eantur.
499 1823 591 1855 Hinc
614 1824 654 1854 iis
673 1833 741 1856 arae
757 1835 889 1867 quoque
903 1827 1011 1866 erige-

324 1871 459 1902 bantur.
482 1871 599 1911 Virgil.
613 1872 728 1904 Bel-v.
745 1873 912 1914 Daphnidi
923 1883 1008 1905 mor-

325 1924 384 1951 tuo
399 1929 464 1951 arae
479 1919 568 1951 duae.
585 1930 633 1952 vs.
649 1924 702 1954 66.
740 1921 872 1953 AEneid.
887 1931 943 1954 ιιι.
955 1925 1009 1954 63.

322 1969 484 2009 Polydori
499 1970 617 2002 enimae
634 1971 780 2011 pariter:
804 1973 814 1990 ‘
827 1976 918 2004 stant
933 1973 1008 2003 Ma-

323 2018 418 2050 nibm
433 2019 525 2059 aroe,'
535 2019 644 2060 inquit
658 2030 666 2050 :
687 2024 722 2051 et
739 2029 785 2052 vs.
800 2023 874 2052 305.
889 2021 1007 2052 animae

324 2067 484 2098 Hectoris
519 2067 754 2100 Andromache
790 2070 799 2086 ‘
817 2073 1010 2101 sacraverat

324 2125 396 2147 aras
411 2126 420 2148 ι
434 2115 443 2130 ’
464 2120 500 2147 et
520 2126 567 2148 vs.
583 2119 656 2148 303.
679 2118 689 2134 ⁴
702 2117 887 2158 Manesque
911 2128 1007 2150 voca-

322 2164 405 2196 bat.'
447 2165 536 2199 Quid
567 2166 702 2207 proprie
727 2167 795 2198 sint
817 2167 949 2203 Manes,
971 2172 1008 2198 et

323 2214 432 2246 varias
454 2215 529 2255 ejus
553 2216 644 2247 vocis
665 2216 882 2257 acceptiones
905 2217 1010 2257 expli·

324 2267 382 2295 eut
406 2264 596 2295 luculenter
623 2274 662 2295 ac
690 2264 817 2296 diserte
840 2265 1007 2306 Apuleius

322 2312 379 2344 lib.
401 2313 443 2344 de
468 2315 542 2345 Deo
555 2313 724 2345 Socratis:
748 2314 927 2346 ‘Animum
949 2315 1009 2346 hu-

322 2362 479 2403 manum,’
507 2363 630 2404 inquit,
651 2363 820 2395 ‘emeritis
843 2364 922 2395 vitae
948 2364 1006 2395 sti-

323 2410 454 2450 pendiis
476 2419 616 2451 corpore
631 2420 691 2443 suo
705 2412 927 2452 abjurantem,
948 2421 1006 2443 ve-

321 2464 396 2490 tere
408 2459 530 2491 Latina
546 2460 660 2500 lingua
674 2460 851 2492 Lemurem
871 2460 1006 2492 dictita-

323 2512 392 2538 tnm
418 2507 562 2548 reperio.
605 2508 657 2538 Ex
683 2508 775 2540 hisce
797 2508 1007 2548 Lemuribus,

323 2556 378 2596 qui
401 2562 609 2596 posterorum
623 2565 757 2588 auorum
778 2565 890 2588 curam
910 2556 1007 2588 eorti-

325 2611 390 2644 ms,
402 2606 534 2643 placato
547 2610 582 2636 et
597 2605 713 2647 quieto
727 2606 862 2638 numine
873 2606 1007 2638 domum

323 2654 484 2694 possidet,
500 2655 563 2685 Lar
578 2654 750 2687 familiaris
761 2656 895 2688 dicitur.
937 2655 1006 2688 Qui

323 2711 404 2733 vero
431 2702 475 2733 ob
501 2703 640 2735 adversa
662 2705 741 2736 vitae
762 2704 894 2745 merita,
907 2705 1007 2735 nullis

324 2751 417 2784 bonis
432 2751 579 2792 sedibus,
595 2753 722 2785 incerta
741 2754 930 2794 vagatione,
946 2763 1004 2785 seu

1063 1583 1205 1624 quodam
1219 1585 1327 1616 exilio·
1336 1584 1483 1625 punitur,
1498 1581 1596 1615 inane
1611 1585 1749 1616 terricu-

1062 1632 1241 1663 lamentum
1258 1633 1354 1664 bonis
1372 1632 1566 1672 hominihus,
1581 1631 1677 1664 malis
1692 1643 1750 1664 ve·

1064 1689 1100 1711 ro
1123 1681 1272 1718 noxium,
1287 1681 1321 1712 id
1339 1691 1441 1722 genus
1458 1681 1608 1722 plerique
1623 1682 1751 1714 Larves

1063 1729 1255 1769 perhibent.
1298 1729 1382 1761 Cum
1407 1739 1486 1762 vero
1501 1730 1665 1761 incertum
1681 1735 1756 1771 εις

1065 1786 1140 1818 quae
1157 1778 1278 1819 cuique
1301 1786 1416 1810 eorum
1438 1778 1570 1810 sortitio
1584 1779 1747 1815 evenerit,

1064 1829 1174 1856 utrum
1190 1826 1258 1857 Lar
1272 1827 1316 1858 sit
1331 1836 1373 1858 an
1392 1828 1511 1865 Lana,
1525 1827 1659 1858 Manem
1674 1827 1747 1859 De-

1062 1882 1118 1903 nm
1156 1874 1375 1915 nuncupant!
1416 1873 1654 1906 Animadverte
1686 1875 1746 1907 lias

1061 1929 1163 1952 voces
1188 1927 1375 1962 postremas
1398 1923 1440 1954 ad
1461 1932 1531 1954 rem
1546 1929 1746 1964 praesentem

1063 1969 1207 2001 maxime
1218 1969 1392 2003 facientes.

1105 2021 1144 2050 9⁵
1167 2019 1314 2051 Aseraeus
1325 2021 1519 2061 precordiis]
1550 2021 1645 2052 Sicut
1660 2021 1746 2052 Pro-

1059 2068 1183 2099 methei
1194 2069 1296 2108 jecur
1311 2070 1422 2100 vultur
1437 2079 1496 2100 seu
1509 2070 1621 2111 aquila
1634 2069 1746 2102 tundit

1059 2122 1094 2148 et
1110 2117 1257 2150 vellicat.
1271 2126 1312 2148 11.
1326 2118 1392 2149 Od.
1405 2121 1458 2150 13.
1474 2118 1508 2149 in
1517 2117 1598 2150 fine.

1100 2167 1142 2196 99
1166 2165 1321 2205 Insepuua
1334 2167 1482 2207 membra]
1497 2167 1572 2198 Hoc
1586 2167 1674 2207 apud
1686 2175 1746 2198 aa·

1057 2213 1167 2255 tiques
1183 2214 1412 2254 gravissimum
1427 2215 1584 2246 malorum
1601 2214 1744 2246 animn-

1058 2264 1175 2303 batur3
1204 2263 1292 2304 quod
1307 2273 1420 2295 errare
1436 2264 1555 2300 anima,
1572 2263 1678 2295 donec
1691 2273 1742 2295 ee-

1058 2313 1173 2354 pnlcro
1188 2321 1305 2353 corpus
1330 2318 1421 2343 esset
1443 2313 1625 2351 conditum,
1645 2317 1743 2352 puta-

1058 2366 1161 2395 retur.
1183 2361 1270 2393 Vide
1286 2370 1309 2393 1.
1325 2360 1392 2393 od.
1408 2363 1461 2392 28.
1485 2361 1571 2392 Item
1586 2361 1743 2402 Sophocl.

1058 2407 1158 2451 A'jac.
1175 2409 1255 2442 Act.
1273 2410 1335 2441 ult.

1101 2462 1162 2490 100
1188 2458 1468 2499 Esquieimaliees]
1479 2459 1742 2500 Esquiliamms

1060 2517 1078 2539 e
1107 2509 1223 2540 Romae
1245 2507 1396 2539 collibus.
1438 2507 1630 2548 Accipitree
1651 2509 1743 2540 circa

1061 2557 1224 2598 Esquilias
1247 2555 1431 2588 volitabant
1441 2555 1650 2598 frequenter,
1663 2559 1742 2598 qnia

1059 2606 1126 2638 illic
1142 2610 1239 2638 erant
1253 2605 1466 2646 sepulcrum
1497 2606 1595 2637 immo
1616 2611 1652 2637 et
1667 2615 1741 2640 reo-

1058 2666 1130 2687 rum
1161 2664 1200 2686 ac
1226 2660 1334 2686 morte
1356 2655 1584 2686 damnatorum
1607 2655 1743 2696 abiecta

1059 2705 1240 2736 cadavera:
1266 2705 1378 2745 itaque
1402 2703 1549 2744 praedam
1576 2703 1622 2735 ibi
1642 2704 1741 2737 nubo-

1058 2754 1263 2786 dorabantur
1278 2759 1312 2785 et
1327 2753 1562 2794 quaeritabant.
