1890 3256
322 261 431 302 1022

785 276 827 312 Q.
860 273 1062 304 HoRA'ru
1098 273 1271 303 FLACCI

322 364 434 416 Ergo
454 365 528 404 ubi
544 377 610 405 me
632 365 674 404 in
693 368 858 404 'montes
871 367 913 403 et
933 365 973 402 in
995 364 1136 403 arcem
1157 377 1211 404 ex
1229 365 1330 405 urbe
1350 366 1529 415 removi,

317 429 457 483 (Quid
481 431 599 482 prius
619 431 826 470 illustrem
848 429 1005 477 Satiris
1028 429 1244 482 Musaque
1264 431 1453 483 pedestri
1469 429 1510 483 2)

323 494 363 534 N
370 507 419 535 ec
441 496 554 535 mala
573 507 639 534 me
659 493 839 533 ambitio
861 494 1014 546 perdit,
1041 507 1121 534 nec
1141 495 1362 547 plumbeus
1382 493 1558 545 Auster,

319 559 650 610 Autumnusque
672 558 831 610 gravis,
851 559 1053 600 Libitinae
1075 566 1271 612 quaestus
1290 562 1473 601 acerbae.

321 624 535 667 Matutine
555 628 692 676 pater,
713 636 787 664 seu
807 623 836 664 J
839 636 921 664 ane
940 625 1142 665 libentius
1163 625 1304 676 audis,

1674 628 1731 670 26

314 743 434 780 petuas.
478 741 586 780 Imque
597 745 754 781 postquam
769 751 808 771 ex
823 741 894 771 urbe
908 742 1015 772 secessi
1039 742 1072 772 in
1092 743 1182 773 colles
1203 745 1234 774 et
1256 753 1366 781 urcem,
1379 743 1451 783 quid
1468 743 1570 782 potius
1591 750 1732 775 exornem

317 791 406 820 quam
421 781 544 812 satiras
557 785 586 813 el
602 783 725 812 illusam
739 784 925 822 pedestrem?

967 783 1036 813 Illic
1051 793 1143 823 neque
1164 794 1211 815 me
1231 794 1326 824 pruna
1346 785 1511 824 corrumpit
1525 783 1661 818 ambitio,
1675 791 1730 813 ne-

317 833 372 861 que
393 825 499 861 gravis
519 823 634 854 Auster
655 825 703 854 vel
726 824 899 854 Autumnus
915 824 1069 862 morbifer,
1091 827 1208 856 lucrum
1227 829 1378 865 proestans
1397 827 1481 857 ‹luroe
1495 825 1654 856 Libitina.
1700 825 1730 854 0

960 895 1097 927 NOTAE

360 959 400 987 16
422 957 461 986 In
484 958 597 997 urcem]
628 958 747 988 Villam
766 958 1000 994 Tusculanam,

319 1006 350 1036 in
375 1006 465 1036 edito
493 1006 579 1036 colle
602 1006 710 1037 sitam.
748 1005 856 1046 Epod.
888 1014 913 1036 1.
938 1005 999 1036 sub

316 1053 427 1084 finem.
452 1053 538 1084 Item
555 1063 577 1084 ι.
594 1054 700 1094 Epist.
717 1057 766 1085 16.

361 1105 398 1133 17
425 1102 507 1137 Quid
519 1102 604 1142 prius
624 1103 774 1133 illustrem
789 1102 914 1141 Satiris,
929 1102 998 1142 dc]

316 1151 402 1181 Sunt
435 1151 491 1190 qui
523 1152 572 1182 sic
601 1151 885 1192 interpretentur:
922 1152 998 1191 qnid

318 1200 408 1239 prius
423 1209 540 1231 canam
563 1205 597 1232 et
621 1201 820 1232 carminibus
835 1200 999 1232 celebrem

317 1258 415 1289 quarn
438 1249 531 1279 Deos
554 1253 716 1288 agrestes,
744 1250 892 1288 Satyros,
917 1250 1000 1280 Fan-

317 1309 389 1337 nos,
403 1302 465 1331 ὅτε.
495 1300 584 1331 Vide
601 1310 657 1333 ιιι.
674 1300 740 1332 Od.
757 1304 807 1332 18.
853 1300 917 1331 Alii
931 1310 999 1331 me-

316 1348 398 1379 lius:
423 1348 512 1380 Quid
537 1350 646 1389 aptius
669 1349 809 1380 scribam
829 1358 927 1389 qnam
941 1350 998 1380 Sa-

317 1396 410 1434 tiras,
439 1396 587 1426 oratione
615 1397 747 1437 quidem
782 1397 911 1433 stricta,
940 1397 997 1427 sed

317 1453 390 1483 qnae
417 1445 535 1474 solutae
552 1444 666 1475 similis
682 1440 848 1483 videatur,
872 1449 906 1475 et
929 1446 998 1476 vul-

317 1493 389 1531 gari
415 1493 424 1509 ‘
442 1492 586 1523 sermoni
610 1492 769 1532 propior‚'
792 1502 831 1523 ac
860 1493 998 1532 proinde

314 1543 323 1558 ⁴
342 1550 434 1571 musa
450 1541 633 1580 pedestris’
650 1541 761 1572 vocari
775 1546 888 1581 queat.
910 1542 998 1573 Vide

316 1597 340 1619 1.
355 1588 426 1618 Sat.
441 1591 472 1619 4.
483 1591 535 1619 40.
552 1593 586 1619 et
600 1598 669 1628 seq.

359 1639 399 1667 18
422 1636 584 1667 Plumbeus
596 1636 724 1675 Auster]
747 1637 872 1668 Gravia
883 1642 918 1669 et
933 1642 998 1669 tar-

317 1685 411 1715 diora
433 1684 582 1716 efficiens
607 1695 760 1725 corpora.
788 1695 827 1717 11.
852 1685 918 1718 od.
946 1689 997 1718 14.

314 1734 323 1751 ‘
342 1735 476 1765 Frustra
512 1744 571 1774 per
601 1734 788 1766 Autumnus
822 1739 999 1767 nocentem

317 1783 519 1823 Corporibus
533 1788 715 1814 metuemus
733 1783 915 1815 Austrum.’

359 1835 399 1862 19
429 1831 660 1871 Autumnusque
685 1831 808 1871 grat-is]
843 1832 999 1863 Juvenal.

316 1879 386 1910 Sat.
411 1888 459 1910 iv.
482 1879 691 1910 ‘letiferum'
717 1880 888 1918 appellat:
911 1880 998 1910 bene

316 1927 467 1967 quidem:
493 1931 570 1957 tunc
593 1927 677 1957 enim
705 1927 869 1958 acutiores
894 1927 999 1957 morbi

316 1979 432 2006 suntet
441 1974 697 2015 frequentiore&
716 1975 912 2014 Hippocrat.
923 1975 999 2005 Gal.

317 2027 381 2055 διο.
418 2024 514 2054 Idem
539 2024 607 2055 Sat.
631 2032 681 2054 vr.
707 2026 780 2054 516.
802 2027 811 2041 ‘
828 2023 998 2062 metuique

313 2073 413 2112 jubet
433 2072 638 2112 Septembris
660 2077 694 2103 et
726 2071 840 2102 Austri
864 2071 998 2102 Adven-

317 2121 412 2153 tum-⁹
456 2122 522 2152 Cur
553 2125 664 2152 autem
692 2120 852 2151 Horatius
879 2121 910 2151 in
939 2130 998 2151 sua

317 2170 397 2200 villa
411 2178 475 2199 non
492 2173 619 2200 metuat
635 2169 794 2200 Austrum
811 2168 843 2198 in
859 2167 997 2199 Autum-

317 2226 371 2253 no,
398 2216 547 2258 quamvis
577 2217 722 2256 noxium,
748 2217 820 2256 ipse
848 2217 998 2257 explicat

319 2265 429 2306 Epist.
445 2267 529 2297 ulfi.
550 2265 623 2296 sita
634 2275 754 2306 nempe
766 2266 822 2296 illa
836 2270 997 2306 opportu-

319 2323 360 2344 ne
372 2318 407 2345 et
423 2314 598 2345 salubriter
613 2314 701 2344 haud
717 2314 907 2353 excipiebat
925 2324 998 2354 pes-

319 2363 452 2394 tilentes
467 2362 581 2394 Austri
594 2362 712 2394 flatus:
748 2363 758 2380 ⁴
776 2363 840 2393 Hae
860 2362 996 2393 latebrae

320 2412 448 2451 dulces,
462 2415 497 2442 et
507 2403 591 2451 jam,
605 2411 633 2441 si
644 2410 764 2450 credis,
781 2419 931 2448 amoenae,
942 2410 999 2440 In-

319 2461 480 2492 columem
508 2459 570 2491 tibi
590 2469 643 2491 me
665 2464 825 2500 praestant
848 2459 1000 2499 Septem-

320 2509 434 2540 bribus
448 2507 562 2539 horis!

361 2557 510 2588 Libitina.»
532 2560 663 2596 quaestus
684 2556 815 2598 acerbae]
840 2557 998 2589 Pluribus

320 2606 406 2636 enim
422 2606 454 2636 in
472 2605 640 2636 Autumno
651 2606 882 2641 morientibus,
896 2606 999 2646 majo-

320 2663 389 2684 rem
406 2659 568 2693 quaestum
582 2654 707 2685 habent
721 2655 743 2685 ii
761 2654 816 2695 qui
829 2653 998 2685 funeribus

319 2703 535 2744 procurandis
551 2704 756 2744 incumbunt,
780 2703 860 2735 dicti
884 2704 1000 2736 Libiti-

1036 957 1149 996 „narii,
1173 967 1191 988 a
1215 958 1363 989 Libitina
1383 957 1535 989 funerum
1564 959 1662 990 Dea:
1689 959 1731 988 «le

1051 1014 1116 1044 qua
1138 1005 1198 1035 lib.
1223 1015 1278 1037 ιιι.
1302 1005 1368 1037 Od.
1391 1009 1444 1037 3⁰.
1465 1007 1595 1038 Seneca
1617 1016 1666 1038 vr.
1689 1008 1731 1037 de

1051 1052 1241 1092 Beneficiis,
1255 1059 1428 1093 comparat
1444 1059 1521 1085 vota
1545 1063 1656 1085 eorum
1676 1055 1730 1094 qui

1053 1105 1255 1133 testamenta
1277 1107 1418 1142 captant
1441 1112 1515 1134 cum
1541 1104 1627 1134 votis
1643 1103 1733 1134 Libi-

1053 1149 1265 1182 tinariorum:
1289 1160 1407 1191 nempe
1420 1151 1642 1192 utriquelucri
1657 1161 1733 1192 gra-

1053 1198 1255 1237 tia-mortem
1280 1199 1443 1230 hominum
1459 1199 1611 1239 cupiunt,
1632 1200 1731 1231 etiam

1053 1246 1243 1279 amicorum.
1281 1247 1357 1278 Huc
1372 1257 1449 1278 vero
1465 1249 1634 1288 praecipue
1650 1247 1733 1280 facit

1053 1295 1141 1335 quod
1156 1305 1198 1327 ex
1217 1295 1368 1327 instituto
1389 1297 1494 1328 Servii
1507 1297 1619 1333 Tullii,
1639 1297 1732 1328 Rom.

1053 1345 1152 1384 regis,
1161 1350 1333 1376 nascentes
1347 1346 1609 1376 recensebantur
1618 1347 1650 1376 in
1660 1346 1732 1376 aede

1050 1392 1192 1423 Junonis
1216 1393 1364 1432 Lucinae,
1387 1393 1530 1432 puberes
1555 1394 1589 1424 in
1607 1394 1733 1426 Juven-

1052 1445 1109 1479 tae,
1130 1441 1310 1472 morientes
1340 1442 1371 1471 in
1395 1442 1535 1474 Veneris
1564 1443 1732 1482 Libitinae,

1051 1498 1183 1520 nummo
1207 1490 1341 1530 quidem
1367 1500 1429 1530 pro
1453 1491 1590 1530 singulis
1607 1491 1733 1524 delato.

1051 1539 1191 1579 Dionys.
1210 1540 1320 1570 Halic.
1336 1541 1392 1572 lib.
1418 1550 1467 1572 xv.
1486 1541 1574 1573 Hinc
1595 1542 1734 1585 Sueten.

1054 1588 1178 1618 Neron.
1202 1597 1277 1628 cap.
1305 1591 1356 1620 39.
1399 1590 1409 1609 ί
1425 1590 1542 1621 Tantis
1567 1599 1610 1620 ex
1635 1590 1733 1621 Prin-

1051 1635 1126 1674 cipe
1159 1636 1252 1666 malis
1290 1637 1487 1678 probrisque
1521 1643 1734 1670 accesserunt

1053 1684 1203 1724 quaedam
1219 1689 1255 1716 et
1270 1683 1432 1716 fortuita:
1457 1685 1649 1726 pestilentia
1663 1687 1734 1718 uni-

1052 1741 1090 1763 us
1121 1732 1293 1772 Autumni,
1323 1743 1389 1774 qua
1419 1731 1561 1774 triginta*
1577 1733 1731 1766 funerum

1052 1783 1156 1814 millia
1188 1783 1220 1814 in
1250 1783 1410 1814 rationem
1446 1784 1602 1815 Libitinae
1633 1792 1732 1818 vene-

1050 1831 1152 1862 runt.'

1091 1882 1132 1910 20
1155 1879 1311 1910 Matutine
1337 1879 1440 1919 pater]
1475 1879 1582 1911 Janus
1610 1879 1732 1911 dicitur

1050 1928 1059 1944 ‘
1077 1928 1263 1960 Matutinus
1276 1928 1284 1941 ’
1299 1939 1318 1959 a
1334 1929 1481 1966 Matuta,
1497 1929 1567 1959 sive
1582 1928 1732 1967 Aurora3

1051 1980 1086 2007 et
1100 1977 1186 2017 qnod
1201 1986 1297 2008 mane
1316 1977 1438 2017 primus
1458 1977 1732 2015 invocaretur,ut

1052 2025 1108 2063 qui
1135 2025 1339 2064 temporibus
1363 2024 1490 2064 praesit,
1511 2033 1551 2055 ac
1576 2025 1667 2056 velut
1682 2034 1732 2056 re-

1051 2081 1124 2102 rum
1149 2073 1293 2104 omnium
1318 2073 1580 2112 incipiendarum
1601 2079 1731 2105 auctor.

1052 2119 1176 2152 Arnob.
1206 2121 1263 2152 lib.
1286 2130 1342 2153 ιιι.
1385 2123 1394 2139 ⁸
1412 2122 1519 2154 Quem
1548 2122 1580 2151 in
1603 2122 1731 2152 cunctis

1052 2169 1252 2208 anteponitis
1269 2169 1444 2210 precibus!
1475 2171 1518 2200 Et
1532 2170 1630 2202 alibi:
1653 2170 1731 2201 ‘In-

1051 2217 1210 2257 cipiamus
1235 2227 1315 2257 ergo
1338 2218 1520 2249 solenniter
1540 2218 1581 2248 ab
1595 2218 1682 2250 Jano
1697 2223 1732 2249 et

1050 2270 1165 2296 nostro
1182 2265 1300 2305 patre-⁸

1093 2314 1204 2355 Pater]
1227 2314 1346 2346 Janum
1374 2323 1528 2345 vocamus
1543 2315 1553 2332 ‘
1567 2315 1729 2357 Patrem,'

1051 2363 1142 2403 quasi
1170 2363 1319 2393 Deorum
1351 2361 1476 2392 Deum:
1517 2362 1627 2403 inquit
1655 2364 1730 2395 Ma-

1051 2411 1142 2442 crob.
1157 2411 1288 2442 Saturn-
1304 2419 1327 2440 r.
1341 2412 1374 2441 9.

1091 2459 1186 2499 June]
1222 2459 1278 2489 Sic
1307 2458 1494 2498 appellatur
1521 2459 1609 2500 quod
1638 2462 1732 2501 quasi

1050 2509 1158 2540 Janua
1171 2507 1213 2538 sit
1225 2506 1265 2537 ad
1283 2516 1403 2537 novum
1423 2516 1558 2546 annum,
1575 2508 1674 2540 immo
1688 2510 1729 2541 ad

1051 2565 1180 2588 meuses
1218 2555 1382 2594 singulos,
1422 2556 1599 2598 omniaque
1634 2563 1729 2599 regat

1051 2610 1213 2644 tempora.
1229 2604 1382 2635 Macrob.
1399 2605 1456 2636 cit.

1093 2653 1253 2685 Libentius
1277 2654 1380 2694 audis]
1403 2656 1469 2686 Seu
1490 2656 1594 2687 mavis
1616 2657 1730 2697 appel-

1050 2703 1110 2738 lari
1130 2703 1207 2735 Jani
1228 2704 1370 2735 nomine.
1418 2705 1508 2736 Deos
1530 2715 1607 2738 suos
1629 2706 1730 2747 pluri-
