<?xml version="1.0" encoding="UTF-8"?>
<!DOCTYPE html PUBLIC "-//W3C//DTD XHTML 1.0 Transitional//EN"
    "http://www.w3.org/TR/xhtml1/DTD/xhtml1-transitional.dtd">
<html xmlns="http://www.w3.org/1999/xhtml" xml:lang="en" lang="en">
 <head>
  <title>
</title>
<meta http-equiv="Content-Type" content="text/html;charset=utf-8" />
  <meta name='ocr-system' content='tesseract 3.04.00' />
  <meta name='ocr-capabilities' content='ocr_page ocr_carea ocr_par ocr_line ocrx_word'/>
</head>
<body>
  <div class='ocr_page' id='page_1' title='image "./operazeune02horauoft_0527.png"; bbox 0 0 1890 3256; ppageno 0'>
   <div class='ocr_carea' id='block_1_1' title="bbox 515 309 1559 351">
    <p class='ocr_par' dir='ltr' id='par_1_1' title="bbox 515 309 1559 351">
     <span class='ocr_line' id='line_1_1' title="bbox 515 309 1559 351; baseline 0 -1"><span class='ocrx_word' id='word_1_1' title='bbox 515 319 867 351; x_wconf 73' lang='lat' dir='ltr'><strong>EPISTOLARUM</strong></span> <span class='ocrx_word' id='word_1_2' title='bbox 902 320 1000 350; x_wconf 77' lang='lat' dir='ltr'><strong>mn.</strong></span> <span class='ocrx_word' id='word_1_3' title='bbox 1033 320 1065 350; x_wconf 95' lang='lat'><strong>1.</strong></span> <span class='ocrx_word' id='word_1_4' title='bbox 1097 309 1139 351; x_wconf 94' lang='grc'><strong>1.</strong></span> <span class='ocrx_word' id='word_1_5' title='bbox 1445 309 1559 350; x_wconf 84' lang='grc'><strong>1067</strong></span> 
     </span>
    </p>
   </div>
   <div class='ocr_carea' id='block_1_2' title="bbox 104 413 1562 1136">
    <p class='ocr_par' dir='ltr' id='par_1_2' title="bbox 104 413 1558 537">
     <span class='ocr_line' id='line_1_2' title="bbox 104 413 1558 469; baseline -0.003 -12"><span class='ocrx_word' id='word_1_6' title='bbox 104 413 168 457; x_wconf 84' lang='lat' dir='ltr'><strong>Ut</strong></span> <span class='ocrx_word' id='word_1_7' title='bbox 187 427 277 456; x_wconf 85' lang='lat' dir='ltr'><strong>nox</strong></span> <span class='ocrx_word' id='word_1_8' title='bbox 298 415 443 469; x_wconf 87' lang='lat' dir='ltr'><strong>longa,</strong></span> <span class='ocrx_word' id='word_1_9' title='bbox 463 415 624 468; x_wconf 89' lang='lat' dir='ltr'><strong>quibus</strong></span> <span class='ocrx_word' id='word_1_10' title='bbox 643 416 851 457; x_wconf 84' lang='lat' dir='ltr'><strong>mentitur</strong></span> <span class='ocrx_word' id='word_1_11' title='bbox 871 416 1029 464; x_wconf 83' lang='lat' dir='ltr'><strong>amica,</strong></span> <span class='ocrx_word' id='word_1_12' title='bbox 1050 414 1234 468; x_wconf 85' lang='lat' dir='ltr'><strong>diesque</strong></span> <span class='ocrx_word' id='word_1_13' title='bbox 1502 413 1558 454; x_wconf 75' lang='lat'><strong>20</strong></span> 
     </span>
     <span class='ocr_line' id='line_1_3' title="bbox 106 482 1270 537; baseline -0.003 -13"><span class='ocrx_word' id='word_1_14' title='bbox 106 483 250 524; x_wconf 86' lang='lat' dir='ltr'><strong>Lenta</strong></span> <span class='ocrx_word' id='word_1_15' title='bbox 270 482 441 524; x_wconf 88' lang='lat' dir='ltr'><strong>videtur</strong></span> <span class='ocrx_word' id='word_1_16' title='bbox 460 495 575 536; x_wconf 90' lang='lat' dir='ltr'><strong>opus</strong></span> <span class='ocrx_word' id='word_1_17' title='bbox 594 482 858 524; x_wconf 84' lang='lat' dir='ltr'><strong>debentibus</strong></span> <span class='ocrx_word' id='word_1_18' title='bbox 876 497 887 535; x_wconf 82' lang='lat'><em>3</em></span> <span class='ocrx_word' id='word_1_19' title='bbox 918 488 969 524; x_wconf 87' lang='lat' dir='ltr'><strong>ut</strong></span> <span class='ocrx_word' id='word_1_20' title='bbox 989 482 1111 537; x_wconf 85' lang='lat' dir='ltr'><strong>piger</strong></span> <span class='ocrx_word' id='word_1_21' title='bbox 1131 494 1270 522; x_wconf 83' lang='lat' dir='ltr'><strong>annus</strong></span> 
     </span>
    </p>

    <p class='ocr_par' dir='ltr' id='par_1_3' title="bbox 106 548 1217 604">
     <span class='ocr_line' id='line_1_4' title="bbox 106 548 1217 604; baseline -0.001 -14"><span class='ocrx_word' id='word_1_22' title='bbox 106 549 315 604; x_wconf 87' lang='lat' dir='ltr'><strong>Pupiuis,</strong></span> <span class='ocrx_word' id='word_1_23' title='bbox 336 561 449 602; x_wconf 89' lang='lat' dir='ltr'><strong>quos</strong></span> <span class='ocrx_word' id='word_1_24' title='bbox 470 548 577 589; x_wconf 88' lang='lat' dir='ltr'><strong>dura</strong></span> <span class='ocrx_word' id='word_1_25' title='bbox 595 550 752 602; x_wconf 88' lang='lat' dir='ltr'><strong>premit</strong></span> <span class='ocrx_word' id='word_1_26' title='bbox 771 549 976 591; x_wconf 84' lang='lat' dir='ltr'><strong>custodia</strong></span> <span class='ocrx_word' id='word_1_27' title='bbox 994 553 1189 590; x_wconf 86' lang='lat' dir='ltr'><strong>matrum</strong></span> <span class='ocrx_word' id='word_1_28' title='bbox 1206 561 1217 599; x_wconf 91' lang='grc'>;</span> 
     </span>
    </p>

    <p class='ocr_par' dir='ltr' id='par_1_4' title="bbox 104 614 1391 737">
     <span class='ocr_line' id='line_1_5' title="bbox 105 614 1391 670; baseline -0.002 -13"><span class='ocrx_word' id='word_1_29' title='bbox 105 616 182 659; x_wconf 85' lang='lat' dir='ltr'><strong>Sic</strong></span> <span class='ocrx_word' id='word_1_30' title='bbox 201 615 308 657; x_wconf 90' lang='lat' dir='ltr'><strong>mihi</strong></span> <span class='ocrx_word' id='word_1_31' title='bbox 328 614 454 657; x_wconf 85' lang='lat' dir='ltr'><strong>tarda</strong></span> <span class='ocrx_word' id='word_1_32' title='bbox 471 614 614 656; x_wconf 86' lang='lat' dir='ltr'><strong>fluunt</strong></span> <span class='ocrx_word' id='word_1_33' title='bbox 634 616 887 669; x_wconf 83' lang='lat' dir='ltr'><strong>ingrataque</strong></span> <span class='ocrx_word' id='word_1_34' title='bbox 907 619 1120 670; x_wconf 86' lang='lat' dir='ltr'><strong>tempora,</strong></span> <span class='ocrx_word' id='word_1_35' title='bbox 1140 627 1241 669; x_wconf 87' lang='lat' dir='ltr'><strong>quae</strong></span> <span class='ocrx_word' id='word_1_36' title='bbox 1266 626 1391 668; x_wconf 90' lang='lat' dir='ltr'><strong>spem</strong></span> 
     </span>
     <span class='ocr_line' id='line_1_6' title="bbox 104 681 1278 737; baseline -0.002 -13"><span class='ocrx_word' id='word_1_37' title='bbox 104 682 435 735; x_wconf 91' lang='lat' dir='ltr'><strong>Consiliumque</strong></span> <span class='ocrx_word' id='word_1_38' title='bbox 457 686 676 724; x_wconf 83' lang='lat' dir='ltr'><strong>morantur</strong></span> <span class='ocrx_word' id='word_1_39' title='bbox 695 683 856 737; x_wconf 87' lang='lat' dir='ltr'><strong>agendi</strong></span> <span class='ocrx_word' id='word_1_40' title='bbox 876 684 1075 736; x_wconf 82' lang='lat' dir='ltr'><strong>gnaviter</strong></span> <span class='ocrx_word' id='word_1_41' title='bbox 1093 682 1138 723; x_wconf 91' lang='lat' dir='ltr'><strong>id</strong></span> <span class='ocrx_word' id='word_1_42' title='bbox 1157 681 1278 735; x_wconf 91' lang='lat' dir='ltr'><strong>quod</strong></span> 
     </span>
    </p>

    <p class='ocr_par' dir='ltr' id='par_1_5' title="bbox 104 746 1561 870">
     <span class='ocr_line' id='line_1_7' title="bbox 106 746 1561 803; baseline -0.003 -13"><span class='ocrx_word' id='word_1_43' title='bbox 106 749 254 803; x_wconf 87' lang='lat' dir='ltr'><strong>AEque</strong></span> <span class='ocrx_word' id='word_1_44' title='bbox 273 750 542 803; x_wconf 85' lang='lat' dir='ltr'><strong>pauperibus</strong></span> <span class='ocrx_word' id='word_1_45' title='bbox 563 749 756 802; x_wconf 85' lang='lat' dir='ltr'><strong>prodest,</strong></span> <span class='ocrx_word' id='word_1_46' title='bbox 776 749 1076 802; x_wconf 89' lang='lat' dir='ltr'><strong>locupletibus</strong></span> <span class='ocrx_word' id='word_1_47' title='bbox 1098 761 1224 802; x_wconf 88' lang='lat' dir='ltr'><strong>aeque</strong></span> <span class='ocrx_word' id='word_1_48' title='bbox 1243 761 1254 798; x_wconf 90' lang='grc'><strong>;</strong></span> <span class='ocrx_word' id='word_1_49' title='bbox 1502 746 1561 786; x_wconf 77' lang='lat'><strong>25</strong></span> 
     </span>
     <span class='ocr_line' id='line_1_8' title="bbox 104 815 1184 870; baseline -0.001 -14"><span class='ocrx_word' id='word_1_50' title='bbox 104 815 250 870; x_wconf 90' lang='lat' dir='ltr'><strong>AEque</strong></span> <span class='ocrx_word' id='word_1_51' title='bbox 269 815 515 868; x_wconf 87' lang='lat' dir='ltr'><strong>neglectum</strong></span> <span class='ocrx_word' id='word_1_52' title='bbox 535 816 685 870; x_wconf 87' lang='lat' dir='ltr'><strong>pueris</strong></span> <span class='ocrx_word' id='word_1_53' title='bbox 706 816 975 869; x_wconf 87' lang='lat' dir='ltr'><strong>senibusque</strong></span> <span class='ocrx_word' id='word_1_54' title='bbox 994 815 1184 856; x_wconf 89' lang='lat' dir='ltr'><strong>nocebit.</strong></span> 
     </span>
    </p>

    <p class='ocr_par' dir='ltr' id='par_1_6' title="bbox 105 881 1414 936">
     <span class='ocr_line' id='line_1_9' title="bbox 105 881 1414 936; baseline -0.002 -14"><span class='ocrx_word' id='word_1_55' title='bbox 105 881 281 931; x_wconf 81' lang='lat' dir='ltr'><strong>Restat,</strong></span> <span class='ocrx_word' id='word_1_56' title='bbox 298 885 350 922; x_wconf 86' lang='lat' dir='ltr'><strong>ut</strong></span> <span class='ocrx_word' id='word_1_57' title='bbox 367 881 437 922; x_wconf 92' lang='lat' dir='ltr'><strong>his</strong></span> <span class='ocrx_word' id='word_1_58' title='bbox 454 894 537 934; x_wconf 90' lang='lat' dir='ltr'><strong>ego</strong></span> <span class='ocrx_word' id='word_1_59' title='bbox 557 894 628 924; x_wconf 90' lang='lat' dir='ltr'><strong>me</strong></span> <span class='ocrx_word' id='word_1_60' title='bbox 644 882 744 936; x_wconf 89' lang='lat' dir='ltr'><strong>ipse</strong></span> <span class='ocrx_word' id='word_1_61' title='bbox 765 895 913 935; x_wconf 86' lang='lat' dir='ltr'><strong>regam</strong></span> <span class='ocrx_word' id='word_1_62' title='bbox 934 882 1137 934; x_wconf 89' lang='lat' dir='ltr'><strong>solerque</strong></span> <span class='ocrx_word' id='word_1_63' title='bbox 1159 881 1388 922; x_wconf 87' lang='lat' dir='ltr'><strong>elementis</strong></span> <span class='ocrx_word' id='word_1_64' title='bbox 1407 894 1414 917; x_wconf 93' lang='lat'>:</span> 
     </span>
    </p>

    <p class='ocr_par' dir='ltr' id='par_1_7' title="bbox 106 947 1291 1002">
     <span class='ocr_line' id='line_1_10' title="bbox 106 947 1291 1002; baseline 0 -14"><span class='ocrx_word' id='word_1_65' title='bbox 106 947 213 989; x_wconf 86' lang='lat' dir='ltr'><strong>Non</strong></span> <span class='ocrx_word' id='word_1_66' title='bbox 233 948 379 1002; x_wconf 82' lang='lat' dir='ltr'><strong>possis</strong></span> <span class='ocrx_word' id='word_1_67' title='bbox 394 948 526 990; x_wconf 91' lang='lat' dir='ltr'><strong>oculo</strong></span> <span class='ocrx_word' id='word_1_68' title='bbox 546 953 755 1002; x_wconf 85' lang='lat' dir='ltr'><strong>quantum</strong></span> <span class='ocrx_word' id='word_1_69' title='bbox 778 947 1045 990; x_wconf 86' lang='lat' dir='ltr'><strong>contendere</strong></span> <span class='ocrx_word' id='word_1_70' title='bbox 1067 947 1291 1000; x_wconf 88' lang='lat' dir='ltr'><strong>Lynceus,</strong></span> 
     </span>
    </p>

    <p class='ocr_par' dir='ltr' id='par_1_8' title="bbox 108 1013 1215 1069">
     <span class='ocr_line' id='line_1_11' title="bbox 108 1013 1215 1069; baseline -0.002 -13"><span class='ocrx_word' id='word_1_71' title='bbox 108 1013 212 1056; x_wconf 85' lang='lat' dir='ltr'><strong>Non</strong></span> <span class='ocrx_word' id='word_1_72' title='bbox 232 1018 377 1056; x_wconf 86' lang='lat' dir='ltr'><strong>tamen</strong></span> <span class='ocrx_word' id='word_1_73' title='bbox 398 1015 567 1056; x_wconf 88' lang='lat' dir='ltr'><strong>idcirco</strong></span> <span class='ocrx_word' id='word_1_74' title='bbox 588 1020 847 1057; x_wconf 84' lang='lat' dir='ltr'><strong>contemnas</strong></span> <span class='ocrx_word' id='word_1_75' title='bbox 866 1015 1021 1069; x_wconf 89' lang='lat' dir='ltr'><strong>lippus</strong></span> <span class='ocrx_word' id='word_1_76' title='bbox 1039 1015 1215 1067; x_wconf 87' lang='lat' dir='ltr'><strong>inungi;</strong></span> 
     </span>
    </p>

    <p class='ocr_par' dir='ltr' id='par_1_9' title="bbox 107 1081 1562 1136">
     <span class='ocr_line' id='line_1_12' title="bbox 107 1081 1562 1136; baseline -0.001 -14"><span class='ocrx_word' id='word_1_77' title='bbox 107 1081 223 1131; x_wconf 87' lang='lat' dir='ltr'><strong>Nec,</strong></span> <span class='ocrx_word' id='word_1_78' title='bbox 244 1082 350 1135; x_wconf 85' lang='lat' dir='ltr'><strong>quia</strong></span> <span class='ocrx_word' id='word_1_79' title='bbox 369 1082 580 1136; x_wconf 86' lang='lat' dir='ltr'><strong>desperes</strong></span> <span class='ocrx_word' id='word_1_80' title='bbox 599 1083 758 1123; x_wconf 88' lang='lat' dir='ltr'><strong>invicti</strong></span> <span class='ocrx_word' id='word_1_81' title='bbox 777 1083 972 1124; x_wconf 87' lang='lat' dir='ltr'><strong>membra</strong></span> <span class='ocrx_word' id='word_1_82' title='bbox 992 1081 1220 1135; x_wconf 85' lang='lat' dir='ltr'><strong>Glyconis,</strong></span> <span class='ocrx_word' id='word_1_83' title='bbox 1504 1082 1562 1122; x_wconf 83' lang='lat'><strong>30</strong></span> 
     </span>
    </p>
   </div>
   <div class='ocr_carea' id='block_1_3' title="bbox 105 1172 1567 1469">
    <p class='ocr_par' dir='ltr' id='par_1_10' title="bbox 105 1172 1567 1469">
     <span class='ocr_line' id='line_1_13' title="bbox 108 1172 1564 1216; baseline 0 -12"><span class='ocrx_word' id='word_1_84' title='bbox 108 1173 163 1204; x_wconf 78' lang='lat' dir='ltr'><strong>lim</strong></span> <span class='ocrx_word' id='word_1_85' title='bbox 177 1172 297 1211; x_wconf 63' lang='lat' dir='ltr'><strong>adfici.</strong></span> <span class='ocrx_word' id='word_1_86' title='bbox 342 1173 430 1205; x_wconf 80' lang='lat' dir='ltr'><strong>Sicut</strong></span> <span class='ocrx_word' id='word_1_87' title='bbox 445 1177 550 1205; x_wconf 81' lang='lat' dir='ltr'><strong>autem</strong></span> <span class='ocrx_word' id='word_1_88' title='bbox 564 1175 657 1214; x_wconf 80' lang='lat' dir='ltr'><strong>longa</strong></span> <span class='ocrx_word' id='word_1_89' title='bbox 672 1185 734 1206; x_wconf 76' lang='lat' dir='ltr'><strong>nox</strong></span> <span class='ocrx_word' id='word_1_90' title='bbox 756 1174 799 1206; x_wconf 70' lang='lat' dir='ltr'><strong>iis</strong></span> <span class='ocrx_word' id='word_1_91' title='bbox 819 1185 894 1216; x_wconf 79' lang='lat' dir='ltr'><strong>quos</strong></span> <span class='ocrx_word' id='word_1_92' title='bbox 918 1174 1070 1206; x_wconf 79' lang='lat' dir='ltr'><strong>meretrix</strong></span> <span class='ocrx_word' id='word_1_93' title='bbox 1083 1173 1187 1212; x_wconf 79' lang='lat' dir='ltr'><strong>fallit,</strong></span> <span class='ocrx_word' id='word_1_94' title='bbox 1202 1175 1233 1204; x_wconf 85' lang='lat' dir='ltr'><strong>et</strong></span> <span class='ocrx_word' id='word_1_95' title='bbox 1252 1173 1318 1204; x_wconf 81' lang='lat' dir='ltr'><strong>dies</strong></span> <span class='ocrx_word' id='word_1_96' title='bbox 1340 1172 1461 1211; x_wconf 76' lang='lat' dir='ltr'><strong>longior</strong></span> <span class='ocrx_word' id='word_1_97' title='bbox 1481 1174 1564 1213; x_wconf 67' lang='lat' dir='ltr'><strong>operi</strong></span> 
     </span>
     <span class='ocr_line' id='line_1_14' title="bbox 105 1214 1563 1257; baseline -0.001 -11"><span class='ocrx_word' id='word_1_98' title='bbox 105 1215 248 1247; x_wconf 75' lang='lat' dir='ltr'><strong>astrictis</strong></span> <span class='ocrx_word' id='word_1_99' title='bbox 260 1214 386 1247; x_wconf 74' lang='lat' dir='ltr'><strong>videtur</strong></span> <span class='ocrx_word' id='word_1_100' title='bbox 392 1226 405 1253; x_wconf 87' lang='lat'><strong>,·</strong></span> <span class='ocrx_word' id='word_1_101' title='bbox 420 1226 519 1248; x_wconf 84' lang='lat' dir='ltr'><strong>annus</strong></span> <span class='ocrx_word' id='word_1_102' title='bbox 530 1226 603 1248; x_wconf 83' lang='lat' dir='ltr'><strong>vero</strong></span> <span class='ocrx_word' id='word_1_103' title='bbox 617 1218 726 1248; x_wconf 81' lang='lat' dir='ltr'><strong>tardus</strong></span> <span class='ocrx_word' id='word_1_104' title='bbox 736 1218 866 1257; x_wconf 77' lang='lat' dir='ltr'><strong>pupillis</strong></span> <span class='ocrx_word' id='word_1_105' title='bbox 879 1227 993 1249; x_wconf 74' lang='lat' dir='ltr'><strong>severa</strong></span> <span class='ocrx_word' id='word_1_106' title='bbox 1005 1216 1180 1256; x_wconf 76' lang='lat' dir='ltr'><strong>disciplinoe</strong></span> <span class='ocrx_word' id='word_1_107' title='bbox 1191 1225 1391 1246; x_wconf 77' lang='lat' dir='ltr'><strong>novercarum</strong></span> <span class='ocrx_word' id='word_1_108' title='bbox 1405 1215 1546 1246; x_wconf 60' lang='lat' dir='ltr'><strong>obnoxii·</strong></span> <span class='ocrx_word' id='word_1_109' title='bbox 1552 1226 1563 1252; x_wconf 85' lang='lat'><strong>,-</strong></span> 
     </span>
     <span class='ocr_line' id='line_1_15' title="bbox 107 1257 1564 1300; baseline 0 -12"><span class='ocrx_word' id='word_1_110' title='bbox 107 1258 155 1289; x_wconf 75' lang='lat' dir='ltr'><strong>ita</strong></span> <span class='ocrx_word' id='word_1_111' title='bbox 169 1257 246 1288; x_wconf 66' lang='lat' dir='ltr'><strong>milii</strong></span> <span class='ocrx_word' id='word_1_112' title='bbox 269 1258 385 1289; x_wconf 78' lang='lat' dir='ltr'><strong>lentum</strong></span> <span class='ocrx_word' id='word_1_113' title='bbox 407 1262 438 1289; x_wconf 85' lang='lat' dir='ltr'><strong>et</strong></span> <span class='ocrx_word' id='word_1_114' title='bbox 463 1260 622 1290; x_wconf 84' lang='lat' dir='ltr'><strong>molestum</strong></span> <span class='ocrx_word' id='word_1_115' title='bbox 638 1262 757 1299; x_wconf 80' lang='lat' dir='ltr'><strong>tempus</strong></span> <span class='ocrx_word' id='word_1_116' title='bbox 779 1260 907 1299; x_wconf 77' lang='lat' dir='ltr'><strong>labitur,</strong></span> <span class='ocrx_word' id='word_1_117' title='bbox 930 1261 1011 1300; x_wconf 84' lang='lat' dir='ltr'><strong>quod</strong></span> <span class='ocrx_word' id='word_1_118' title='bbox 1025 1268 1110 1299; x_wconf 85' lang='lat' dir='ltr'><strong>spem</strong></span> <span class='ocrx_word' id='word_1_119' title='bbox 1131 1257 1240 1299; x_wconf 67' lang='lat' dir='ltr'><strong>differt</strong></span> <span class='ocrx_word' id='word_1_120' title='bbox 1255 1267 1292 1288; x_wconf 80' lang='lat' dir='ltr'><strong>ac</strong></span> <span class='ocrx_word' id='word_1_121' title='bbox 1305 1258 1495 1288; x_wconf 77' lang='lat' dir='ltr'><strong>desiderium</strong></span> <span class='ocrx_word' id='word_1_122' title='bbox 1509 1267 1564 1288; x_wconf 74' lang='lat' dir='ltr'><strong>ex-</strong></span> 
     </span>
     <span class='ocr_line' id='line_1_16' title="bbox 108 1299 1564 1342; baseline 0 -12"><span class='ocrx_word' id='word_1_123' title='bbox 108 1299 239 1340; x_wconf 77' lang='lat' dir='ltr'><strong>equendi</strong></span> <span class='ocrx_word' id='word_1_124' title='bbox 263 1303 388 1331; x_wconf 76' lang='lat' dir='ltr'><strong>strenue</strong></span> <span class='ocrx_word' id='word_1_125' title='bbox 414 1301 492 1331; x_wconf 72' lang='lat' dir='ltr'><strong>illud</strong></span> <span class='ocrx_word' id='word_1_126' title='bbox 513 1302 592 1341; x_wconf 82' lang='lat' dir='ltr'><strong>quod</strong></span> <span class='ocrx_word' id='word_1_127' title='bbox 613 1301 755 1341; x_wconf 81' lang='lat' dir='ltr'><strong>inopibus</strong></span> <span class='ocrx_word' id='word_1_128' title='bbox 772 1302 893 1342; x_wconf 76' lang='lat' dir='ltr'><strong>puriter</strong></span> <span class='ocrx_word' id='word_1_129' title='bbox 916 1312 953 1333; x_wconf 83' lang='grc' dir='ltr'><strong>αι·</strong></span> <span class='ocrx_word' id='word_1_130' title='bbox 976 1301 1124 1332; x_wconf 76' lang='lat' dir='ltr'><strong>divitibus</strong></span> <span class='ocrx_word' id='word_1_131' title='bbox 1144 1301 1221 1331; x_wconf 84' lang='lat' dir='ltr'><strong>utile</strong></span> <span class='ocrx_word' id='word_1_132' title='bbox 1245 1300 1310 1336; x_wconf 85' lang='lat' dir='ltr'><strong>sit;</strong></span> <span class='ocrx_word' id='word_1_133' title='bbox 1332 1303 1470 1340; x_wconf 85' lang='lat' dir='ltr'><strong>spretum</strong></span> <span class='ocrx_word' id='word_1_134' title='bbox 1493 1310 1564 1331; x_wconf 77' lang='lat' dir='ltr'><strong>vero</strong></span> 
     </span>
     <span class='ocr_line' id='line_1_17' title="bbox 105 1341 1565 1384; baseline 0 -12"><span class='ocrx_word' id='word_1_135' title='bbox 105 1341 213 1382; x_wconf 79' lang='lat' dir='ltr'><strong>pueris</strong></span> <span class='ocrx_word' id='word_1_136' title='bbox 227 1351 263 1373; x_wconf 81' lang='lat' dir='ltr'><strong>oc</strong></span> <span class='ocrx_word' id='word_1_137' title='bbox 277 1342 400 1373; x_wconf 83' lang='lat' dir='ltr'><strong>senibus</strong></span> <span class='ocrx_word' id='word_1_138' title='bbox 414 1343 562 1374; x_wconf 79' lang='lat' dir='ltr'><strong>similiter</strong></span> <span class='ocrx_word' id='word_1_139' title='bbox 575 1344 707 1374; x_wconf 80' lang='lat' dir='ltr'><strong>nocebit.</strong></span> <span class='ocrx_word' id='word_1_140' title='bbox 751 1344 900 1384; x_wconf 78' lang='lat' dir='ltr'><strong>Superest</strong></span> <span class='ocrx_word' id='word_1_141' title='bbox 913 1347 948 1374; x_wconf 81' lang='lat' dir='ltr'><strong>ut</strong></span> <span class='ocrx_word' id='word_1_142' title='bbox 962 1353 1011 1375; x_wconf 87' lang='lat' dir='ltr'><strong>me</strong></span> <span class='ocrx_word' id='word_1_143' title='bbox 1029 1343 1096 1383; x_wconf 79' lang='lat' dir='ltr'><strong>ipse</strong></span> <span class='ocrx_word' id='word_1_144' title='bbox 1110 1342 1160 1373; x_wconf 75' lang='lat' dir='ltr'><strong>his</strong></span> <span class='ocrx_word' id='word_1_145' title='bbox 1181 1341 1442 1382; x_wconf 72' lang='lat' dir='ltr'><strong>praeceptiamibus</strong></span> <span class='ocrx_word' id='word_1_146' title='bbox 1456 1351 1565 1380; x_wconf 82' lang='lat' dir='ltr'><strong>regam</strong></span> 
     </span>
     <span class='ocr_line' id='line_1_18' title="bbox 109 1384 1567 1426; baseline 0 -12"><span class='ocrx_word' id='word_1_147' title='bbox 109 1387 140 1415; x_wconf 85' lang='lat' dir='ltr'><strong>et</strong></span> <span class='ocrx_word' id='word_1_148' title='bbox 164 1387 264 1415; x_wconf 80' lang='lat' dir='ltr'><strong>tuear.</strong></span> <span class='ocrx_word' id='word_1_149' title='bbox 311 1385 488 1425; x_wconf 82' lang='lat' dir='ltr'><strong>Enimvero,</strong></span> <span class='ocrx_word' id='word_1_150' title='bbox 502 1386 643 1426; x_wconf 75' lang='lat' dir='ltr'><strong>quamvis</strong></span> <span class='ocrx_word' id='word_1_151' title='bbox 664 1395 797 1426; x_wconf 78' lang='lat' dir='ltr'><strong>nequeas</strong></span> <span class='ocrx_word' id='word_1_152' title='bbox 821 1391 885 1418; x_wconf 76' lang='lat' dir='ltr'><strong>tam</strong></span> <span class='ocrx_word' id='word_1_153' title='bbox 908 1389 997 1417; x_wconf 81' lang='lat' dir='ltr'><strong>acute</strong></span> <span class='ocrx_word' id='word_1_154' title='bbox 1020 1385 1124 1416; x_wconf 84' lang='lat' dir='ltr'><strong>videre</strong></span> <span class='ocrx_word' id='word_1_155' title='bbox 1145 1394 1236 1425; x_wconf 81' lang='lat' dir='ltr'><strong>quam</strong></span> <span class='ocrx_word' id='word_1_156' title='bbox 1252 1384 1405 1424; x_wconf 78' lang='lat' dir='ltr'><strong>Lynceus,</strong></span> <span class='ocrx_word' id='word_1_157' title='bbox 1421 1393 1483 1414; x_wconf 86' lang='lat' dir='ltr'><strong>non</strong></span> <span class='ocrx_word' id='word_1_158' title='bbox 1497 1385 1567 1415; x_wconf 80' lang='lat' dir='ltr'><strong>ideo</strong></span> 
     </span>
     <span class='ocr_line' id='line_1_19' title="bbox 110 1426 1566 1469; baseline -0.001 -12"><span class='ocrx_word' id='word_1_159' title='bbox 110 1429 213 1458; x_wconf 84' lang='lat' dir='ltr'><strong>tomen</strong></span> <span class='ocrx_word' id='word_1_160' title='bbox 233 1426 356 1458; x_wconf 70' lang='lat' dir='ltr'><strong>desinas</strong></span> <span class='ocrx_word' id='word_1_161' title='bbox 377 1436 494 1466; x_wconf 83' lang='lat' dir='ltr'><strong>ungere</strong></span> <span class='ocrx_word' id='word_1_162' title='bbox 514 1428 618 1459; x_wconf 82' lang='lat' dir='ltr'><strong>oculos</strong></span> <span class='ocrx_word' id='word_1_163' title='bbox 635 1428 821 1469; x_wconf 76' lang='lat' dir='ltr'><strong>lippientes:</strong></span> <span class='ocrx_word' id='word_1_164' title='bbox 843 1439 879 1460; x_wconf 83' lang='lat' dir='ltr'><strong>ac</strong></span> <span class='ocrx_word' id='word_1_165' title='bbox 894 1428 966 1459; x_wconf 85' lang='lat' dir='ltr'><strong>licet</strong></span> <span class='ocrx_word' id='word_1_166' title='bbox 979 1437 1039 1459; x_wconf 86' lang='lat' dir='ltr'><strong>non</strong></span> <span class='ocrx_word' id='word_1_167' title='bbox 1060 1435 1162 1468; x_wconf 74' lang='lat' dir='ltr'><strong>speres</strong></span> <span class='ocrx_word' id='word_1_168' title='bbox 1178 1427 1272 1458; x_wconf 83' lang='lat' dir='ltr'><strong>robur</strong></span> <span class='ocrx_word' id='word_1_169' title='bbox 1285 1426 1386 1464; x_wconf 82' lang='lat' dir='ltr'><strong>sortis</strong></span> <span class='ocrx_word' id='word_1_170' title='bbox 1402 1426 1566 1467; x_wconf 79' lang='lat' dir='ltr'><strong>Glyconis,</strong></span> 
     </span>
    </p>
   </div>
   <div class='ocr_carea' id='block_1_4' title="bbox 715 1500 954 1513">
    <p class='ocr_par' dir='ltr' id='par_1_11' title="bbox 715 1500 954 1513">
     <span class='ocr_line' id='line_1_20' title="bbox 715 1500 954 1513; baseline 0 -1"><span class='ocrx_word' id='word_1_171' title='bbox 715 1500 954 1513; x_wconf 61' lang='lat' dir='ltr'><strong>oeoeoaeeeooaeo</strong></span> 
     </span>
    </p>
   </div>
   <div class='ocr_carea' id='block_1_5' title="bbox 110 1552 1570 2140">
    <p class='ocr_par' dir='ltr' id='par_1_12' title="bbox 110 1552 1570 2140">
     <span class='ocr_line' id='line_1_21' title="bbox 110 1552 1567 1595; baseline -0.001 -11"><span class='ocrx_word' id='word_1_172' title='bbox 110 1557 146 1584; x_wconf 87' lang='lat' dir='ltr'><strong>et</strong></span> <span class='ocrx_word' id='word_1_173' title='bbox 162 1553 291 1595; x_wconf 87' lang='lat' dir='ltr'><strong>Porph.</strong></span> <span class='ocrx_word' id='word_1_174' title='bbox 307 1552 395 1584; x_wconf 81' lang='lat' dir='ltr'><strong>infra</strong></span> <span class='ocrx_word' id='word_1_175' title='bbox 409 1553 453 1585; x_wconf 77' lang='lat' dir='ltr'><strong>sd</strong></span> <span class='ocrx_word' id='word_1_176' title='bbox 467 1553 580 1594; x_wconf 83' lang='lat' dir='ltr'><strong>Epist.</strong></span> <span class='ocrx_word' id='word_1_177' title='bbox 596 1557 647 1585; x_wconf 89' lang='grc'><strong>10.</strong></span> <span class='ocrx_word' id='word_1_178' title='bbox 661 1556 716 1585; x_wconf 86' lang='grc'><strong>40.</strong></span> <span class='ocrx_word' id='word_1_179' title='bbox 740 1554 826 1586; x_wconf 89' lang='lat' dir='ltr'><strong>edit.</strong></span> <span class='ocrx_word' id='word_1_180' title='bbox 847 1553 965 1586; x_wconf 85' lang='lat' dir='ltr'><strong>Princ.</strong></span> <span class='ocrx_word' id='word_1_181' title='bbox 980 1554 1077 1586; x_wconf 85' lang='lat' dir='ltr'><strong>Med.</strong></span> <span class='ocrx_word' id='word_1_182' title='bbox 1096 1556 1191 1586; x_wconf 82' lang='grc'><strong>1476.</strong></span> <span class='ocrx_word' id='word_1_183' title='bbox 1215 1552 1325 1585; x_wconf 87' lang='lat' dir='ltr'><strong>Aldus</strong></span> <span class='ocrx_word' id='word_1_184' title='bbox 1343 1556 1437 1584; x_wconf 90' lang='grc'><strong>1501.</strong></span> <span class='ocrx_word' id='word_1_185' title='bbox 1460 1553 1567 1586; x_wconf 84' lang='lat' dir='ltr'><strong>Junta</strong></span> 
     </span>
     <span class='ocr_line' id='line_1_22' title="bbox 110 1595 1568 1637; baseline -0.001 -10"><span class='ocrx_word' id='word_1_186' title='bbox 110 1598 206 1627; x_wconf 74' lang='lat'><strong>1508.</strong></span> <span class='ocrx_word' id='word_1_187' title='bbox 227 1596 370 1637; x_wconf 76' lang='lat' dir='ltr'><strong>aliaeque</strong></span> <span class='ocrx_word' id='word_1_188' title='bbox 386 1601 533 1628; x_wconf 83' lang='lat' dir='ltr'><strong>recentt.</strong></span> <span class='ocrx_word' id='word_1_189' title='bbox 578 1597 706 1628; x_wconf 79' lang='lat' dir='ltr'><strong>Versus</strong></span> <span class='ocrx_word' id='word_1_190' title='bbox 721 1599 772 1628; x_wconf 80' lang='lat'><strong>1⁷.</strong></span> <span class='ocrx_word' id='word_1_191' title='bbox 790 1599 843 1628; x_wconf 91' lang='grc'><strong>18.</strong></span> <span class='ocrx_word' id='word_1_192' title='bbox 861 1599 912 1629; x_wconf 87' lang='grc'><strong>19.</strong></span> <span class='ocrx_word' id='word_1_193' title='bbox 929 1597 995 1628; x_wconf 86' lang='lat' dir='ltr'><strong>alio</strong></span> <span class='ocrx_word' id='word_1_194' title='bbox 1022 1596 1142 1628; x_wconf 83' lang='lat' dir='ltr'><strong>ordine</strong></span> <span class='ocrx_word' id='word_1_195' title='bbox 1159 1596 1256 1627; x_wconf 84' lang='lat' dir='ltr'><strong>dedit</strong></span> <span class='ocrx_word' id='word_1_196' title='bbox 1269 1596 1393 1627; x_wconf 78' lang='lat' dir='ltr'><strong>Sanad.</strong></span> <span class='ocrx_word' id='word_1_197' title='bbox 1418 1597 1455 1626; x_wconf 83' lang='lat'><strong>17</strong></span> <span class='ocrx_word' id='word_1_198' title='bbox 1474 1595 1568 1626; x_wconf 84' lang='lat' dir='ltr'><strong>Nunc</strong></span> 
     </span>
     <span class='ocr_line' id='line_1_23' title="bbox 110 1637 1568 1679; baseline -0.001 -11"><span class='ocrx_word' id='word_1_199' title='bbox 110 1637 191 1668; x_wconf 69' lang='lat' dir='ltr'><strong>mihi</strong></span> <span class='ocrx_word' id='word_1_200' title='bbox 203 1646 266 1678; x_wconf 81' lang='lat' dir='ltr'><strong>res,</strong></span> <span class='ocrx_word' id='word_1_201' title='bbox 280 1639 332 1678; x_wconf 61' lang='grc' dir='ltr'><strong>ξε.</strong></span> <span class='ocrx_word' id='word_1_202' title='bbox 376 1641 417 1669; x_wconf 87' lang='grc'><strong>18</strong></span> <span class='ocrx_word' id='word_1_203' title='bbox 437 1638 587 1678; x_wconf 74' lang='lat' dir='ltr'><strong>Virtutis,</strong></span> <span class='ocrx_word' id='word_1_204' title='bbox 601 1640 653 1678; x_wconf 70' lang='grc' dir='ltr'><strong>ᾄτ.</strong></span> <span class='ocrx_word' id='word_1_205' title='bbox 703 1641 743 1670; x_wconf 87' lang='grc'><strong>19</strong></span> <span class='ocrx_word' id='word_1_206' title='bbox 767 1639 863 1670; x_wconf 82' lang='lat' dir='ltr'><strong>Nunc</strong></span> <span class='ocrx_word' id='word_1_207' title='bbox 877 1639 912 1670; x_wconf 78' lang='lat' dir='ltr'><strong>in</strong></span> <span class='ocrx_word' id='word_1_208' title='bbox 926 1638 1098 1679; x_wconf 79' lang='lat' dir='ltr'><strong>Aristippi,</strong></span> <span class='ocrx_word' id='word_1_209' title='bbox 1114 1640 1168 1679; x_wconf 64' lang='lat' dir='ltr'><strong>asc.</strong></span> <span class='ocrx_word' id='word_1_210' title='bbox 1200 1639 1209 1655; x_wconf 91' lang='lat'>‘</span> <span class='ocrx_word' id='word_1_211' title='bbox 1228 1639 1274 1669; x_wconf 87' lang='lat' dir='ltr'><strong>Et</strong></span> <span class='ocrx_word' id='word_1_212' title='bbox 1290 1642 1328 1668; x_wconf 88' lang='lat' dir='ltr'><strong>nt</strong></span> <span class='ocrx_word' id='word_1_213' title='bbox 1343 1646 1479 1668; x_wconf 85' lang='lat' dir='ltr'><strong>sensum</strong></span> <span class='ocrx_word' id='word_1_214' title='bbox 1497 1637 1568 1676; x_wconf 89' lang='lat' dir='ltr'><strong>ple·</strong></span> 
     </span>
     <span class='ocr_line' id='line_1_24' title="bbox 111 1678 1566 1721; baseline -0.001 -11"><span class='ocrx_word' id='word_1_215' title='bbox 111 1679 186 1710; x_wconf 78' lang='lat' dir='ltr'><strong>nius</strong></span> <span class='ocrx_word' id='word_1_216' title='bbox 202 1678 444 1719; x_wconf 82' lang='lat' dir='ltr'><strong>confunderet,</strong></span> <span class='ocrx_word' id='word_1_217' title='bbox 459 1681 562 1712; x_wconf 81' lang='lat' dir='ltr'><strong>etiam</strong></span> <span class='ocrx_word' id='word_1_218' title='bbox 579 1690 660 1711; x_wconf 85' lang='lat' dir='ltr'><strong>nunc</strong></span> <span class='ocrx_word' id='word_1_219' title='bbox 675 1681 765 1719; x_wconf 74' lang='lat' dir='ltr'><strong>mihi,</strong></span> <span class='ocrx_word' id='word_1_220' title='bbox 782 1690 844 1721; x_wconf 84' lang='lat' dir='ltr'><strong>pro</strong></span> <span class='ocrx_word' id='word_1_221' title='bbox 860 1684 891 1712; x_wconf 86' lang='lat' dir='ltr'><strong>et</strong></span> <span class='ocrx_word' id='word_1_222' title='bbox 907 1681 996 1717; x_wconf 74' lang='lat' dir='ltr'><strong>milii,</strong></span> <span class='ocrx_word' id='word_1_223' title='bbox 1012 1690 1056 1711; x_wconf 87' lang='lat' dir='ltr'><strong>ex</strong></span> <span class='ocrx_word' id='word_1_224' title='bbox 1071 1679 1209 1720; x_wconf 81' lang='lat' dir='ltr'><strong>ingenio</strong></span> <span class='ocrx_word' id='word_1_225' title='bbox 1224 1679 1431 1710; x_wconf 82' lang='lat' dir='ltr'><strong>emendavit.</strong></span> <span class='ocrx_word' id='word_1_226' title='bbox 1479 1679 1566 1710; x_wconf 89' lang='lat' dir='ltr'><strong>Enm</strong></span> 
     </span>
     <span class='ocr_line' id='line_1_25' title="bbox 111 1719 1570 1763; baseline -0.001 -11"><span class='ocrx_word' id='word_1_227' title='bbox 111 1719 243 1753; x_wconf 77' lang='lat' dir='ltr'><strong>refutat</strong></span> <span class='ocrx_word' id='word_1_228' title='bbox 265 1722 430 1762; x_wconf 81' lang='lat' dir='ltr'><strong>peculiari</strong></span> <span class='ocrx_word' id='word_1_229' title='bbox 453 1731 557 1762; x_wconf 85' lang='lat' dir='ltr'><strong>opere</strong></span> <span class='ocrx_word' id='word_1_230' title='bbox 576 1723 730 1754; x_wconf 80' lang='lat' dir='ltr'><strong>Batteux</strong></span> <span class='ocrx_word' id='word_1_231' title='bbox 745 1723 779 1754; x_wconf 90' lang='lat' dir='ltr'><strong>iu</strong></span> <span class='ocrx_word' id='word_1_232' title='bbox 795 1722 881 1754; x_wconf 79' lang='lat' dir='ltr'><strong>actis</strong></span> <span class='ocrx_word' id='word_1_233' title='bbox 898 1722 1006 1754; x_wconf 82' lang='lat' dir='ltr'><strong>Acad.</strong></span> <span class='ocrx_word' id='word_1_234' title='bbox 1021 1721 1186 1763; x_wconf 85' lang='lat' dir='ltr'><strong>Inscript.</strong></span> <span class='ocrx_word' id='word_1_235' title='bbox 1214 1726 1296 1753; x_wconf 90' lang='lat' dir='ltr'><strong>tom.</strong></span> <span class='ocrx_word' id='word_1_236' title='bbox 1314 1730 1420 1752; x_wconf 76' lang='lat' dir='ltr'><strong>xxvi.</strong></span> <span class='ocrx_word' id='word_1_237' title='bbox 1445 1730 1522 1761; x_wconf 84' lang='lat' dir='ltr'><strong>pag.</strong></span> <span class='ocrx_word' id='word_1_238' title='bbox 1537 1724 1570 1751; x_wconf 82' lang='grc'><strong>2.</strong></span> 
     </span>
     <span class='ocr_line' id='line_1_26' title="bbox 110 1763 1570 1846; baseline -0.001 -10"><span class='ocrx_word' id='word_1_239' title='bbox 110 1763 716 1838; x_wconf 55' lang='lat' dir='ltr'><strong>ffli&#39;ffla‘sssffifflussssssff&#39;ss&#39;xfiiss</strong></span> <span class='ocrx_word' id='word_1_240' title='bbox 731 1763 1570 1846; x_wconf 42' lang='lat' dir='ltr'><strong>‘33335232223³323321E93⁵½ss1222¹350{1³:32</strong></span> 
     </span>
     <span class='ocr_line' id='line_1_27' title="bbox 111 1847 1570 1890; baseline -0.001 -12"><span class='ocrx_word' id='word_1_241' title='bbox 111 1847 207 1878; x_wconf 79' lang='lat' dir='ltr'><strong>theto</strong></span> <span class='ocrx_word' id='word_1_242' title='bbox 235 1847 345 1878; x_wconf 81' lang='lat' dir='ltr'><strong>oratio</strong></span> <span class='ocrx_word' id='word_1_243' title='bbox 370 1848 548 1888; x_wconf 81' lang='lat' dir='ltr'><strong>eleganter</strong></span> <span class='ocrx_word' id='word_1_244' title='bbox 573 1849 744 1881; x_wconf 85' lang='lat' dir='ltr'><strong>varietur:</strong></span> <span class='ocrx_word' id='word_1_245' title='bbox 770 1853 960 1890; x_wconf 84' lang='lat' dir='ltr'><strong>sequnntur</strong></span> <span class='ocrx_word' id='word_1_246' title='bbox 986 1849 1071 1880; x_wconf 83' lang='lat' dir='ltr'><strong>Cun-</strong></span> <span class='ocrx_word' id='word_1_247' title='bbox 1097 1850 1176 1881; x_wconf 82' lang='lat' dir='ltr'><strong>San.</strong></span> <span class='ocrx_word' id='word_1_248' title='bbox 1203 1848 1291 1879; x_wconf 83' lang='lat' dir='ltr'><strong>Phil.</strong></span> <span class='ocrx_word' id='word_1_249' title='bbox 1321 1847 1475 1888; x_wconf 85' lang='lat' dir='ltr'><strong>Sandby,</strong></span> <span class='ocrx_word' id='word_1_250' title='bbox 1492 1848 1570 1878; x_wconf 83' lang='lat' dir='ltr'><strong>Val.</strong></span> 
     </span>
     <span class='ocr_line' id='line_1_28' title="bbox 110 1887 1570 1932; baseline 0 -13"><span class='ocrx_word' id='word_1_251' title='bbox 110 1887 245 1920; x_wconf 77' lang='lat' dir='ltr'><strong>Wakef.</strong></span> <span class='ocrx_word' id='word_1_252' title='bbox 263 1889 371 1920; x_wconf 88' lang='lat' dir='ltr'><strong>Zeun.</strong></span> <span class='ocrx_word' id='word_1_253' title='bbox 386 1889 532 1921; x_wconf 86' lang='lat' dir='ltr'><strong>Wetzel.</strong></span> <span class='ocrx_word' id='word_1_254' title='bbox 548 1895 670 1922; x_wconf 86' lang='lat' dir='ltr'><strong>contra</strong></span> <span class='ocrx_word' id='word_1_255' title='bbox 685 1892 831 1932; x_wconf 83' lang='lat' dir='ltr'><strong>reliquos</strong></span> <span class='ocrx_word' id='word_1_256' title='bbox 844 1891 930 1923; x_wconf 91' lang='lat' dir='ltr'><strong>Mss.</strong></span> <span class='ocrx_word' id='word_1_257' title='bbox 945 1900 1062 1922; x_wconf 89' lang='lat' dir='ltr'><strong>omnes</strong></span> <span class='ocrx_word' id='word_1_258' title='bbox 1078 1891 1158 1922; x_wconf 84' lang='lat' dir='ltr'><strong>Feae</strong></span> <span class='ocrx_word' id='word_1_259' title='bbox 1175 1894 1210 1921; x_wconf 85' lang='lat' dir='ltr'><strong>et</strong></span> <span class='ocrx_word' id='word_1_260' title='bbox 1225 1890 1380 1930; x_wconf 75' lang='lat' dir='ltr'><strong>aliorum,</strong></span> <span class='ocrx_word' id='word_1_261' title='bbox 1393 1895 1427 1921; x_wconf 88' lang='lat' dir='ltr'><strong>et</strong></span> <span class='ocrx_word' id='word_1_262' title='bbox 1441 1890 1570 1930; x_wconf 75' lang='lat' dir='ltr'><strong>Pon-pli.</strong></span> 
     </span>
     <span class='ocr_line' id='line_1_29' title="bbox 110 1930 1567 1972; baseline -0.002 -8"><span class='ocrx_word' id='word_1_263' title='bbox 110 1930 220 1964; x_wconf 80' lang='lat' dir='ltr'><strong>‘Quin</strong></span> <span class='ocrx_word' id='word_1_264' title='bbox 237 1935 272 1962; x_wconf 87' lang='lat' dir='ltr'><strong>et</strong></span> <span class='ocrx_word' id='word_1_265' title='bbox 281 1931 473 1971; x_wconf 82' lang='lat' dir='ltr'><strong>elegantior</strong></span> <span class='ocrx_word' id='word_1_266' title='bbox 485 1933 622 1972; x_wconf 84' lang='lat' dir='ltr'><strong>estipsa</strong></span> <span class='ocrx_word' id='word_1_267' title='bbox 633 1932 820 1972; x_wconf 66' lang='lat' dir='ltr'><strong>repetitio!</strong></span> <span class='ocrx_word' id='word_1_268' title='bbox 840 1933 1004 1964; x_wconf 64' lang='lat' dir='ltr'><strong>Fan—24</strong></span> <span class='ocrx_word' id='word_1_269' title='bbox 1019 1932 1252 1964; x_wconf 82' lang='lat' dir='ltr'><strong>Schoenborn.</strong></span> <span class='ocrx_word' id='word_1_270' title='bbox 1262 1935 1295 1964; x_wconf 77' lang='lat'><strong>3.</strong></span> <span class='ocrx_word' id='word_1_271' title='bbox 1322 1932 1567 1972; x_wconf 75' lang='lat' dir='ltr'><strong>Conciliumque.</strong></span> 
     </span>
     <span class='ocr_line' id='line_1_30' title="bbox 114 1972 1569 2014; baseline 0 -10"><span class='ocrx_word' id='word_1_272' title='bbox 114 1972 273 2013; x_wconf 74' lang='lat' dir='ltr'><strong>Angelic.</strong></span> <span class='ocrx_word' id='word_1_273' title='bbox 289 1975 320 2005; x_wconf 74' lang='lat'><strong>3.</strong></span> <span class='ocrx_word' id='word_1_274' title='bbox 343 1977 511 2005; x_wconf 82' lang='lat' dir='ltr'><strong>nwrentur.</strong></span> <span class='ocrx_word' id='word_1_275' title='bbox 554 1974 737 2014; x_wconf 81' lang='lat' dir='ltr'><strong>Bamberg.</strong></span> <span class='ocrx_word' id='word_1_276' title='bbox 753 1975 972 2006; x_wconf 57' lang='lat' dir='ltr'><strong>navium—25</strong></span> <span class='ocrx_word' id='word_1_277' title='bbox 996 1975 1110 2006; x_wconf 86' lang='lat' dir='ltr'><strong>Deest</strong></span> <span class='ocrx_word' id='word_1_278' title='bbox 1124 1974 1178 2006; x_wconf 85' lang='lat' dir='ltr'><strong>hic</strong></span> <span class='ocrx_word' id='word_1_279' title='bbox 1194 1983 1311 2005; x_wconf 84' lang='lat' dir='ltr'><strong>versus</strong></span> <span class='ocrx_word' id='word_1_280' title='bbox 1327 1974 1361 2004; x_wconf 88' lang='lat' dir='ltr'><strong>in</strong></span> <span class='ocrx_word' id='word_1_281' title='bbox 1380 1973 1477 2004; x_wconf 82' lang='lat' dir='ltr'><strong>Harl.</strong></span> <span class='ocrx_word' id='word_1_282' title='bbox 1494 1976 1569 2004; x_wconf 76' lang='grc'><strong>1.-</strong></span> 
     </span>
     <span class='ocr_line' id='line_1_31' title="bbox 113 2015 1570 2057; baseline -0.001 -11"><span class='ocrx_word' id='word_1_283' title='bbox 113 2017 157 2046; x_wconf 79' lang='lat'><strong>26</strong></span> <span class='ocrx_word' id='word_1_284' title='bbox 167 2015 398 2046; x_wconf 83' lang='lat' dir='ltr'><strong>Schoenborn.</strong></span> <span class='ocrx_word' id='word_1_285' title='bbox 411 2018 443 2046; x_wconf 75' lang='lat'><strong>3.</strong></span> <span class='ocrx_word' id='word_1_286' title='bbox 462 2017 660 2056; x_wconf 79' lang='lat' dir='ltr'><strong>thue.—27</strong></span> <span class='ocrx_word' id='word_1_287' title='bbox 674 2017 770 2048; x_wconf 88' lang='lat' dir='ltr'><strong>Idem</strong></span> <span class='ocrx_word' id='word_1_288' title='bbox 784 2017 894 2048; x_wconf 83' lang='lat' dir='ltr'><strong>codex</strong></span> <span class='ocrx_word' id='word_1_289' title='bbox 906 2020 1002 2048; x_wconf 85' lang='lat' dir='ltr'><strong>caret</strong></span> <span class='ocrx_word' id='word_1_290' title='bbox 1016 2025 1099 2048; x_wconf 87' lang='lat' dir='ltr'><strong>voce</strong></span> <span class='ocrx_word' id='word_1_291' title='bbox 1112 2016 1189 2057; x_wconf 77' lang='lat' dir='ltr'><strong>ipse.</strong></span> <span class='ocrx_word' id='word_1_292' title='bbox 1227 2015 1458 2047; x_wconf 86' lang='lat' dir='ltr'><strong>Schoenborn.</strong></span> <span class='ocrx_word' id='word_1_293' title='bbox 1468 2017 1499 2046; x_wconf 81' lang='lat'><strong>4.</strong></span> <span class='ocrx_word' id='word_1_294' title='bbox 1522 2026 1570 2046; x_wconf 81' lang='lat' dir='ltr'><strong>so-</strong></span> 
     </span>
     <span class='ocr_line' id='line_1_32' title="bbox 115 2055 1569 2096; baseline 0 -9"><span class='ocrx_word' id='word_1_295' title='bbox 115 2057 216 2096; x_wconf 76' lang='lat' dir='ltr'><strong>lerque</strong></span> <span class='ocrx_word' id='word_1_296' title='bbox 232 2055 458 2088; x_wconf 55' lang='lat' dir='ltr'><strong>“batim—28</strong></span> <span class='ocrx_word' id='word_1_297' title='bbox 472 2057 553 2089; x_wconf 84' lang='lat' dir='ltr'><strong>Vat.</strong></span> <span class='ocrx_word' id='word_1_298' title='bbox 569 2058 681 2090; x_wconf 71' lang='lat' dir='ltr'><strong>Paiat.</strong></span> <span class='ocrx_word' id='word_1_299' title='bbox 698 2061 730 2089; x_wconf 76' lang='lat'><strong>3.</strong></span> <span class='ocrx_word' id='word_1_300' title='bbox 750 2060 856 2090; x_wconf 81' lang='lat' dir='ltr'><strong>oculis.</strong></span> <span class='ocrx_word' id='word_1_301' title='bbox 893 2059 1013 2090; x_wconf 82' lang='lat' dir='ltr'><strong>Lamb.</strong></span> <span class='ocrx_word' id='word_1_302' title='bbox 1029 2068 1072 2089; x_wconf 86' lang='lat' dir='ltr'><strong>ex</strong></span> <span class='ocrx_word' id='word_1_303' title='bbox 1087 2068 1156 2090; x_wconf 89' lang='lat' dir='ltr'><strong>uno</strong></span> <span class='ocrx_word' id='word_1_304' title='bbox 1170 2058 1271 2090; x_wconf 89' lang='lat' dir='ltr'><strong>codd.</strong></span> <span class='ocrx_word' id='word_1_305' title='bbox 1287 2058 1321 2089; x_wconf 89' lang='lat' dir='ltr'><strong>in</strong></span> <span class='ocrx_word' id='word_1_306' title='bbox 1339 2059 1441 2089; x_wconf 84' lang='lat' dir='ltr'><strong>litura</strong></span> <span class='ocrx_word' id='word_1_307' title='bbox 1456 2059 1569 2093; x_wconf 79' lang='lat' dir='ltr'><strong>oculus,</strong></span> 
     </span>
     <span class='ocr_line' id='line_1_33' title="bbox 117 2097 1569 2140; baseline 0.002 -12"><span class='ocrx_word' id='word_1_308' title='bbox 117 2097 242 2138; x_wconf 79' lang='lat' dir='ltr'><strong>probat</strong></span> <span class='ocrx_word' id='word_1_309' title='bbox 251 2103 287 2129; x_wconf 84' lang='lat' dir='ltr'><strong>et</strong></span> <span class='ocrx_word' id='word_1_310' title='bbox 298 2098 422 2138; x_wconf 81' lang='lat' dir='ltr'><strong>recipit</strong></span> <span class='ocrx_word' id='word_1_311' title='bbox 434 2098 550 2129; x_wconf 87' lang='lat' dir='ltr'><strong>Bentl.</strong></span> <span class='ocrx_word' id='word_1_312' title='bbox 562 2099 612 2130; x_wconf 83' lang='lat' dir='ltr'><strong>ita</strong></span> <span class='ocrx_word' id='word_1_313' title='bbox 622 2099 723 2130; x_wconf 78' lang='lat' dir='ltr'><strong>etiam</strong></span> <span class='ocrx_word' id='word_1_314' title='bbox 734 2100 802 2131; x_wconf 88' lang='lat' dir='ltr'><strong>duo</strong></span> <span class='ocrx_word' id='word_1_315' title='bbox 812 2099 914 2132; x_wconf 79' lang='lat' dir='ltr'><strong>codd.</strong></span> <span class='ocrx_word' id='word_1_316' title='bbox 925 2101 1117 2140; x_wconf 76' lang='lat' dir='ltr'><strong>ap.Valart.</strong></span> <span class='ocrx_word' id='word_1_317' title='bbox 1132 2101 1213 2132; x_wconf 85' lang='lat' dir='ltr'><strong>item</strong></span> <span class='ocrx_word' id='word_1_318' title='bbox 1226 2099 1304 2131; x_wconf 84' lang='lat' dir='ltr'><strong>edd.</strong></span> <span class='ocrx_word' id='word_1_319' title='bbox 1312 2099 1451 2131; x_wconf 84' lang='lat' dir='ltr'><strong>Wakef.</strong></span> <span class='ocrx_word' id='word_1_320' title='bbox 1464 2100 1569 2131; x_wconf 87' lang='lat' dir='ltr'><strong>Kidd.</strong></span> 
     </span>
    </p>
   </div>
   <div class='ocr_carea' id='block_1_6' title="bbox 117 2140 1570 2224">
    <p class='ocr_par' dir='ltr' id='par_1_13' title="bbox 117 2140 1570 2224">
     <span class='ocr_line' id='line_1_34' title="bbox 117 2140 1569 2182; baseline 0.001 -12"><span class='ocrx_word' id='word_1_321' title='bbox 117 2144 154 2171; x_wconf 86' lang='lat' dir='ltr'><strong>et</strong></span> <span class='ocrx_word' id='word_1_322' title='bbox 172 2140 432 2171; x_wconf 65' lang='lat' dir='ltr'><strong>&#39;neuwen—29</strong></span> <span class='ocrx_word' id='word_1_323' title='bbox 447 2140 632 2180; x_wconf 79' lang='lat' dir='ltr'><strong>Bamberg.</strong></span> <span class='ocrx_word' id='word_1_324' title='bbox 658 2144 854 2181; x_wconf 74' lang='lat' dir='ltr'><strong>contempnas</strong></span> <span class='ocrx_word' id='word_1_325' title='bbox 880 2143 1000 2182; x_wconf 73' lang='lat' dir='ltr'><strong>lyppus.</strong></span> <span class='ocrx_word' id='word_1_326' title='bbox 1039 2143 1144 2174; x_wconf 78' lang='lat' dir='ltr'><strong>Baxt.</strong></span> <span class='ocrx_word' id='word_1_327' title='bbox 1160 2143 1276 2173; x_wconf 85' lang='lat' dir='ltr'><strong>Bentl.</strong></span> <span class='ocrx_word' id='word_1_328' title='bbox 1301 2142 1444 2182; x_wconf 87' lang='lat' dir='ltr'><strong>Cuning.</strong></span> <span class='ocrx_word' id='word_1_329' title='bbox 1462 2141 1569 2173; x_wconf 79' lang='lat' dir='ltr'><strong>Gesn.</strong></span> 
     </span>
     <span class='ocr_line' id='line_1_35' title="bbox 117 2180 1570 2224; baseline 0.001 -11"><span class='ocrx_word' id='word_1_330' title='bbox 117 2181 273 2213; x_wconf 87' lang='lat' dir='ltr'><strong>Oberlin.</strong></span> <span class='ocrx_word' id='word_1_331' title='bbox 290 2180 425 2213; x_wconf 81' lang='lat' dir='ltr'><strong>Wakef.</strong></span> <span class='ocrx_word' id='word_1_332' title='bbox 449 2186 484 2213; x_wconf 82' lang='lat' dir='ltr'><strong>ct</strong></span> <span class='ocrx_word' id='word_1_333' title='bbox 497 2183 676 2214; x_wconf 85' lang='lat' dir='ltr'><strong>Treutzer.</strong></span> <span class='ocrx_word' id='word_1_334' title='bbox 700 2183 835 2222; x_wconf 78' lang='lat' dir='ltr'><strong>inungui</strong></span> <span class='ocrx_word' id='word_1_335' title='bbox 840 2194 853 2220; x_wconf 89' lang='lat'><em>;</em></span> <span class='ocrx_word' id='word_1_336' title='bbox 876 2188 979 2224; x_wconf 86' lang='lat' dir='ltr'><strong>atque</strong></span> <span class='ocrx_word' id='word_1_337' title='bbox 995 2184 1040 2215; x_wconf 83' lang='lat' dir='ltr'><strong>ita</strong></span> <span class='ocrx_word' id='word_1_338' title='bbox 1058 2194 1101 2216; x_wconf 85' lang='lat' dir='ltr'><strong>ex</strong></span> <span class='ocrx_word' id='word_1_339' title='bbox 1116 2183 1194 2215; x_wconf 90' lang='lat' dir='ltr'><strong>cod.</strong></span> <span class='ocrx_word' id='word_1_340' title='bbox 1211 2187 1366 2215; x_wconf 70' lang='lat' dir='ltr'><strong>notatum</strong></span> <span class='ocrx_word' id='word_1_341' title='bbox 1388 2184 1422 2214; x_wconf 92' lang='lat' dir='ltr'><strong>in</strong></span> <span class='ocrx_word' id='word_1_342' title='bbox 1438 2193 1499 2215; x_wconf 79' lang='lat' dir='ltr'><strong>ora</strong></span> <span class='ocrx_word' id='word_1_343' title='bbox 1515 2184 1570 2215; x_wconf 93' lang='lat' dir='ltr'><strong>ed.</strong></span> 
     </span>
    </p>
   </div>
   <div class='ocr_carea' id='block_1_7' title="bbox 119 2223 1572 2267">
    <p class='ocr_par' dir='ltr' id='par_1_14' title="bbox 119 2223 1572 2267">
     <span class='ocr_line' id='line_1_36' title="bbox 119 2223 1572 2267; baseline 0.001 -12"><span class='ocrx_word' id='word_1_344' title='bbox 119 2223 198 2256; x_wconf 87' lang='lat' dir='ltr'><strong>Ald.</strong></span> <span class='ocrx_word' id='word_1_345' title='bbox 209 2226 304 2256; x_wconf 80' lang='grc'><strong>1509.</strong></span> <span class='ocrx_word' id='word_1_346' title='bbox 319 2224 352 2256; x_wconf 92' lang='lat' dir='ltr'><strong>in</strong></span> <span class='ocrx_word' id='word_1_347' title='bbox 369 2223 531 2256; x_wconf 86' lang='lat' dir='ltr'><strong>Biblioth.</strong></span> <span class='ocrx_word' id='word_1_348' title='bbox 546 2224 836 2257; x_wconf 63' lang='lat' dir='ltr'><strong>Barbetium—30</strong></span> <span class='ocrx_word' id='word_1_349' title='bbox 854 2226 927 2257; x_wconf 88' lang='lat' dir='ltr'><strong>Non</strong></span> <span class='ocrx_word' id='word_1_350' title='bbox 940 2226 1013 2266; x_wconf 78' lang='lat' dir='ltr'><strong>quio</strong></span> <span class='ocrx_word' id='word_1_351' title='bbox 1023 2227 1106 2258; x_wconf 83' lang='lat' dir='ltr'><strong>Vat.</strong></span> <span class='ocrx_word' id='word_1_352' title='bbox 1119 2228 1170 2258; x_wconf 87' lang='grc'><strong>10.</strong></span> <span class='ocrx_word' id='word_1_353' title='bbox 1216 2227 1260 2258; x_wconf 86' lang='lat' dir='ltr'><strong>Et</strong></span> <span class='ocrx_word' id='word_1_354' title='bbox 1275 2226 1349 2267; x_wconf 78' lang='lat' dir='ltr'><strong>quio</strong></span> <span class='ocrx_word' id='word_1_355' title='bbox 1364 2226 1480 2258; x_wconf 87' lang='lat' dir='ltr'><strong>Zarot.</strong></span> <span class='ocrx_word' id='word_1_356' title='bbox 1497 2226 1572 2258; x_wconf 83' lang='lat' dir='ltr'><strong>Me-</strong></span> 
     </span>
    </p>
   </div>
   <div class='ocr_carea' id='block_1_8' title="bbox 109 2350 1570 2894">
    <p class='ocr_par' dir='ltr' id='par_1_15' title="bbox 117 2350 1569 2394">
     <span class='ocr_line' id='line_1_37' title="bbox 117 2350 1569 2394; baseline 0.003 -13"><span class='ocrx_word' id='word_1_357' title='bbox 117 2350 209 2385; x_wconf 79' lang='lat' dir='ltr'><strong>Quid</strong></span> <span class='ocrx_word' id='word_1_358' title='bbox 234 2351 298 2382; x_wconf 84' lang='lat' dir='ltr'><strong>hoc</strong></span> <span class='ocrx_word' id='word_1_359' title='bbox 317 2350 380 2382; x_wconf 83' lang='lat' dir='ltr'><strong>sibi</strong></span> <span class='ocrx_word' id='word_1_360' title='bbox 405 2352 501 2391; x_wconf 82' lang='lat' dir='ltr'><strong>velit,</strong></span> <span class='ocrx_word' id='word_1_361' title='bbox 521 2351 718 2394; x_wconf 79' lang='lat' dir='ltr'><strong>Aristippus</strong></span> <span class='ocrx_word' id='word_1_362' title='bbox 741 2353 812 2394; x_wconf 83' lang='lat' dir='ltr'><strong>ipse</strong></span> <span class='ocrx_word' id='word_1_363' title='bbox 867 2363 946 2394; x_wconf 91' lang='lat' dir='ltr'><strong>que,</strong></span> <span class='ocrx_word' id='word_1_364' title='bbox 974 2354 1093 2385; x_wconf 86' lang='lat' dir='ltr'><strong>Finem</strong></span> <span class='ocrx_word' id='word_1_365' title='bbox 1117 2354 1228 2385; x_wconf 80' lang='lat' dir='ltr'><strong>animo</strong></span> <span class='ocrx_word' id='word_1_366' title='bbox 1251 2358 1398 2394; x_wconf 84' lang='lat' dir='ltr'><strong>certum,</strong></span> <span class='ocrx_word' id='word_1_367' title='bbox 1422 2354 1569 2385; x_wconf 82' lang='lat' dir='ltr'><strong>miseris-</strong></span> 
     </span>
    </p>

    <p class='ocr_par' dir='ltr' id='par_1_16' title="bbox 116 2401 1205 2445">
     <span class='ocr_line' id='line_1_38' title="bbox 116 2401 1205 2445; baseline 0.001 -11"><span class='ocrx_word' id='word_1_368' title='bbox 116 2401 208 2434; x_wconf 77' lang='lat' dir='ltr'><strong>dieat</strong></span> <span class='ocrx_word' id='word_1_369' title='bbox 224 2405 260 2432; x_wconf 85' lang='lat' dir='ltr'><strong>et</strong></span> <span class='ocrx_word' id='word_1_370' title='bbox 271 2401 434 2442; x_wconf 81' lang='lat' dir='ltr'><strong>explicet.</strong></span> <span class='ocrx_word' id='word_1_371' title='bbox 482 2401 652 2434; x_wconf 77' lang='lat' dir='ltr'><strong>Nimirum</strong></span> <span class='ocrx_word' id='word_1_372' title='bbox 664 2412 738 2434; x_wconf 91' lang='lat' dir='ltr'><strong>cum</strong></span> <span class='ocrx_word' id='word_1_373' title='bbox 753 2403 813 2434; x_wconf 91' lang='lat' dir='ltr'><strong>ob·</strong></span> <span class='ocrx_word' id='word_1_374' title='bbox 867 2413 932 2445; x_wconf 86' lang='lat' dir='ltr'><strong>que</strong></span> <span class='ocrx_word' id='word_1_375' title='bbox 946 2403 1073 2435; x_wconf 84' lang='lat' dir='ltr'><strong>viatica</strong></span> <span class='ocrx_word' id='word_1_376' title='bbox 1087 2403 1205 2435; x_wconf 69' lang='lat' dir='ltr'><strong>canis!</strong></span> 
     </span>
    </p>

    <p class='ocr_par' dir='ltr' id='par_1_17' title="bbox 109 2450 1569 2494">
     <span class='ocr_line' id='line_1_39' title="bbox 109 2450 1569 2494; baseline 0.001 -11"><span class='ocrx_word' id='word_1_377' title='bbox 109 2451 288 2491; x_wconf 78' lang='lat' dir='ltr'><strong>jiceretur,</strong></span> <span class='ocrx_word' id='word_1_378' title='bbox 321 2450 459 2483; x_wconf 76' lang='lat' dir='ltr'><strong>Habere</strong></span> <span class='ocrx_word' id='word_1_379' title='bbox 487 2459 564 2483; x_wconf 86' lang='lat' dir='ltr'><strong>enm</strong></span> <span class='ocrx_word' id='word_1_380' title='bbox 596 2452 720 2484; x_wconf 76' lang='lat' dir='ltr'><strong>Laida:</strong></span> <span class='ocrx_word' id='word_1_381' title='bbox 754 2452 815 2484; x_wconf 88' lang='lat' dir='ltr'><strong>mi-</strong></span> <span class='ocrx_word' id='word_1_382' title='bbox 909 2455 951 2484; x_wconf 79' lang='lat'><strong>27</strong></span> <span class='ocrx_word' id='word_1_383' title='bbox 974 2453 1161 2493; x_wconf 83' lang='lat' dir='ltr'><strong>Elementis]</strong></span> <span class='ocrx_word' id='word_1_384' title='bbox 1190 2452 1317 2484; x_wconf 82' lang='lat' dir='ltr'><strong>Primis</strong></span> <span class='ocrx_word' id='word_1_385' title='bbox 1336 2452 1569 2494; x_wconf 60' lang='lat' dir='ltr'><strong>Philosophiae</strong></span> 
     </span>
    </p>

    <p class='ocr_par' dir='ltr' id='par_1_18' title="bbox 118 2500 1396 2545">
     <span class='ocr_line' id='line_1_40' title="bbox 118 2500 1396 2545; baseline 0.002 -15"><span class='ocrx_word' id='word_1_386' title='bbox 118 2500 208 2531; x_wconf 84' lang='lat' dir='ltr'><strong>nime</strong></span> <span class='ocrx_word' id='word_1_387' title='bbox 221 2500 439 2540; x_wconf 79' lang='lat' dir='ltr'><strong>erubescens,</strong></span> <span class='ocrx_word' id='word_1_388' title='bbox 460 2500 470 2520; x_wconf 90' lang='lat'>‘</span> <span class='ocrx_word' id='word_1_389' title='bbox 484 2501 609 2533; x_wconf 83' lang='lat' dir='ltr'><strong>Habeo</strong></span> <span class='ocrx_word' id='word_1_390' title='bbox 620 2501 753 2540; x_wconf 81' lang='lat' dir='ltr'><strong>Laida,&#39;</strong></span> <span class='ocrx_word' id='word_1_391' title='bbox 764 2503 815 2533; x_wconf 89' lang='lat' dir='ltr'><strong>in·</strong></span> <span class='ocrx_word' id='word_1_392' title='bbox 866 2503 1095 2545; x_wconf 82' lang='lat' dir='ltr'><strong>documentis,</strong></span> <span class='ocrx_word' id='word_1_393' title='bbox 1110 2513 1239 2535; x_wconf 85' lang='lat' dir='ltr'><strong>morum</strong></span> <span class='ocrx_word' id='word_1_394' title='bbox 1256 2503 1396 2543; x_wconf 80' lang='lat' dir='ltr'><strong>regulis.</strong></span> 
     </span>
    </p>

    <p class='ocr_par' dir='ltr' id='par_1_19' title="bbox 118 2550 1570 2592">
     <span class='ocr_line' id='line_1_41' title="bbox 118 2550 1570 2592; baseline 0.003 -13"><span class='ocrx_word' id='word_1_395' title='bbox 118 2550 217 2591; x_wconf 85' lang='lat' dir='ltr'><strong>qnit;</strong></span> <span class='ocrx_word' id='word_1_396' title='bbox 245 2550 336 2581; x_wconf 88' lang='lat' dir='ltr'><strong>‘non</strong></span> <span class='ocrx_word' id='word_1_397' title='bbox 363 2550 489 2583; x_wconf 79' lang='lat' dir='ltr'><strong>habeor</strong></span> <span class='ocrx_word' id='word_1_398' title='bbox 518 2561 539 2583; x_wconf 79' lang='lat' dir='ltr'><strong>a</strong></span> <span class='ocrx_word' id='word_1_399' title='bbox 569 2552 700 2584; x_wconf 84' lang='lat' dir='ltr'><strong>Laide.’</strong></span> <span class='ocrx_word' id='word_1_400' title='bbox 742 2553 815 2584; x_wconf 89' lang='lat' dir='ltr'><strong>Cic.</strong></span> <span class='ocrx_word' id='word_1_401' title='bbox 909 2556 952 2585; x_wconf 81' lang='lat'><strong>29</strong></span> <span class='ocrx_word' id='word_1_402' title='bbox 978 2554 1051 2584; x_wconf 85' lang='lat' dir='ltr'><strong>Non</strong></span> <span class='ocrx_word' id='word_1_403' title='bbox 1079 2557 1181 2584; x_wconf 84' lang='lat' dir='ltr'><strong>tamen</strong></span> <span class='ocrx_word' id='word_1_404' title='bbox 1211 2552 1341 2591; x_wconf 76' lang='lat' dir='ltr'><strong>idcirco,</strong></span> <span class='ocrx_word' id='word_1_405' title='bbox 1368 2551 1439 2592; x_wconf 56' lang='grc' dir='ltr'><strong>εμπ]</strong></span> <span class='ocrx_word' id='word_1_406' title='bbox 1469 2553 1515 2584; x_wconf 88' lang='lat' dir='ltr'><strong>Et</strong></span> <span class='ocrx_word' id='word_1_407' title='bbox 1540 2553 1570 2584; x_wconf 87' lang='lat' dir='ltr'><strong>si</strong></span> 
     </span>
    </p>

    <p class='ocr_par' dir='ltr' id='par_1_20' title="bbox 120 2598 1569 2695">
     <span class='ocr_line' id='line_1_42' title="bbox 120 2598 1567 2644; baseline 0.003 -14"><span class='ocrx_word' id='word_1_408' title='bbox 120 2598 230 2639; x_wconf 78' lang='lat' dir='ltr'><strong>Epist.</strong></span> <span class='ocrx_word' id='word_1_409' title='bbox 244 2606 298 2630; x_wconf 75' lang='lat' dir='ltr'><strong>lx.</strong></span> <span class='ocrx_word' id='word_1_410' title='bbox 310 2601 365 2631; x_wconf 82' lang='lat'><strong>26.</strong></span> <span class='ocrx_word' id='word_1_411' title='bbox 866 2613 1015 2644; x_wconf 79' lang='lat' dir='ltr'><strong>nequeas</strong></span> <span class='ocrx_word' id='word_1_412' title='bbox 1050 2607 1121 2634; x_wconf 87' lang='lat' dir='ltr'><strong>tam</strong></span> <span class='ocrx_word' id='word_1_413' title='bbox 1151 2610 1245 2634; x_wconf 86' lang='lat' dir='ltr'><strong>acres</strong></span> <span class='ocrx_word' id='word_1_414' title='bbox 1276 2601 1406 2633; x_wconf 86' lang='lat' dir='ltr'><strong>habere</strong></span> <span class='ocrx_word' id='word_1_415' title='bbox 1435 2603 1567 2643; x_wconf 84' lang='lat' dir='ltr'><strong>oculos,</strong></span> 
     </span>
     <span class='ocr_line' id='line_1_43' title="bbox 162 2647 1569 2695; baseline 0.004 -17"><span class='ocrx_word' id='word_1_416' title='bbox 162 2650 204 2679; x_wconf 71' lang='lat'><strong>24</strong></span> <span class='ocrx_word' id='word_1_417' title='bbox 226 2647 355 2687; x_wconf 73' lang='lat' dir='ltr'><strong>Agendi</strong></span> <span class='ocrx_word' id='word_1_418' title='bbox 374 2650 523 2688; x_wconf 74' lang='lat' dir='ltr'><strong>gnaviter</strong></span> <span class='ocrx_word' id='word_1_419' title='bbox 547 2651 582 2682; x_wconf 79' lang='lat' dir='ltr'><strong>id</strong></span> <span class='ocrx_word' id='word_1_420' title='bbox 606 2652 701 2693; x_wconf 82' lang='lat' dir='ltr'><strong>quod]</strong></span> <span class='ocrx_word' id='word_1_421' title='bbox 725 2652 816 2684; x_wconf 87' lang='lat' dir='ltr'><strong>Scri·</strong></span> <span class='ocrx_word' id='word_1_422' title='bbox 863 2663 963 2695; x_wconf 86' lang='lat' dir='ltr'><strong>quam</strong></span> <span class='ocrx_word' id='word_1_423' title='bbox 988 2653 1156 2693; x_wconf 82' lang='lat' dir='ltr'><strong>Lynceus,</strong></span> <span class='ocrx_word' id='word_1_424' title='bbox 1187 2660 1254 2683; x_wconf 89' lang='lat' dir='ltr'><strong>non</strong></span> <span class='ocrx_word' id='word_1_425' title='bbox 1279 2651 1357 2682; x_wconf 80' lang='lat' dir='ltr'><strong>ideo</strong></span> <span class='ocrx_word' id='word_1_426' title='bbox 1380 2656 1494 2683; x_wconf 81' lang='lat' dir='ltr'><strong>tamen</strong></span> <span class='ocrx_word' id='word_1_427' title='bbox 1510 2661 1569 2684; x_wconf 85' lang='lat' dir='ltr'><strong>ne-</strong></span> 
     </span>
    </p>

    <p class='ocr_par' dir='ltr' id='par_1_21' title="bbox 121 2698 1568 2744">
     <span class='ocr_line' id='line_1_44' title="bbox 121 2698 1568 2744; baseline 0.002 -14"><span class='ocrx_word' id='word_1_428' title='bbox 121 2698 222 2730; x_wconf 85' lang='lat' dir='ltr'><strong>bendi</strong></span> <span class='ocrx_word' id='word_1_429' title='bbox 252 2698 476 2740; x_wconf 75' lang='lat' dir='ltr'><strong>vulgandique</strong></span> <span class='ocrx_word' id='word_1_430' title='bbox 499 2700 648 2733; x_wconf 86' lang='lat' dir='ltr'><strong>libellum</strong></span> <span class='ocrx_word' id='word_1_431' title='bbox 677 2704 816 2735; x_wconf 80' lang='lat' dir='ltr'><strong>moralia</strong></span> <span class='ocrx_word' id='word_1_432' title='bbox 865 2703 974 2744; x_wconf 72' lang='lat' dir='ltr'><strong>guigas</strong></span> <span class='ocrx_word' id='word_1_433' title='bbox 997 2701 1173 2743; x_wconf 84' lang='lat' dir='ltr'><strong>collyrium</strong></span> <span class='ocrx_word' id='word_1_434' title='bbox 1197 2701 1305 2732; x_wconf 87' lang='lat' dir='ltr'><strong>oeulis</strong></span> <span class='ocrx_word' id='word_1_435' title='bbox 1332 2700 1506 2741; x_wconf 78' lang='lat' dir='ltr'><strong>adhibere,</strong></span> <span class='ocrx_word' id='word_1_436' title='bbox 1523 2700 1568 2733; x_wconf 85' lang='lat' dir='ltr'><strong>ad</strong></span> 
     </span>
    </p>

    <p class='ocr_par' dir='ltr' id='par_1_22' title="bbox 122 2747 1570 2842">
     <span class='ocr_line' id='line_1_45' title="bbox 122 2747 1570 2792; baseline 0.002 -14"><span class='ocrx_word' id='word_1_437' title='bbox 122 2751 300 2788; x_wconf 75' lang='lat' dir='ltr'><strong>praecepta</strong></span> <span class='ocrx_word' id='word_1_438' title='bbox 316 2747 558 2781; x_wconf 86' lang='lat' dir='ltr'><strong>continentem.</strong></span> <span class='ocrx_word' id='word_1_439' title='bbox 868 2751 1050 2784; x_wconf 86' lang='lat' dir='ltr'><strong>arcendam</strong></span> <span class='ocrx_word' id='word_1_440' title='bbox 1090 2751 1143 2782; x_wconf 83' lang='lat' dir='ltr'><strong>vel</strong></span> <span class='ocrx_word' id='word_1_441' title='bbox 1179 2750 1361 2782; x_wconf 79' lang='lat' dir='ltr'><strong>sanandam</strong></span> <span class='ocrx_word' id='word_1_442' title='bbox 1391 2751 1570 2792; x_wconf 79' lang='lat' dir='ltr'><strong>lippitudi-</strong></span> 
     </span>
     <span class='ocr_line' id='line_1_46' title="bbox 163 2796 1525 2842; baseline 0.003 -13"><span class='ocrx_word' id='word_1_443' title='bbox 163 2799 206 2829; x_wconf 74' lang='lat'><strong>26</strong></span> <span class='ocrx_word' id='word_1_444' title='bbox 231 2796 342 2828; x_wconf 81' lang='lat' dir='ltr'><strong>Pueris</strong></span> <span class='ocrx_word' id='word_1_445' title='bbox 361 2798 556 2841; x_wconf 77' lang='lat' dir='ltr'><strong>senibusque]</strong></span> <span class='ocrx_word' id='word_1_446' title='bbox 578 2800 674 2833; x_wconf 84' lang='lat' dir='ltr'><strong>Pers.</strong></span> <span class='ocrx_word' id='word_1_447' title='bbox 690 2802 762 2834; x_wconf 83' lang='lat' dir='ltr'><strong>Sat.</strong></span> <span class='ocrx_word' id='word_1_448' title='bbox 779 2812 815 2834; x_wconf 84' lang='lat' dir='ltr'><strong>v.</strong></span> <span class='ocrx_word' id='word_1_449' title='bbox 870 2812 957 2834; x_wconf 87' lang='lat' dir='ltr'><strong>nem.</strong></span> <span class='ocrx_word' id='word_1_450' title='bbox 1006 2803 1058 2833; x_wconf 88' lang='lat' dir='ltr'><strong>De</strong></span> <span class='ocrx_word' id='word_1_451' title='bbox 1075 2801 1219 2842; x_wconf 83' lang='lat' dir='ltr'><strong>Lynceis</strong></span> <span class='ocrx_word' id='word_1_452' title='bbox 1235 2801 1354 2841; x_wconf 81' lang='lat' dir='ltr'><strong>oculis,</strong></span> <span class='ocrx_word' id='word_1_453' title='bbox 1367 2810 1391 2832; x_wconf 83' lang='lat'><strong>1.</strong></span> <span class='ocrx_word' id='word_1_454' title='bbox 1407 2802 1478 2833; x_wconf 77' lang='lat' dir='ltr'><strong>Sat.</strong></span> <span class='ocrx_word' id='word_1_455' title='bbox 1491 2804 1525 2833; x_wconf 74' lang='lat'><strong>2.</strong></span> 
     </span>
    </p>

    <p class='ocr_par' dir='ltr' id='par_1_23' title="bbox 121 2847 1570 2894">
     <span class='ocr_line' id='line_1_47' title="bbox 121 2847 1570 2894; baseline 0.002 -15"><span class='ocrx_word' id='word_1_456' title='bbox 121 2850 176 2879; x_wconf 75' lang='lat'><strong>64.</strong></span> <span class='ocrx_word' id='word_1_457' title='bbox 201 2848 211 2865; x_wconf 91' lang='lat'>‘</span> <span class='ocrx_word' id='word_1_458' title='bbox 225 2847 340 2879; x_wconf 85' lang='lat' dir='ltr'><strong>Petite</strong></span> <span class='ocrx_word' id='word_1_459' title='bbox 355 2847 446 2887; x_wconf 84' lang='lat' dir='ltr'><strong>hinc,</strong></span> <span class='ocrx_word' id='word_1_460' title='bbox 464 2848 687 2892; x_wconf 77' lang='lat' dir='ltr'><strong>juvenesque,</strong></span> <span class='ocrx_word' id='word_1_461' title='bbox 703 2862 816 2884; x_wconf 85' lang='lat' dir='ltr'><strong>senes·</strong></span> <span class='ocrx_word' id='word_1_462' title='bbox 912 2856 954 2884; x_wconf 78' lang='grc'><strong>30</strong></span> <span class='ocrx_word' id='word_1_463' title='bbox 981 2851 1144 2894; x_wconf 79' lang='lat' dir='ltr'><strong>Glyconis]</strong></span> <span class='ocrx_word' id='word_1_464' title='bbox 1168 2851 1202 2883; x_wconf 88' lang='lat' dir='ltr'><strong>Is</strong></span> <span class='ocrx_word' id='word_1_465' title='bbox 1214 2850 1315 2883; x_wconf 84' lang='lat' dir='ltr'><strong>fuisse</strong></span> <span class='ocrx_word' id='word_1_466' title='bbox 1333 2850 1492 2883; x_wconf 85' lang='lat' dir='ltr'><strong>robustus</strong></span> <span class='ocrx_word' id='word_1_467' title='bbox 1507 2861 1570 2893; x_wconf 83' lang='lat' dir='ltr'><strong>pu-</strong></span> 
     </span>
    </p>
   </div>
  </div>
 </body>
</html>
