1930 3242
594 283 870 315 suasionum
909 283 1006 313 nin.
1037 280 1089 314 11.
1118 272 1160 313 3.

1524 271 1605 313 951

148 380 367 435 EupoHn,
389 377 716 428 Archilochum,
735 378 922 419 comites
941 376 1127 420 educere
1142 376 1322 418 tantos'l

155 446 376 490 Invidiam
397 445 573 499 placare
591 457 739 498 paras,
762 444 941 487 Virtute
959 443 1119 485 relicta
1134 443 1153 484 'l

154 513 440 555 Contemnere
458 511 615 553 miser:
647 511 830 553 vitanda
848 517 915 553 est
929 511 1132 565 improba
1151 509 1278 551 Siren

156 579 373 622 Desidia:
403 583 479 620 aut
498 578 714 632 quicquid
735 579 827 620 vita
847 578 1029 620 meliore
1051 577 1237 632 parasti,

810 645 846 695 ἹῘ
875 646 936 688 Di
957 650 1018 695 te,
1039 644 1336 698 Damasippe,
1354 642 1554 698 Deaeque

156 645 419 688 Ponendum
439 658 568 699 aequo
589 646 750 688 animo.

1555 576 1611 617 15

155 711 326 755 Verum
347 713 406 754 ob
426 713 665 755 consilium
687 713 853 755 donent
872 717 1047 754 tonsore
1065 725 1076 753 ε
1113 711 1191 752 sed
1213 710 1328 752 unde

154 778 270 821 Tam
286 779 397 820 bene
417 792 486 820 me
505 779 619 821 nosti
638 779 657 820 'P
689 779 726 828 ῚῘ
749 779 994 835 Postquam
1017 778 1162 820 omnis
1182 790 1254 819 res
1274 790 1374 819 mea
1392 776 1554 820 Janum

149 918 248 959 polim
261 921 293 950 et
306 918 525 950 Archilochum
540 919 722 950 assusnsisse
737 919 863 950 comites
875 917 1040 958 egregios?
1075 919 1126 950 An
1139 927 1246 959 speras
1262 918 1412 950 invidiam
1426 918 1534 949 sedare
1548 917 1613 948 vir-

154 963 254 992 tutem
269 961 457 992 deserendo?
504 963 534 992 0
551 962 640 1000 felix
662 962 819 1002 despectui
843 962 925 992 eris:
941 960 1098 1000 fugienda
1119 965 1165 992 est
1183 961 1299 992 inertia
1324 962 1406 991 mola
1432 961 1547 991 Siren.-
1568 961 1617 1002 vel

149 1004 273 1043 pariter
286 1004 493 1035 omittendum
507 1005 540 1035 id
555 1014 644 1036 omne
658 1005 738 1044 quod
752 1004 878 1035 meliore
891 1004 958 1035 vita
972 1004 1176 1044 acquisivisti.
1209 1003 1353 1035 Hom’r.
1371 1004 1401 1034 0
1412 1003 1614 1043 Dan-nimie,

155 1045 220 1076 Dii
234 1045 384 1086 Deoeque,
405 1050 531 1087 propter
545 1047 684 1078 scil-utare
698 1047 860 1082 monitum,
881 1047 955 1077 dent
977 1046 1037 1077 tibi
1052 1050 1214 1078 tonsorem.
1266 1046 1376 1077 Verum
1389 1046 1536 1086 quomodo
1550 1047 1615 1075 tum

158 1086 236 1119 bene
259 1097 308 1120 me
333 1088 503 1128 cognoscis.
545 1090 737 1120 DAMAsn’.
763 1089 933 1128 Postquam
947 1092 1066 1120 cunctoe
1081 1099 1157 1121 meae
1164 1089 1338 1128 facultates
1359 1089 1519 1130 perierunt
1532 1088 1616 1128 apud

762 1181 959 1194 oaeaeaeaeeaeeve
963 1182 1000 1194 ‘O

156 1251 274 1286 postea
300 1245 539 1279 demmin—12
564 1249 750 1280 Archilocho
775 1248 950 1280 Bentleius
965 1258 1007 1279 ex
1024 1248 1232 1279 auctoritate
1247 1247 1346 1279 unius
1362 1247 1439 1279 cod.
1453 1245 1580 1287 Regin.
1595 1255 1615 1276 a

155 1297 200 1320 m.
215 1297 284 1320 sec.
297 1291 443 1321 educere?
455 1291 541 1331 quid,
556 1294 591 1322 tu
606 1291 697 1332 conj.
713 1291 873 1333 Rutgers.
904 1291 1002 1323 Idem
1017 1301 1079 1332 pro
1089 1291 1175 1331 quid,
1192 1294 1227 1322 tu
1241 1291 1331 1331 conj.
1349 1290 1453 1322 etiarn
1467 1289 1613 1325 Quinc-te.

803 1398 950 1430 NOTAE

154 1475 208 1503 est
221 1471 377 1502 omuibus
399 1470 513 1510 rebus,
539 1472 706 1512 personis,
722 1471 853 1503 affecti-

151 1520 215 1554 bus
243 1520 518 1551 accommodatus
535 1544 544 1553 .
562 1543 569 1552 .
589 1543 598 1552 .
616 1543 624 1551 .
641 1521 675 1552 in
699 1521 853 1553 omnibus

149 1570 236 1602 mire
261 1570 453 1601 custoditur
471 1570 515 1602 ab
538 1571 602 1602 hoc
626 1570 735 1603 Poeta
750 1570 853 1603 deco-

152 1628 239 1651 rum.
283 1619 399 1661 Atque
411 1620 440 1651 is
456 1620 592 1661 quidem
605 1620 757 1661 ejusdem
771 1630 853 1661 ope-

151 1669 199 1700 ris
215 1669 410 1701 auctoribus
428 1669 570 1702 abstulit
587 1679 721 1711 nomen,
736 1675 772 1702 et
788 1670 853 1701 ful-

150 1729 232 1760 gore
248 1719 392 1761 quodam
413 1730 482 1752 suae
507 1720 674 1752 claritatis
692 1721 852 1753 tenebras

152 1769 320 1802 obduxit?

154 1834 157 1838 ·
195 1822 235 1851 12
260 1819 410 1861 Eupolih,
423 1819 658 1862 Archilochum]
674 1820 731 1852 De
744 1819 851 1852 hocin

150 1872 264 1915 Epod.
282 1881 332 1904 vr.
347 1872 389 1902 de
402 1872 460 1904 illo
478 1881 502 1903 ι.
517 1872 590 1904 Sat.
605 1875 638 1904 4.

196 1925 238 1955 1³
261 1922 419 1954 Invidiam
435 1923 560 1963 placare
576 1932 684 1963 parus,
703 1923 771 1963 lfa]
796 1922 851 1954 An

151 1973 252 2005 times
266 1973 417 2004 homines
433 1974 540 2005 malos
558 1971 747 2009 offendere,
761 1972 851 2015 quod

152 2032 219 2055 nou
243 2023 345 2062 soles,
371 2023 546 2065 carpendo
564 2024 649 2055 vitia
669 2033 799 2064 eorum,
817 2028 852 2055 et

153 2072 338 2114 satyricum
357 2073 462 2104 salem
485 2073 524 2103 iis
539 2071 751 2104 affricando?
796 2072 850 2104 An

155 2131 240 2155 vero
253 2123 302 2155 sic
313 2122 472 2154 invidiam
484 2120 668 2153 formidare
681 2122 801 2163 incipis
818 2127 854 2153 et

154 2172 350 2204 inimicitias
365 2170 617 2213 improborum?
662 2172 735 2204 Cic.
750 2171 854 2203 Catil.

153 2230 179 2254 ι.
203 2222 215 2239 ⁴
228 2221 306 2254 Hoc
322 2221 434 2253 auimo
450 2229 585 2262 semper
602 2219 662 2262 fui,
678 2226 716 2253 ut
730 2220 853 2252 invidi-

125 2282 128 2286 ·
152 2278 206 2304 am
222 2272 352 2304 virtute
376 2276 509 2312 partam
524 2271 666 2314 gloriam
683 2276 855 2314 putarem,

152 2330 221 2354 non
237 2321 420 2355 invidiam)
699 2351 703 2355 .

130 2384 131 2387 ¹
197 2374 237 2404 Μ
275 2372 420 2412 Improba
448 2371 542 2404 Siren
568 2372 719 2413 Desidia]
764 2373 853 2406 Haec

152 2421 243 2455 enim
265 2422 358 2454 velut
381 2421 480 2454 Siren
505 2422 697 2454 hominibus
722 2423 854 2455 blandi-

154 2475 212 2504 tat
225 2475 262 2503 et
275 2471 460 2512 perniciem
483 2470 597 2504 affert.
643 2473 786 2506 Frustra
800 2478 855 2506 est

155 2521 246 2563 quod
255 2522 421 2563 Cruquius
429 2523 484 2554 bic
495 2523 762 2555 comminiscitur
769 2523 852 2563 dog-

157 2571 298 2603 maticas
319 2571 470 2612 Sirenes,
485 2573 530 2604 de
545 2574 667 2616 quibus
695 2574 851 2606 Laertius

157 2619 216 2651 lib.
236 2628 270 2651 x.
287 2620 321 2652 in
338 2620 420 2653 Vita
434 2622 593 2664 Epicuri:
621 2624 719 2666 quasi
736 2625 779 2656 ad
795 2634 852 2656 eas

157 2668 322 2701 invidiose
347 2670 499 2703 alluserit
518 2673 654 2706 Stoicus
671 2675 853 2717 Damasip-

159 2728 236 2760 pus.
282 2718 338 2751 De
353 2719 537 2764 sirenibus,
551 2733 578 2756 ι.
593 2725 703 2767 Epist.
718 2729 751 2759 2.
768 2728 822 2759 23.

203 2772 243 2801 15
254 2819 261 2825 ”
271 2770 342 2826 Vita
355 2771 493 2812 meliore]
505 2773 638 2808 Meliori
650 2777 730 2810 vitae
742 2781 853 2820 parte,

158 2829 201 2852 ea
229 2828 385 2852 nimirum
408 2830 484 2862 quae
508 2829 647 2864 peracta
669 2833 723 2860 est
748 2829 853 2860 virtu-

908 1477 979 1503 tem
991 1470 1137 1503 colendo
1152 1474 1188 1502 et
1199 1468 1404 1508 exercendo,
1419 1468 1612 1511 bonumque

908 1521 970 1552 tihi
988 1529 1109 1552 nomen
1126 1529 1166 1551 ac
1182 1518 1305 1550 famam
1322 1518 1542 1560 acquirendo.

951 1573 993 1602 16
1015 1568 1224 1610 Damasippo]
1252 1568 1288 1600 Is
1301 1568 1484 1600 Senatoria
1501 1568 1614 1608 digni-

907 1625 979 1652 tate
1000 1621 1111 1652 clarus
1127 1619 1170 1650 ad
1181 1620 1306 1660 ‘inepta
1322 1623 1526 1650 mercaturae
1542 1623 1613 1650 stu·

907 1669 965 1701 dia
980 1675 1015 1701 et
1031 1669 1170 1710 negotia
1185 1667 1328 1699 deflexit
1342 1678 1350 1698 :
1368 1667 1403 1698 in
1416 1677 1483 1708 quo
1497 1667 1612 1708 perdi·

907 1719 951 1750 tis
967 1718 1202 1754 facultatibus,
1216 1715 1317 1748 futile
1333 1716 1439 1748 Stoici
1454 1716 1612 1748 Philoso-

908 1770 964 1811 phi
981 1778 1102 1802 nomen
1117 1767 1271 1809 captavit
1287 1770 1323 1798 et
1338 1766 1503 1798 habitum.

952 1822 991 1851 17
1014 1819 1142 1851 Donent
1158 1815 1296 1858 tonsore]
1335 1815 1465 1857 Lepida
1481 1815 1612 1856 pariter

906 1875 942 1902 et
963 1870 1052 1901 salsa
1075 1867 1261 1909 gratiarum
1288 1866 1402 1898 actio:
1429 1865 1522 1897 adsit
1538 1871 1612 1897 ton·

905 1929 963 1951 sor
977 1919 1034 1960 qni
1051 1917 1152 1949 radat
1164 1926 1204 1948 ac
1219 1916 1362 1948 tondeat
1372 1919 1457 1956 apte
1467 1914 1610 1947 barbam

904 1970 998 2001 illam
1027 1973 1120 2000 tuam
1151 1965 1421 2008 philosophicam
1449 1965 1611 2007 prolixio-

905 2029 988 2052 rem.
1032 2018 1128 2051 Nihil
1155 2020 1251 2049 certe
1270 2016 1363 2047 aliud
1379 2015 1493 2057 optari
1511 2026 1611 2057 posse

906 2073 1089 2106 videbatur
1102 2071 1231 2103 homini
1249 2079 1303 2101 res
1316 2077 1433 2100 omnes
1446 2077 1611 2109 ¹spernen-

907 2125 946 2165 ti,
969 2132 1140 2166 unamque
1169 2122 1329 2152 virtutem
1350 2124 1388 2151 et
1411 2119 1611 2160 sapientiam

907 2174 1090 2206 aestimauti
1105 2183 1116 2212 3
1147 2180 1339 2213 quanquam
1370 2169 1476 2201 barba
1511 2175 1609 2201 tenus

906 2224 1052 2266 sapienti
1069 2228 1105 2255 et
1124 2221 1336 2264 philosopho.

950 2277 992 2306 18
1029 2274 1200 2314 Postquam
1227 2271 1327 2303 omnis
1355 2281 1406 2304 res
1431 2282 1510 2311 mea,
1541 2268 1611 2309 Era]

907 2325 1136 2366 Posteaquam
1164 2321 1306 2361 foenore,
1334 2322 1497 2357 versuris,
1523 2329 1609 2351 mer-

908 2375 1049 2415 caturis,
1064 2374 1176 2406 omnia
1190 2373 1278 2404 bona
1293 2371 1483 2413 disperdidi
1497 2381 1505 2408 ;
1525 2371 1610 2400 anti-

904 2434 988 2467 quas
1003 2424 1165 2466 imagines
1189 2428 1225 2455 et
1251 2426 1394 2460 statuas,
1415 2420 1512 2450 villas
1526 2419 1608 2450 item

905 2479 942 2507 et
954 2475 1046 2507 aedes
1058 2474 1216 2515 egregias
1229 2470 1375 2503 emendo
1384 2469 1609 2501 venditando-

905 2535 972 2567 que
985 2536 996 2565 ;
1010 2524 1094 2556 nihil
1103 2524 1176 2564 jam
1190 2521 1319 2553 habens
1339 2529 1401 2560 pro
1418 2528 1472 2550 me
1488 2526 1609 2560 gerere

905 2575 1046 2616 negotii,
1077 2583 1131 2604 res
1157 2572 1283 2602 alienas
1309 2569 1472 2608 deinceps
1503 2578 1606 2600 curo:

906 2625 955 2657 sic
971 2624 1053 2655 mihi
1069 2627 1150 2654 nota
1171 2625 1251 2652 sunt
1272 2628 1348 2661 quae
1375 2618 1416 2650 ad
1445 2623 1478 2649 te
1501 2619 1608 2660 perti·

907 2679 1069 2755 ”egitham
1079 2722 1132 2753 Ad
1147 2718 1298 2759 medium]
1314 2717 1368 2749 Ad
1381 2716 1526 2749 medium
1540 2718 1607 2749 Ro-

908 2785 973 2807 mae
1003 2773 1127 2813 sorum,
1165 2771 1320 2802 nimirum
1354 2768 1432 2800 hine
1461 2773 1496 2799 et
1527 2769 1606 2800 iude

907 2824 988 2858 Jani
1002 2824 1131 2865 duplex
1145 2826 1220 2853 erat
1237 2819 1387 2862 effigiest
1405 2819 1537 2851 medius
1550 2830 1607 2851 au·
