1930 3242
602 279 878 312 ssnmouum
911 281 1006 312 ms.
1041 280 1093 311 11.
1121 269 1165 311 2.

1530 269 1615 311 939

166 373 282 424 Quae
304 374 496 428 simplex
516 374 620 415 olim
641 374 723 415 tibi
744 373 905 416 sederit
922 387 933 415 τ
963 377 1010 415 at
1030 373 1161 415 simul
1178 372 1293 414 assis

165 440 401 483 Miscueris
419 441 554 490 elixa,
572 441 702 481 simul
720 441 950 495 conchylia
969 440 1136 492 turdis;

165 507 330 549 Dulcia
350 520 399 548 se
417 508 463 548 in
483 507 617 548 bilem
638 512 820 556 vertent,
839 507 1160 560 stomachoque
1180 504 1408 547 tumultum

683 572 841 622 Vides,
861 578 911 614 ut
929 573 1123 627 pallidus
1141 571 1285 614 omnis

165 573 307 614 Lenta
327 574 438 614 feret
454 572 624 626 pituita.

1560 505 1617 545 75

166 639 306 681 Coena
322 638 530 692 desurgat
546 639 682 680 dubia
694 641 713 680 ‘i
775 639 894 690 Quin
914 653 1077 694 corpus
1098 643 1308 682 onustum

168 779 237 819 qius
247 790 336 821 acc,
345 791 413 822 φη
423 791 484 813 una
499 782 559 813 tibi
573 782 736 823 aliquando
751 780 928 813 constiterit
939 791 950 811 .-
975 789 1082 811 verum
1097 780 1126 811 si
1142 779 1303 810 miscueris
1316 778 1400 810 elixa
1414 787 1482 808 cum
1495 776 1620 814 assutis,

165 827 196 854 ee
211 823 367 864 conchylia
381 834 451 855 cnm
466 825 568 855 turdis
574 835 587 861 ‚·
609 825 712 856 dulcia
727 823 889 855 mutabunt
903 832 936 854 se
948 822 982 853 in
997 822 1099 861 bilem,
1112 825 1204 862 utque
1215 822 1298 852 iners
1306 821 1421 860 pituita
1431 819 1620 851 stomachum

163 865 368 904 perturbabit.
395 865 450 898 An
464 867 580 908 aspicis
593 867 845 907 quemadmodum
859 865 988 906 quisque
999 865 1118 904 pallens
1131 867 1244 903 surgat
1258 873 1274 895 e
1289 863 1430 895 convivio
1443 859 1621 893 sumtuosa?

775 957 896 970 eeeeee

898 956 1019 969 eeeeee

165 1022 248 1054 Vet.
265 1022 383 1055 Comb.
405 1034 461 1056 nec
473 1025 565 1057 sicut.
610 1025 739 1057 Venet.
756 1024 920 1057 Glarean.
936 1023 1054 1056 Bentl.
1069 1024 1113 1055 al.
1139 1033 1193 1055 nec
1208 1023 1254 1054 sic
1268 1025 1401 1054 ich-⁷7
1426 1021 1517 1054 Han.
1537 1023 1566 1052 1.
1588 1029 1626 1051 ne

823 1128 967 1162 NOTAE

211 1205 253 1234 ‘13
278 1202 349 1235 Tibi
363 1203 492 1244 sederit]
509 1204 690 1237 Quieverit
703 1207 869 1236 concocta

167 1251 298 1292 absque
325 1253 395 1284 ullo
419 1253 600 1285 ventriculi
623 1258 682 1285 aut
706 1253 869 1284 stomachi

168 1302 430 1342 perturbatione
443 1311 483 1334 ac
495 1303 654 1334 tumultu.
665 1303 769 1334 Teste
782 1303 866 1343 Hip—

170 1355 325 1391 pocrate,
349 1351 416 1382 cibi
452 1350 631 1382 dissimiles
657 1352 802 1383 invicem
833 1362 868 1383 se

168 1405 389 1441 corrumpunt
404 1404 440 1432 et
461 1401 664 1432 seditionem
680 1401 871 1439 concitant,

170 1451 213 1483 τὰ
232 1450 294 1494 γὰρ
313 1449 442 1489 ἀνόμοια
464 1449 637 1489 στασιάζει.
691 1450 871 1482 Plutarch.

169 1501 326 1541 Sympos.
356 1502 389 1532 4.
412 1500 594 1532 ‘Ciborum
619 1500 722 1541 copia
752 1500 873 1532 turbat

169 1556 205 1582 et
220 1550 432 1592 corrumpit!
453 1551 573 1583 Senec.
586 1551 697 1592 Epist.
708 1559 751 1582 ιι.
765 1551 775 1568 ⁴
790 1551 873 1582 Fas-

167 1600 326 1632 tidientis
348 1605 402 1632 est
428 1600 593 1632 stomachi
617 1600 726 1631 multa
748 1599 872 1640 degus-

169 1653 260 1689 tare,
283 1659 360 1691 quoe
385 1650 436 1681 uti
457 1650 552 1680 varia
568 1653 648 1681 sunt
670 1654 706 1681 et
721 1649 870 1687 diversa,

169 1699 375 1739 nou-alunt,
398 1699 458 1730 sed
486 1699 681 1740 inquietant
706 1703 742 1731 et
762 1699 876 1742 inqui-

167 1747 278 1780 nant!
312 1748 401 1780 Vide
417 1749 634 1780 Macrobium
650 1749 787 1781 Saturn.
804 1758 872 1782 vn.

168 1800 200 1830 4.
216 1802 253 1829 et
267 1801 300 1829 ⁵·
314 1797 376 1829 hac
388 1795 432 1829 de
446 1807 480 1830 re
498 1798 651 1839 pluribus
667 1803 703 1830 et
719 1800 873 1830 luculen-

169 1852 224 1879 ter
239 1846 462 1879 disserentem
478 1858 487 1879 τ
510 1849 520 1866 ‘
537 1849 603 1881 Qui
619 1849 809 1889 simplicem
826 1850 873 1880 ci-

170 1896 252 1928 bum
267 1897 370 1928 sumit
383 1896 486 1928 facile
502 1906 569 1938 quo
585 1907 689 1929 succo
711 1898 783 1939 ejus
800 1907 871 1929 cor-

172 1955 234 1987 pus
249 1947 303 1978 vel
312 1947 454 1987 juvetur
474 1947 528 1978 vel
554 1951 716 1987 gravetur
737 1957 799 1978 usu
814 1947 875 1979 do·

175 2001 277 2027 ceute
292 1997 506 2037 cognoscin.
516 2019 525 2028 .
535 2019 543 2028 .
556 2003 592 2028 et
608 1997 657 2029 ita
669 1997 708 2028 fit
720 2002 757 2030 ut
772 2007 876 2038 noxa,

175 2045 274 2086 cujus
293 2055 397 2078 causa
412 2047 624 2087 deprehensa
638 2048 696 2087 sit,
707 2047 810 2079 facile
826 2048 874 2078 vi-

175 2098 280 2127 tetur.
315 2095 384 2127 Qui
399 2100 512 2127 autem
526 2097 706 2136 multiplici
722 2096 802 2127 cibo
817 2096 875 2126 ali-

176 2148 245 2183 tur,
256 2143 408 2176 diversas
425 2145 554 2185 patitur
570 2145 752 2186 qualitates
769 2154 812 2175 ex
827 2144 876 2175 di-

176 2193 343 2224 versitate
365 2203 563 2225 succorum:
587 2203 651 2225 nec
667 2193 878 2226 concordant

173 2243 332 2275 humores
342 2253 384 2275 ex
396 2244 548 2277 materiae
560 2244 728 2276 varietate
737 2253 878 2275 nascen-

174 2297 241 2332 tes,
262 2302 327 2324 nec
353 2291 504 2325 efficiunt
526 2293 690 2335 liquidnm
712 2301 878 2334 purumve

175 2342 388 2383 sanguinem,
404 2342 436 2373 iu
455 2352 553 2384 quem
571 2344 703 2383 jecoris
726 2343 879 2374 ministe-

174 2391 226 2424 rio
253 2396 455 2432 vertuntur3
481 2396 518 2424 et
540 2393 574 2424 iu
599 2402 703 2424 venas
729 2402 804 2424 cum
827 2397 879 2423 tu-

175 2441 284 2473 multu
311 2451 372 2474 suo
395 2446 586 2474 transeunt.
631 2443 723 2473 Hinc
743 2442 878 2474 morbo-

178 2499 251 2521 rum
267 2491 452 2531 scaturigo,
469 2493 526 2532 qui
546 2502 589 2524 ex
611 2491 878 2532 repugnantium

179 2538 243 2570 sihi
257 2539 433 2571 humorum
449 2540 644 2578 discordia:
660 2544 724 2573 &c.

221 2590 265 2619 ¹14
289 2588 475 2630 Conchylia]
487 2590 606 2623 Pisces
619 2591 756 2623 conchis
772 2591 880 2622 inclu-

180 2646 250 2676 sos,
274 2640 402 2678 ostrea,
425 2640 492 2670 διο.
537 2640 609 2672 Cic.
633 2641 667 2672 iu
695 2641 880 2672 Pisonem:

183 2689 194 2706 ‘
210 2687 335 2719 Mensa
349 2691 525 2720 exstructa
539 2699 605 2722 nou
621 2691 806 2732 conchyliis
823 2695 881 2722 aut

182 2736 348 2779 piscibus,
383 2737 443 2768 sed
479 2740 588 2771 multa
617 2732 745 2773 came?
789 2741 880 2773 Plin.

182 2795 264 2819 viu.
279 2788 333 2819 57.
352 2786 361 2804 ‘
373 2786 568 2821 Censorium
583 2789 692 2832 leges,
703 2790 882 2834 princeps-

922 1212 989 1245 que
1012 1203 1061 1235 M.
1083 1203 1230 1235 Scaurus
1252 1203 1285 1234 iu
1309 1202 1498 1239 consulatu,
1523 1200 1628 1233 coenis

921 1253 1080 1285 ademere
1108 1253 1301 1295 conchylia,
1325 1258 1360 1285 et
1388 1262 1431 1284 ex
1455 1252 1522 1283 aiio
1545 1251 1628 1283 orbe

922 1307 1105 1335 convectas
1119 1302 1221 1335 aves.'
1244 1303 1329 1334 Coel.
1341 1301 1486 1342 Rhodig.
1502 1309 1628 1332 xxvn.

924 1355 978 1384 23.
1011 1363 1051 1383 ex
1084 1353 1254 1384 Phalereo
1285 1351 1476 1390 Demetrio,
1504 1355 1541 1381 et
1570 1350 1631 1381 So·

922 1402 1053 1443 phroue
1067 1402 1321 1442 mimographo;
1335 1402 1344 1418 ‘
1358 1399 1567 1440 Conchylia,'
1579 1400 1629 1430 in-

923 1451 1010 1491 quit,
1025 1452 1035 1468 ‘
1047 1451 1136 1490 gulae
1161 1450 1360 1491 proceribus
1373 1449 1458 1479 adeo
1472 1448 1631 1489 probata,

923 1504 962 1531 ut
991 1500 1045 1530 vel
1072 1499 1151 1530 inde
1175 1499 1219 1530 sit
1242 1498 1491 1530 conformatum
1514 1496 1630 1537 adagi-

924 1559 979 1581 um
993 1549 1016 1581 :’
1037 1559 1112 1581 esse
1128 1549 1309 1590 conchylia
1335 1547 1510 1579 viduarum
1527 1556 1630 1588 cupe-

924 1598 1011 1630 dias.

971 1648 1102 1690 Turdis]
1131 1648 1222 1680 Gau.
1245 1648 1365 1687 gn'ves.
1410 1647 1462 1678 De
1484 1647 1536 1677 his
1556 1647 1630 1687 jam

925 1708 951 1730 1.
966 1699 1039 1729 Sat.
1052 1702 1084 1729 5.
1102 1703 1137 1729 et
1154 1702 1276 1738 postea
1290 1706 1315 1728 ι.
1333 1696 1445 1737 Epist.
1460 1699 1513 1728 15.
1529 1696 1538 1713 ‘
1552 1696 1632 1727 obe-

926 1757 962 1779 so
976 1747 1036 1779 Nil
1052 1747 1169 1778 melius
1183 1746 1310 1778 turdo.'
1354 1745 1446 1777 Vide
1462 1746 1509 1777 ibi
1525 1747 1609 1778 Not.

969 1800 1011 1828 75
1036 1797 1155 1828 Dulcia
1169 1806 1201 1827 se
1216 1796 1251 1826 in
1266 1796 1355 1827 bilem
1375 1796 1512 1837 vertent]
1546 1796 1632 1829 Quae

928 1847 1062 1879 scilicet
1090 1856 1157 1877 non
1193 1846 1280 1877 bene
1311 1850 1413 1877 cocta
1441 1844 1570 1876 fuerint
1599 1846 1633 1876 in

928 1897 1134 1934 ventriculo,
1163 1895 1310 1926 maxime
1346 1904 1427 1925 vero
1457 1894 1572 1926 dulcia
1599 1894 1633 1925 in

929 1946 1031 1977 bilem
1044 1954 1245 1986 amarusque
1257 1944 1413 1975 humores
1430 1948 1634 1975 convertun-

929 2001 996 2028 tur.

972 2045 1196 2085 Stomachoque
1207 2044 1372 2075 tumultum
1382 2043 1485 2074 Lenta
1491 2043 1577 2082 seret
1586 2044 1635 2083 pi-

929 2095 1028 2135 tuita]
1065 2094 1199 2126 Pituita
1228 2093 1385 2125 humidus
1419 2102 1459 2124 ac
1489 2092 1635 2134 frigidus

929 2145 1050 2176 humor
1075 2155 1095 2176 a
1115 2145 1259 2177 cerebro
1281 2142 1437 2175 defluens
1457 2144 1489 2175 in
1512 2150 1636 2175 stoma-

932 2195 1044 2231 chum,
1061 2195 1175 2236 ibique
1191 2193 1368 2226 offendens
1380 2194 1568 2225 excitatam
1585 2193 1633 2225 bi-

932 2244 998 2276 lem
1012 2245 1158 2276 calidam
1175 2248 1211 2275 et
1226 2243 1362 2283 siccam,
1385 2243 1502 2275 turbas
1518 2245 1642 2285 ingen-

932 2298 984 2326 tes
1013 2304 1053 2326 ac
1079 2294 1244 2326 tumultus
1267 2294 1431 2326 movebit.
1478 2293 1638 2325 Macrob.

932 2348 1013 2375 ante
1029 2344 1090 2376 cit.
1111 2343 1306 2375 ‘Humores
1335 2348 1570 2384 repugnantes
1596 2353 1636 2374 ac

932 2393 1108 2425 discordes
1124 2403 1191 2425 non
1209 2403 1331 2434 purum
1356 2392 1487 2424 faciunt
1502 2391 1637 2431 sangui-

933 2453 1022 2484 nem,
1053 2448 1088 2475 et
1110 2444 1145 2475 in
1170 2452 1274 2474 venas
1299 2451 1377 2473 cum
1402 2441 1552 2472 tumultu
1576 2448 1638 2471 suo

934 2492 1136 2525 transeunt!

976 2545 1020 2574 76
1043 2541 1191 2573 Pallidus
1218 2539 1329 2577 omnis,
1361 2537 1434 2577 sa]
1470 2537 1638 2578 Decolor,

934 2593 1022 2624 male
1045 2591 1185 2626 habens,
1202 2589 1280 2620 dum
1298 2596 1392 2627 aegre
1415 2586 1575 2628 coquitur
1592 2588 1639 2619 ci-

934 2642 996 2674 bus
1017 2639 1201 2680 multiplex
1218 2643 1254 2669 et
1269 2637 1405 2674 varius3
1422 2636 1477 2676 qui
1492 2636 1638 2668 calorem

934 2691 1122 2724 naturalem
1153 2691 1274 2729 gravat
1308 2685 1563 2717 imbecilliorem
1601 2691 1638 2718 et

935 2740 1128 2781 extinguit:
1153 2742 1257 2777 atque
1273 2736 1350 2766 hinc
1365 2735 1485 2776 pallor.

980 2792 1021 2822 77
1048 2788 1143 2820 Coena
1158 2785 1269 2828 dubia]
1287 2785 1482 2827 Sumtuosa,
1499 2788 1566 2816 tam
1583 2793 1640 2817 cu-
