1904 3256
438 297 703 328 EXCURSUS
735 297 804 331 AD,
837 296 1110 328 CARMINUM
1145 295 1238 325 LIB.
1272 295 1335 325 lV.

1513 283 1599 325 639

437 389 707 443 Trojamque
729 394 772 431 et
788 388 1011 430 Anchisen
1031 394 1077 430 et
1094 387 1240 430 Almae

491 456 754 509 Progeniem
774 455 960 497 Veneris
980 468 1196 496 canemus.

154 556 289 596 mojam,
300 557 331 587 et
342 553 510 594 Anchisen,
523 553 712 593 sobolemque
723 553 871 592 jucundae
887 552 1027 586 Veneris.

754 637 812 650 000
817 637 997 650 oeteo-⁷000

149 694 275 726 inmixto
291 693 385 734 Lips.
398 695 430 724 4.
463 692 599 724 remixto
619 691 654 722 in
677 691 900 724 ceteris.—32
923 691 1018 732 Lips.
1032 694 1062 722 1.
1086 699 1106 722 a
1122 700 1166 723 m.
1183 699 1236 732 pr.
1260 690 1450 730 Progeniem
1471 691 1602 725 Veneri·

805 775 948 807 NOTAE

151 841 308 874 rioribus.
340 839 429 872 Nam
457 838 616 871 tibiarum
641 839 732 871 modi
748 840 852 880 varii;
905 848 971 874 um,
988 837 1045 869 lib.
1063 846 1131 869 xn.

150 745 306 768 cumm-

153 890 279 924 Dorius
326 889 466 930 gravis3
505 889 643 920 Ionicus
687 888 850 928 flori'dus;

151 940 322 983 Phrygius
344 939 543 981 religiosus:
569 945 606 971 at
622 940 751 980 Lydius
765 941 850 971 mol-

150 991 192 1023 lis
206 994 244 1022 et
258 989 380 1021 suavis.
410 988 506 1019 Sicut
521 987 608 1030 Lydi
629 988 722 1019 Asiae
737 988 848 1019 Mino-

151 1039 198 1070 ris
210 1037 327 1080 populi
339 1036 480 1068 Ionibus
495 1036 760 1078 Phrygibusque
777 1036 849 1068 affi-

150 1097 212 1120 nes
246 1096 286 1119 ac
321 1086 438 1125 medii,
467 1087 555 1119 male
588 1096 724 1128 semper
754 1087 848 1118 andi-

151 1141 265 1173 erunt,
287 1137 381 1168 velut
402 1135 612 1177 effoeminati,
633 1143 668 1168 et
690 1138 851 1178 cupedia-

152 1196 239 1226 mm,
253 1186 481 1227 voluptatum,
494 1185 763 1228 deliciarumque
779 1196 852 1218 sec-

154 1241 296 1267 tatores.
341 1234 508 1266 Proverb.
556 1240 564 1252 ¹
589 1235 698 1275 Lydio
734 1236 853 1273 more‚’

155 1285 245 1327 apud
261 1283 490 1325 Herodotum,
515 1284 667 1325 suidam,
690 1284 852 1317 Athenae-

945 890 984 919 31
1011 887 1136 927 Trojam
1159 891 1191 919 et
1214 887 1384 925 Anchisen,
1399 890 1470 930 ssa]
1492 889 1603 923 Cane-

902 948 976 970 mus
1000 939 1148 979 Trojam,
1179 937 1363 978 Anchisen,
1391 939 1602 982 AEneamque

901 989 972 1027 ejus
988 993 1023 1019 et
1038 987 1182 1019 Veneris
1195 987 1314 1028 filium,
1326 993 1504 1030 totamque
1519 999 1601 1030 gen-

901 1042 969 1070 tem
985 1038 1110 1071 Juliam
1130 1038 1209 1069 inde
1235 1043 1357 1074 ortam,
1380 1038 1507 1070 Julium
1524 1040 1601 1071 Cae-

901 1098 1024 1125 sarem,
1040 1088 1235 1128 Augustum
1249 1089 1282 1119 in
1299 1088 1427 1120 Juliam
1442 1089 1603 1121 familiam

904 1139 1059 1174 ascitum,
1079 1138 1263 1174 Tiberium,
1280 1138 1443 1170 Drusum.
1467 1139 1608 1172 Luci-et.

905 1187 915 1205 ‘
932 1187 1117 1219 AEneadum
1152 1187 1311 1227 genitrix,
1340 1187 1512 1219 hominum
1541 1189 1602 1221 Di·

906 1246 1050 1279 vumque
1068 1237 1235 1278 voluptas,
1251 1236 1354 1268 Alma
1368 1237 1507 1271 Venus?

593 1589 1192 1651 EXCURSUS·

390 1724 502 1773 AD
556 1723 1010 1774 CARMINUM
1064 1726 1219 1774 LIB.

1276 1726 1369 1775 lv.

710 1913 1053 1956 EXCURSUS

629 2001 696 2033 AD
720 2001 783 2032 1v.
823 2001 905 2032 OD.
928 2003 960 2032 4.
995 2002 1134 2032 19—22.

157 2055 311 2113 Itanum
325 2080 486 2113 habemus
503 2085 650 2122 quatuor
664 2089 794 2119 νει-ωε,
810 2089 894 2120 quos
910 2089 952 2111 ex
970 2079 1106 2111 Horatii
1122 2079 1257 2120 ingenio
1273 2078 1452 2120 provenire
1467 2088 1534 2110 nou
1551 2088 1609 2120 po-

158 2133 277 2173 tuisse,
287 2131 391 2165 facile
404 2133 585 2174 percipiat,
597 2133 651 2164 cui
664 2142 730 2164 non
740 2133 750 2150 ‘
761 2131 905 2172 frigidus
917 2133 1091 2165 obstiterit
1100 2132 1433 2175 circ11m1praecordia
1448 2131 1611 2172 sanguis!

157 2185 226 2218 Sed
241 2185 304 2218 hoc
319 2186 510 2217 accuratius
520 2186 593 2226 jani
607 2185 850 2218 declarandum
865 2190 930 2227 est,
947 2195 1023 2217 cum
1038 2191 1198 2227 respectu
1209 2185 1252 2218 ad
1266 2186 1359 2226 leges
1371 2186 1445 2217 illas
1458 2185 1611 2224 criticas,

158 2247 240 2280 quas
256 2237 299 2270 ad
315 2247 372 2270 111.
389 2241 442 2271 17.
456 2242 525 2271 2-5.
539 2239 574 2270 in
590 2239 745 2271 Excursu
762 2248 803 2270 11.
819 2239 986 2271 dedimus.

199 2289 500 2323 Annumerandum
512 2300 586 2322 esse
600 2290 664 2325 hoc
680 2300 816 2322 carmen
832 2291 866 2322 in
882 2291 1101 2323 nobilissimis
1117 2296 1152 2324 et
1167 2291 1462 2323 excellentissimis
1478 2290 1612 2323 Horatii

157 2343 331 2385 operibus,
358 2344 498 2386 ipsoque
525 2344 642 2376 statim
668 2344 811 2375 exordio
842 2344 924 2375 nihil
950 2344 1219 2386 magnificentius
1249 2355 1290 2376 ac
1315 2344 1510 2385 pomposius
1536 2352 1612 2374 esse

159 2405 270 2437 posse,
283 2396 368 2427 etin
383 2395 597 2437 Argumenta
612 2396 770 2436 diximus,
784 2401 821 2428 et
836 2407 915 2428 suus
931 2407 1099 2439 quemque
1114 2407 1230 2429 sensus
1245 2397 1371 2428 docere
1387 2401 1510 2437 potest.
1533 2395 1611 2427 Jam

158 2452 334 2490 postquam
363 2448 407 2480 ab
429 2448 539 2490 initio,
563 2449 655 2481 lecto
680 2453 750 2480 tam
771 2448 908 2480 sublimi
934 2450 1180 2492 splendidoque
1208 2450 1363 2488 exordio,
1388 2448 1518 2485 eodem,
1545 2455 1612 2487 quo

160 2501 316 2533 incensus
331 2500 398 2534 fuit
413 2501 536 2542 Poeta,
554 2501 674 2534 ardore
697 2501 878 2542 incaluisti,
900 2502 1014 2534 subito
1038 2508 1142 2544 atque
1166 2512 1210 2534 ox
1231 2501 1416 2543 improviso
1441 2498 1562 2531 incidis
1577 2498 1612 2530 in

162 2552 265 2586 verba
276 2564 285 2587 z

1009 2595 1132 2636 quibus

624 2649 702 2681 Mos
719 2648 808 2680 unde
824 2647 992 2679 deductus
1008 2657 1071 2688 per
1085 2655 1184 2678 omne

755 2703 902 2742 Tempus
917 2701 1101 2732 Amazonia
1119 2701 1230 2733 securi

500 2756 651 2788 Dextras
667 2755 832 2796 obarmet‚
846 2764 999 2796 quaerere
1015 2754 1152 2786 distuli:

504 2808 580 2840 Nec
596 2809 682 2841 scire
697 2807 748 2841 fas
763 2813 818 2841 est
832 2809 966 2840 omnia:
