1930 3242
377 287 460 328 930
839 302 882 337 Q.
915 300 1117 330 uonA'ru
1153 299 1323 330 rnAccr

377 389 474 430 Nec
494 402 657 438 scarus,
681 393 755 429 aut
774 391 933 440 poterit
953 390 1174 441 peregrina
1186 391 1338 443 juvare
1356 393 1506 446 lagois.

378 454 468 495 Vix
488 459 628 496 tamen
649 454 842 505 eripiam,
859 454 1002 505 posito
1024 467 1204 507 pavone,
1227 457 1333 497 velis
1351 459 1455 510 quin

376 519 479 559 Hoc
499 519 657 571 potiuS,
680 529 808 568 quam
829 518 999 568 gallina,
1023 524 1183 571 tergere
1203 522 1409 574 palatum,

376 583 613 634 Corruptus
634 582 757 622 vanis
776 595 943 634 rerum3
975 585 1076 636 quia
1099 591 1247 627 veneat
1267 601 1370 627 auro

375 648 496 689 Rara
515 646 623 694 avis,
645 651 688 685 et
707 646 829 698 picta
846 649 1011 699 pandat
1030 651 1274 702 spectacula
1290 653 1453 694 cauda:

372 713 595 763 Tanquam
614 710 669 749 ad
690 723 778 750 rem
798 713 978 754 attineat
998 714 1242 767 quicquam.
1303 716 1418 757 Num
1440 717 1629 758 vesceris
1647 718 1748 769 ista,

1730 590 1787 631 25

368 843 515 882 pallidum
529 852 586 872 non
603 842 792 873 delectabunt
809 846 908 873 ostrea
922 843 969 873 vel
982 852 1098 882 scara-3,
1112 844 1159 874 vel
1173 845 1269 883 lagois
1280 848 1416 876 externa.
1445 845 1589 876 Attamen
1603 844 1658 874 vix
1671 842 1787 874 obtine-

372 885 419 920 bo,
434 885 461 914 si
475 893 550 923 paco
564 887 746 923 apponatur,
761 887 794 914 ut
809 893 869 914 mm
884 884 937 914 hoc
951 885 1095 914 libentius
1110 895 1199 924 quam
1211 886 1326 924 gallina
1336 886 1456 923 fricare
1473 887 1610 925 palatum
1623 884 1707 922 velis,
1727 883 1786 914 sci-

373 925 443 955 licet
457 935 535 955 vana
549 933 652 955 rerum
666 926 762 964 specie
777 927 919 961 delusum
941 935 974 955 eo
989 927 1065 965 quod
1079 927 1144 956 avis
1159 936 1230 957 rara
1244 929 1392 958 vendatur
1404 928 1472 958 auri
1492 927 1601 966 pretio,
1616 929 1646 957 et
1667 927 1786 964 specta-

371 967 471 997 culum
485 966 616 1005 praebeat
631 968 726 997 cauda
739 966 838 1006 picta.-
855 968 943 1006 quasi
957 968 995 997 ad
1010 976 1072 997 rem
1087 966 1202 1006 aliquid
1215 968 1330 1005 saciat.
1363 968 1415 999 An
1431 969 1563 999 comedes
1576 977 1641 999 eam
1653 967 1786 1006 plumam

962 1067 1194 1080 eeeeeeeeeeee

371 1145 489 1173 6.-22
514 1141 566 1173 Ad
588 1142 674 1172 hunc
697 1152 745 1173 vs.
762 1141 1009 1173 Wakefieldus:
1032 1142 1041 1159 ⁴
1060 1143 1150 1180 Lege
1172 1142 1238 1174 Aut
1260 1152 1383 1174 scarus.-
1405 1152 1571 1183 nunquam
1595 1142 1787 1173 coalescunt

369 1183 411 1214 ad
432 1183 529 1214 finem
547 1193 661 1214 versus
677 1183 751 1214 duae
769 1184 925 1223 syllabae3
944 1193 1010 1214 una
1025 1193 1156 1224 semper
1170 1184 1317 1219 eliditur,
1332 1189 1369 1215 ut
1384 1185 1417 1215 in
1434 1185 1495 1215 hoc
1510 1192 1620 1222 versu,
1635 1183 1787 1223 proximo

369 1234 389 1255 a
413 1225 519 1256 vocali
544 1225 749 1265 incipiente;
774 1235 872 1264 quam
905 1225 1085 1255 lectionem
1111 1226 1138 1256 si
1162 1226 1279 1256 lectori
1305 1231 1426 1257 nasuto
1454 1226 1679 1265 exemplorum
1707 1232 1786 1255 con-

371 1267 463 1305 gerie
491 1267 633 1306 probare
666 1266 881 1306 aggrederer,
906 1266 972 1296 cito
1006 1265 1174 1298 fastidium
1203 1266 1394 1298 moverem.'
1445 1267 1512 1298 Sed
1534 1269 1632 1297 ostrea
1660 1264 1786 1306 dissyll.

369 1312 433 1347 est,
454 1312 490 1338 ut
511 1308 520 1324 ⁴
534 1307 650 1338 cerea'
679 1317 779 1347 supra
809 1317 833 1338 1.
865 1308 933 1338 Sat.
958 1309 988 1337 8.
1011 1310 1146 1338 ain—23
1174 1308 1237 1340 Vix
1258 1310 1379 1339 tandem
1402 1308 1531 1348 eripiam
1554 1307 1620 1338 duo
1643 1306 1786 1337 Blandd.

370 1348 507 1388 Cruquii
538 1358 611 1379 cum
641 1353 720 1379 nota
751 1348 1018 1386 interrogationis
1045 1349 1151 1388 posita
1185 1355 1261 1389 post
1295 1359 1340 1380 vs.
1364 1352 1416 1380 26.
1451 1349 1534 1389 picta
1563 1349 1680 1387 pandat
1703 1354 1785 1387 spec*-

369 1390 471 1419 tacula
495 1391 692 1420 eandm—25
719 1389 812 1419 Unus
846 1389 942 1419 Harl.
972 1389 1059 1419 rebus
1093 1390 1192 1425 vanis,
1229 1390 1527 1430 interpretamento
1553 1389 1785 1420 Gruterum.—

369 1432 410 1460 26
444 1431 530 1460 Dan.
560 1430 717 1460 Heinsius
748 1431 788 1459 ad
817 1429 934 1460 Claud.
967 1430 1095 1470 Paneg.
1126 1431 1158 1460 in
1191 1431 1294 1461 Prob.
1325 1436 1362 1462 et
1390 1431 1493 1470 Olyb.
1527 1431 1626 1461 Cons.
1651 1431 1726 1461 2⁴8.
1749 1433 1786 1459 et

368 1479 409 1503 11.
440 1472 539 1502 Cons.
566 1471 695 1502 Stilich.
725 1473 798 1502 204.
830 1471 911 1510 legit
938 1472 1143 1510 punctim—2⁷
1175 1471 1265 1503 Han.
1289 1475 1320 1502 1.
1341 1473 1380 1503 ad
1404 1480 1467 1503 rem
1490 1471 1639 1510 attingat.
1690 1469 1785 1501 Unus

1008 1573 1143 1604 NOTAE

368 1654 428 1676 nos
444 1649 537 1685 patet
550 1655 591 1676 ex
606 1645 770 1676 Varrone.
803 1644 956 1677 Juvenal.
976 1645 1048 1676 Sat.

368 1703 416 1725 rv.
433 1696 504 1725 140.
521 1699 556 1725 et
577 1703 648 1734 seq.
697 1694 781 1724 Item
805 1694 876 1724 Sat.
899 1702 977 1725 vni.
996 1697 1048 1724 85.

367 1744 456 1775 ΡΙίη.
473 1752 590 1775 xxxn.
606 1746 634 1775 6.
654 1743 743 1775 Gen.
763 1752 827 1774 vn.
841 1746 892 1773 16.

409 1797 450 1824 22
479 1793 607 1832 Scarus]
643 1793 732 1826 Gan.
758 1793 894 1830 Surget:
918 1793 960 1823 de
988 1792 1049 1823 hoc

367 1842 462 1881 pisce
477 1842 656 1880 exquisito,
674 1841 778 1879 Epod.
800 1850 840 1871 11.
856 1843 908 1870 50.
925 1841 1008 1871 Not.

410 1889 582 1928 Peregrina
604 1889 716 1928 lagois]
738 1889 767 1918 E
793 1887 979 1927 longinquis
999 1897 1050 1918 re-

367 1938 519 1979 gionibus
535 1937 674 1967 advecta
691 1937 772 1974 avis,
798 1935 891 1975 cujus
908 1945 986 1965 caro
1009 1936 1051 1966 si-

365 1988 454 2018 milis
470 1988 650 2028 leporinae:
675 1987 763 2030 unde
789 1996 918 2018 nomen.
964 1988 1049 2018 Nam

367 2035 497 2067 Graecis
523 2036 628 2073 λαγὼς
655 2040 795 2066 vocatur
823 2037 917 2075 lepus.
961 2037 1048 2066 Plin.

367 2093 444 2114 vm.
460 2086 512 2114 57.
530 2087 537 2099 ‘
551 2083 741 2116 Censorinae
754 2084 846 2123 leges
858 2084 961 2114 coenis
973 2084 1052 2115 ade-

366 2141 458 2162 mere
475 2131 661 2172 conchylia,
680 2135 715 2163 et
736 2140 777 2162 ex
800 2132 864 2162 alio
879 2132 959 2162 orbe
975 2141 1052 2162 con-

366 2184 482 2211 vectas
520 2179 618 2211 aves!
662 2180 793 2211 Piscem
831 2190 903 2212 esse
940 2181 1050 2220 lagoin

366 2237 542 2269 perperam
570 2229 713 2260 credunt
741 2228 900 2260 nonnulli.
944 2229 1051 2269 Siqui-

367 2277 442 2308 dem
469 2287 509 2309 εκ
536 2277 626 2308 Plin.
650 2286 771 2310 xxxn.
790 2281 820 2308 1.
846 2279 941 2318 lepus
956 2277 1051 2308 mari-

366 2334 429 2356 nus
450 2325 636 2356 ‘venenum
661 2331 713 2356 est
736 2326 769 2356 in
795 2326 869 2356 cibo
893 2326 945 2357 vel
969 2330 1051 2366 potu

367 2373 478 2413 datus,
501 2379 600 2414 atque
629 2374 729 2404 etiam
760 2373 868 2412 visus,'
891 2375 955 2405 διο.
999 2375 1049 2406 Εο

367 2423 539 2454 extinctus
555 2427 606 2454 est
619 2423 712 2454 Titus
736 2423 925 2463 Imperator
947 2432 966 2454 a
981 2423 1049 2454 Do-

366 2471 506 2502 mitiano
534 2470 653 2511 fratre,
679 2476 833 2502 consorte
859 2470 989 2511 impe'rii
1013 2478 1050 2502 et

366 2530 573 2559 successore3
588 2527 624 2551 ut
638 2521 770 2562 quidam
786 2521 949 2552 scribunt.
977 2520 1049 2552 Isto

367 2570 465 2601 etiam
481 2579 603 2610 genere
626 2569 741 2600 veneni
765 2579 859 2600 usum
875 2569 1049 2610 aliquando

366 2619 534 2650 Neronem
551 2618 727 2650 affirmant.
756 2618 844 2650 Vide
861 2618 945 2651 coel.
961 2617 1049 2649 Rho-

368 2665 434 2702 dig.
450 2675 550 2697 xxvr.
566 2669 618 2696 30.

407 2717 447 2744 23
477 2714 539 2745 Vix
554 2719 653 2745 tamen
679 2715 819 2754 eripiam,
837 2714 903 2754 Era]
927 2714 1046 2754 Neque

367 2768 478 2797 tamen
495 2764 563 2794 istis
584 2764 766 2794 rationibus
791 2767 825 2793 et
842 2762 1044 2802 argumentis

1102 1646 1267 1685 evineam,
1282 1650 1319 1677 ut
1336 1646 1472 1687 abjicias
1493 1654 1637 1676 errorem
1663 1645 1784 1676 mentis

1103 1704 1187 1726 vana
1216 1695 1330 1735 specie
1356 1695 1494 1725 delusae.
1538 1694 1639 1733 Quin,
1666 1693 1694 1723 si
1723 1693 1785 1724 tibi

1103 1749 1313 1784 apponantur
1339 1743 1435 1775 simul
1463 1753 1549 1783 pavo
1581 1746 1617 1773 et
1648 1741 1783 1781 gallina,

1101 1793 1178 1823 huic
1207 1793 1299 1823 illum
1328 1790 1518 1828 antefer-en
1539 1795 1575 1821 et
1599 1789 1784 1820 suaviorem

1104 1840 1234 1879 putabis
1259 1849 1431 1880 pavonem,
1450 1840 1527 1879 quia
1548 1838 1656 1868 carior
1677 1842 1712 1868 et
1734 1847 1785 1868 ra-

1102 1888 1180 1927 rior,
1206 1897 1304 1928 quam
1325 1887 1458 1927 gallina,
1483 1885 1616 1917 tametsi
1641 1895 1706 1916 uon
1730 1890 1784 1917 est

1102 1945 1216 1965 revera
1233 1935 1358 1966 melior.

1141 1987 1183 2015 24
1209 1984 1339 2023 Terg-ere
1353 1981 1507 2023 palatum]
1528 1982 1625 2012 Pers.
1640 1981 1711 2013 Sat.
1727 1991 1784 2014 111.

1101 2031 1133 2061 in
1160 2032 1248 2063 fine:
1271 2032 1468 2062 ‘Tentemus
1493 2029 1630 2061 fauces:
1667 2035 1783 2061 tenero

1101 2081 1186 2110 latet
1202 2081 1295 2111 ulcus
1311 2080 1344 2110 in
1368 2088 1425 2110 ore
1441 2079 1559 2113 Putre,
1581 2077 1670 2119 quod
1695 2078 1784 2110 haud

1102 2127 1220 2159 deceat
1236 2128 1368 2168 plebeia
1381 2127 1499 2158 radere
1517 2126 1618 2157 beta.¹

1142 2179 1182 2207 25
1207 2177 1290 2212 Quia
1304 2180 1412 2207 veneat
1428 2175 1517 2215 auro]
1538 2175 1694 2207 Juvenal.
1708 2175 1780 2207 Sat.

1101 2234 1152 2257 xi.
1167 2227 1214 2255 14.
1239 2225 1248 2242 ‘
1261 2225 1398 2256 Interea
1412 2228 1527 2263 gustus
1541 2224 1704 2254 elementa
1721 2231 1781 2261 per

1100 2273 1210 2304 omnia
1219 2277 1385 2313 quaerunt,
1398 2273 1575 2311 Nunquam
1589 2271 1697 2300 animo
1709 2279 1783 2310 pre-

1101 2322 1156 2354 tiis
1180 2321 1400 2352 obstantibus.
1445 2319 1590 2350 Interius
1613 2319 1639 2350 si
1657 2317 1780 2350 Atten-

1099 2372 1170 2411 das,
1203 2370 1306 2410 magis
1337 2369 1394 2400 illa
1415 2369 1536 2409 juvant
1565 2377 1639 2409 quae
1676 2369 1779 2410 pluris

1100 2417 1278 2451 emuntur.’

1141 2470 1180 2499 2⁵1
1205 2467 1357 2507 Tanquam
1379 2467 1418 2496 ad
1443 2475 1507 2496 rem
1535 2465 1666 2497 attineat
1694 2466 1777 2506 quic-

1098 2517 1200 2560 quam]
1221 2517 1325 2550 Quasi
1350 2517 1391 2547 ad
1417 2521 1548 2556 gustum
1571 2520 1607 2547 et
1626 2525 1779 2557 saporem

1099 2566 1204 2598 faciat
1221 2566 1403 2606 plumarum
1419 2562 1538 2605 fulgor.
1575 2565 1646 2596 Cic.
1662 2573 1718 2596 11¹.
1734 2565 1778 2596 de

1099 2614 1205 2646 Finib.
1229 2623 1262 2645 n.
1286 2617 1337 2645 18.
1358 2613 1540 2646 ‘Quaedam
1556 2623 1576 2644 a
1599 2617 1718 2645 natura
1734 2613 1778 2645 ad

1098 2671 1191 2693 usum
1218 2662 1342 2693 donata
1364 2667 1452 2701 sunt,
1473 2666 1510 2693 ut
1531 2671 1638 2701 crura,
1653 2661 1775 2702 pedes:

1097 2711 1160 2741 alia
1193 2711 1316 2741 nullam
1346 2710 1389 2741 ob
1420 2710 1613 2748 utilitatem,
1646 2709 1704 2739 sed
1733 2709 1775 2739 ad

1099 2760 1260 2800 quendam
1276 2763 1441 2800 ornatum,
1461 2763 1498 2792 ut
1513 2757 1620 2790 cauda
1636 2756 1777 2799 pavoni?
