1930 3242
611 270 888 303 SERMONUM
924 270 1020 300 mn.
1052 269 1083 298 1.
1113 260 1157 299 7.

155 366 258 416 Quo
278 366 428 415 fortes,
450 364 612 418 quibus
634 365 868 406 adversum
888 365 1049 406 bellum
1067 361 1233 404 incidit.

1293 360 1412 400 Inter

155 433 355 474 Hectora
375 431 642 480 Priamiden,
660 429 908 472 animosum
930 434 1063 484 atque
1083 430 1194 470 inter
1212 426 1430 469 Achillem

155 499 230 540 Ira
245 499 329 540 fuit
348 497 569 551 capitalis,
592 502 644 537 ut
664 498 817 538 ultima
837 497 1054 539 divideret
1072 509 1213 548 mors3

156 565 263 606 Non
283 565 417 606 aliam
438 564 496 605 ob
517 575 715 613 causam,
736 565 823 605 nisi
845 564 966 617 quod
987 563 1128 604 virtus
1148 563 1191 604 in
1211 565 1398 614 utroque

153 632 336 674 Summa
353 631 451 672 fuit.

510 631 616 671 Duo
639 631 677 671 si
698 631 926 672 discordia
946 637 1081 672 vexet
1095 630 1276 679 inertes;

1543 626 1598 667 15

152 697 244 739 Aut
264 698 301 739 si
323 697 572 751 disparibus
592 697 755 738 bellum
776 696 960 746 incidat,
982 701 1031 736 ut
1052 695 1261 737 Diomedi

154 763 267 806 Cum
288 764 425 818 Lycio
447 763 651 815 Glauco3
683 763 887 804 discedet
909 763 1085 816 pigrior,
1107 763 1224 804 ultro

154 831 413 872 Muneribus
434 831 604 882 missis)
625 831 769 872 Bruto
793 830 989 873 Praetore
1010 833 1180 871 tenente

152 897 305 938 Ditem
325 895 496 946 Asiam,
518 897 677 950 Rupili
694 902 737 938 et
757 897 884 938 Persi
900 910 980 950 par
1000 901 1181 950 pugnat,
1202 896 1268 937 uti
1285 908 1372 936 non

151 963 454 1017 Compositum
475 964 633 1006 melius
653 977 754 1006 cum
776 964 909 1005 Bitho
927 964 1150 1005 Bacchius
1167 976 1178 1015 ;
1210 963 1253 1003 in
1269 962 1347 1016 jus

1547 959 1604 1001 20

147 1099 254 1130 pugna
265 1091 410 1131 contigit.
446 1092 503 1124 Sic
517 1092 601 1124 inter
616 1093 784 1124 Hectorem
803 1092 924 1123 Priami
936 1091 1045 1132 filium
1059 1095 1090 1122 et
1103 1092 1224 1130 fortem
1235 1090 1390 1122 Achillem
1402 1089 1506 1120 odium
1519 1087 1602 1119 exti-

149 1133 191 1163 tit
204 1133 409 1173 implacabile,
422 1136 501 1175 quod
526 1136 592 1166 sola
606 1145 690 1166 mors
703 1137 827 1166 tandem
846 1135 1028 1166 dirimeret.-
1049 1134 1132 1165 haud
1154 1134 1218 1164 alia
1241 1135 1279 1164 de
1299 1142 1392 1164 causa
1414 1141 1504 1172 quam
1524 1130 1604 1170 quod

150 1174 296 1206 ambobus
307 1185 426 1207 summa
441 1177 543 1208 virtus
554 1177 668 1208 inerat.
714 1178 760 1208 At
774 1177 804 1207 si
820 1176 974 1207 contentio
987 1176 1092 1214 suerit
1105 1176 1221 1207 duobus
1234 1175 1372 1215 ignavis,
1385 1175 1435 1208 uel
1449 1176 1604 1204 certamen

149 1218 312 1255 contingat
326 1218 506 1258 imparibus,
525 1222 603 1259 puta
620 1219 766 1250 Diomedi
778 1229 846 1250 cum
864 1219 983 1249 Glauco
997 1218 1096 1259 Lycio
1107 1228 1120 1256 ;
1141 1218 1273 1249 inertior
1287 1218 1388 1254 cedat,
1401 1216 1484 1246 datis
1497 1217 1604 1254 sponte

149 1259 344 1307 muneribus)
361 1263 434 1291 dum
451 1261 578 1292 Pro-tor
591 1261 714 1292 Brutus
725 1265 833 1300 ageret
847 1261 882 1291 in
896 1261 997 1300 opima
1014 1260 1101 1299 Asia,
1123 1260 1282 1291 dimicavit
1300 1268 1358 1300 par
1375 1257 1499 1298 Rupilii
1513 1260 1605 1295 atque

151 1299 272 1342 Persei,
283 1303 360 1333 adeo
373 1306 408 1334 ut
423 1311 484 1334 non
499 1303 729 1334 convenientius
743 1303 785 1334 sit
795 1303 974 1334 commissus
988 1302 1145 1334 Bacchius
1159 1312 1228 1333 cum
1241 1302 1353 1333 Bitho.
1385 1299 1439 1332 Aa
1449 1298 1605 1338 Judicimn

757 1396 814 1411 ορ,
819 1395 995 1408 eeeeeeoee

147 1467 208 1489 nes
225 1458 364 1499 Cruqnii
378 1462 414 1490 et
429 1459 698 1491 Torrentii.--11
724 1460 902 1492 Bentleius
920 1460 1012 1500 conj.
1030 1460 1116 1491 Olim
1132 1459 1284 1494 Hectora,
1297 1459 1352 1497 ὅγε.
1380 1458 1388 1474 ‘
1402 1454 1604 1496 Repetitum

146 1500 242 1538 inter,
255 1499 345 1540 quod
362 1501 519 1532 Bentleio
533 1501 707 1542 displicet,
719 1503 803 1534 satis
817 1502 1023 1534 vindicatum
1036 1502 1070 1533 in
1081 1499 1278 1533 Thesauro.’
1303 1500 1489 1531 Genu—15
1510 1497 1604 1529 Non-

146 1542 231 1591 nniii
246 1542 347 1574 codd.
364 1542 518 1574 Lambini
533 1547 644 1583 verset,
657 1544 745 1585 quod
764 1545 895 1584 recepit
912 1544 1102 1576 Bentleius.
1158 1543 1227 1574 ΑΙὶἰ
1244 1551 1324 1574 vero
1341 1540 1443 1574 codd.
1458 1545 1496 1572 ut
1512 1540 1602 1571 Don.

146 1584 269 1616 Faern.
284 1585 386 1617 Torn.
400 1585 566 1624 Lambini,
582 1586 681 1618 Harl.
697 1590 728 1619 2.
746 1589 777 1619 3.
788 1590 819 1618 4.
835 1589 868 1620 6.
880 1589 912 1618 7.
929 1589 994 1618 &c.
1009 1589 1113 1618 vexet.
1146 1584 1200 1617 Cf.
1219 1594 1244 1616 1.
1259 1585 1332 1616 Sat.
1344 1586 1377 1614 8.
1393 1586 1445 1614 19.
1469 1591 1510 1613 11.
1531 1582 1604 1613 Sat.

145 1627 177 1656 3.
192 1629 354 1658 249.-17
379 1628 476 1659 Harl.
492 1630 524 1660 2.
539 1630 570 1660 3.
586 1630 619 1660 4.
633 1631 664 1660 6.
679 1631 712 1660 7.
734 1629 861 1660 Venet.
878 1631 974 1659 1559.
997 1628 1144 1660 Chabot.
1162 1627 1280 1658 Lamb.
1298 1625 1413 1656 Bentl.
1434 1629 1470 1655 et
1493 1623 1601 1655 Kidd.

146 1668 298 1700 discedat.
325 1669 485 1710 pulchrior
507 1679 569 1709 pro
590 1670 714 1710 pigrior
737 1671 828 1702 Han.
851 1675 886 1702 et
902 1670 1084 1702 Exn-Sax.
1107 1668 1186 1699 Vid.
1211 1669 1292 1699 Bos.
1315 1667 1430 1698 Anim.
1456 1675 1491 1706 p.
1504 1668 1603 1696 59.—

145 1712 188 1741 2⁰
213 1711 410 1751 Composittoe
435 1712 536 1744 Gott.
562 1712 661 1743 Harl.
683 1715 714 1744 2.
736 1715 768 1744 4.
792 1712 910 1743 Zarot.
938 1711 1079 1744 Medici.
1102 1713 1198 1742 1477.
1223 1710 1300 1741 Vet.
1323 1708 1442 1739 Comb.
1465 1707 1604 1738 Venett.

146 1755 242 1785 1477.
258 1756 353 1785 1478.
368 1756 464 1786 1479.
486 1752 567 1785 Ald.
586 1754 629 1788 R.
646 1759 682 1786 et
698 1754 745 1786 H.
764 1755 883 1795 Steph.
908 1755 1027 1785 Burm.
1047 1753 1221 1785 Schrevel.
1241 1753 1410 1788 Dunster‚
1425 1754 1460 1781 et
1474 1749 1603 1789 Delph-

147 1793 318 1836 Compositi
344 1796 460 1828 Bentl.
491 1805 535 1827 ex
559 1805 628 1828 uno
656 1796 788 1838 codice,
812 1806 958 1838 eumque
983 1795 1093 1828 secuti
1121 1793 1246 1827 Sanad.
1278 1792 1428 1828 Francis,
1454 1791 1601 1822 Wetzel.

805 1880 947 1913 NOTAE

144 1942 228 1984 lecti,
257 1943 328 1984 fisa]
349 1943 400 1976 Ut
424 1943 545 1985 fortes,
571 1945 621 1977 sic
646 1949 682 1977 et
708 1945 846 1977 molesti

144 1999 315 2032 nunquam
344 1992 469 2025 cedere
495 1994 633 2026 volunt:
673 1994 757 2026 illud
793 1998 846 2026 est

145 2046 260 2070 eorum
270 2039 443 2081 ingenium
453 2046 489 2073 et
501 2043 595 2074 velut
604 2043 662 2083 jus
674 2043 845 2084 quoddam

145 2096 166 2119 a
202 2092 324 2120 natura
362 2096 610 2131 comparatum.
662 2101 688 2123 1.
719 2091 787 2123 Od.
814 2095 846 2124 6.

147 2139 307 2179 ‘gravem
333 2138 463 2172 Pelidae
486 2141 696 2172 stomachum
721 2140 847 2173 cedere

147 2188 280 2220 nescii?

188 2240 229 2269 13
257 2238 377 2269 Ultima
391 2239 543 2271 divideret
558 2239 655 2280 mors]
685 2240 745 2272 Ira
757 2240 846 2272 enim

145 2296 212 2319 non
229 2289 377 2321 senescit
403 2289 467 2320 nisi
493 2299 554 2330 per
571 2294 728 2329 mortem,
745 2295 783 2322 ut
799 2291 847 2322 ait

143 2336 330 2378 Sophocies
348 2348 356 2368 :
380 2339 484 2378 Θυμοῦ
491 2338 552 2380 ’γὰρ
566 2339 655 2372 οὐδέν
669 2340 738 2372 ἐστι
748 2341 847 2381 γῆρας

143 2385 227 2423 ἄλλο
241 2387 327 2426 πλὴν
338 2390 460 2420 Θανεΐν.

185 2440 227 2470 16
249 2438 396 2470 Diomedi
414 2439 493 2471 Cum
510 2439 608 2481 Lycio
626 2441 759 2480 Glauco,
773 2440 844 2481 ξω]

144 2486 197 2519 Ex
208 2486 310 2520 Iliad.
323 2491 359 2520 z.
375 2488 432 2520 ubi
443 2489 584 2530 Jupiter
596 2489 722 2522 dicitur
737 2489 843 2521 Glau-

145 2543 187 2566 co
199 2540 349 2568 mentem
370 2537 548 2579 ademisse,
571 2539 720 2581 indeque
741 2539 843 2571 Glau-

145 2592 206 2615 cus
235 2593 328 2617 arma
354 2595 456 2619 aurea
479 2597 541 2621 sua
563 2599 639 2621 cum
662 2589 842 2622 Diomedis

148 2633 245 2665 aereis
264 2638 485 2674 permutasse.
526 2638 584 2671 De
603 2639 772 2671 Diomede
789 2649 844 2671 su-

146 2692 210 2724 pra
236 2682 310 2715 Sat.
334 2692 372 2715 v·
394 2684 544 2718 Glaucus
569 2688 750 2729 Lyciorum
774 2688 844 2720 dux

148 2730 190 2761 ad
207 2730 368 2762 auxilium
382 2731 607 2772 Trojanornm
625 2739 718 2768 venit
736 2749 744 2769 :
769 2743 845 2769 erat

145 2786 316 2822 praeterea
343 2790 449 2822 nepos
479 2783 765 2830 Bellerophontis,
788 2789 845 2831 qui

899 1943 1020 1976 Jobati
1041 1942 1157 1985 Lyciae
1183 1942 1273 1983 regis
1303 1949 1409 1982 gener
1438 1942 1475 1971 et
1508 1939 1606 1980 regni

900 1995 1008 2026 hoeres
1023 1993 1102 2025 fnit.

946 2045 986 2075 18
1008 2042 1113 2074 Bruto
1131 2042 1276 2073 Proelore
1290 2042 1411 2072 tenente
1430 2039 1541 2071 Ditem
1556 2040 1602 2071 Α-

900 2093 995 2134 siam]
1028 2092 1082 2124 Ne
1105 2091 1239 2132 accipe,
1259 2091 1381 2125 lector,
1396 2088 1491 2120 Asiae
1508 2089 1603 2120 Prae-

901 2146 1011 2173 torem
1040 2141 1214 2172 Brutum:
1242 2139 1344 2170 immo
1374 2144 1455 2170 tunc
1485 2138 1602 2169 Romae

901 2190 1038 2222 Praetor
1053 2195 1127 2221 erat
1152 2190 1301 2221 Brutus:
1325 2188 1359 2219 in
1382 2187 1501 2219 Asiam
1520 2196 1602 2217 vero

901 2250 939 2272 se
954 2241 1146 2273 contulerat
1162 2239 1205 2272 ad
1226 2237 1460 2271 contrahenda
1484 2236 1602 2268 adver·

901 2299 958 2322 sus
988 2290 1181 2331 Augustum
1212 2288 1358 2320 auxilia:
1382 2287 1497 2328 ibique
1524 2295 1600 2326 per-

901 2340 1008 2371 multa
1023 2339 1126 2380 gessit
1141 2337 1242 2370 laude
1259 2338 1372 2378 digna.

942 2392 984 2421 19
1009 2389 1122 2421 Ditem
1150 2386 1276 2427 Asiam]
1324 2386 1398 2417 Cic.
1431 2392 1493 2424 pro
1524 2382 1599 2422 lege

899 2440 1042 2473 Manilia
1056 2450 1064 2472 :
1089 2439 1099 2456 ‘
1112 2437 1196 2471 Asia
1208 2443 1277 2469 tam
1291 2435 1403 2476 opima
1415 2437 1465 2463 est
1482 2436 1517 2462 et
1531 2430 1599 2462 fer-

898 2489 981 2529 tilis,
995 2494 1033 2520 ut
1049 2493 1085 2521 et
1099 2488 1259 2519 ubertate
1276 2491 1447 2524 agrorum,
1461 2484 1497 2511 et
1509 2480 1598 2511 vari-

897 2542 991 2570 etate
1006 2536 1192 2574 fructuum,
1213 2537 1249 2565 et
1270 2528 1502 2572 magnitudine
1525 2537 1600 2568 pas-

897 2587 1015 2626 tionis,
1039 2590 1075 2617 et
1099 2581 1317 2616 multitudine
1340 2588 1456 2610 earum
1486 2587 1600 2611 rerum

897 2646 974 2679 quae
989 2636 1226 2676 exportantur,
1239 2630 1340 2663 facile
1356 2627 1512 2661 omnibus
1528 2631 1598 2660 ter-

897 2688 943 2719 ris
963 2683 1173 2718 antecellat.'

941 2740 984 2769 20
1009 2736 1089 2767 Cum
1111 2732 1208 2765 Bitho
1235 2728 1408 2770 Bacchius]
1430 2728 1501 2760 Par
1527 2729 1597 2769 gla-

898 2788 1066 2821 diatorum
1099 2784 1230 2825 insigne
1259 2785 1366 2814 erant
1402 2780 1523 2812 Bithus
1561 2784 1597 2812 et
