<?xml version="1.0" encoding="UTF-8"?>
<!DOCTYPE html PUBLIC "-//W3C//DTD XHTML 1.0 Transitional//EN"
    "http://www.w3.org/TR/xhtml1/DTD/xhtml1-transitional.dtd">
<html xmlns="http://www.w3.org/1999/xhtml" xml:lang="en" lang="en">
 <head>
  <title>
</title>
<meta http-equiv="Content-Type" content="text/html;charset=utf-8" />
  <meta name='ocr-system' content='tesseract 3.04.00' />
  <meta name='ocr-capabilities' content='ocr_page ocr_carea ocr_par ocr_line ocrx_word'/>
</head>
<body>
  <div class='ocr_page' id='page_1' title='image "./operazeune02horauoft_0364.png"; bbox 0 0 1930 3242; ppageno 0'>
   <div class='ocr_carea' id='block_1_1' title="bbox 337 261 1285 312">
    <p class='ocr_par' dir='ltr' id='par_1_1' title="bbox 337 261 1285 312">
     <span class='ocr_line' id='line_1_1' title="bbox 337 261 1285 312; baseline 0.001 -12"><span class='ocrx_word' id='word_1_1' title='bbox 337 261 420 301; x_wconf 85' lang='grc'><strong>904</strong></span> <span class='ocrx_word' id='word_1_2' title='bbox 801 275 844 312; x_wconf 80' lang='lat' dir='ltr'><strong>Q-</strong></span> <span class='ocrx_word' id='word_1_3' title='bbox 877 273 1081 303; x_wconf 57' lang='lat' dir='ltr'><strong>nonwrn</strong></span> <span class='ocrx_word' id='word_1_4' title='bbox 1118 272 1285 302; x_wconf 72' lang='lat' dir='ltr'><strong>FhAccl</strong></span> 
     </span>
    </p>
   </div>
   <div class='ocr_carea' id='block_1_2' title="bbox 336 363 1626 814">
    <p class='ocr_par' dir='ltr' id='par_1_2' title="bbox 338 363 1404 416">
     <span class='ocr_line' id='line_1_2' title="bbox 338 363 1404 416; baseline 0.001 -12"><span class='ocrx_word' id='word_1_5' title='bbox 338 363 521 416; x_wconf 85' lang='lat' dir='ltr'>Virgilio</span> <span class='ocrx_word' id='word_1_6' title='bbox 541 370 776 406; x_wconf 85' lang='lat' dir='ltr'><strong>annuerunt</strong></span> <span class='ocrx_word' id='word_1_7' title='bbox 794 365 1030 416; x_wconf 82' lang='lat' dir='ltr'><strong>gaudentes</strong></span> <span class='ocrx_word' id='word_1_8' title='bbox 1049 376 1144 404; x_wconf 90' lang='lat' dir='ltr'><strong>rure</strong></span> <span class='ocrx_word' id='word_1_9' title='bbox 1165 363 1404 408; x_wconf 84' lang='lat' dir='ltr'><strong>Camoenae.</strong></span> 
     </span>
    </p>

    <p class='ocr_par' dir='ltr' id='par_1_3' title="bbox 338 429 1380 482">
     <span class='ocr_line' id='line_1_3' title="bbox 338 429 1380 482; baseline 0.001 -12"><span class='ocrx_word' id='word_1_10' title='bbox 338 429 442 471; x_wconf 88' lang='lat' dir='ltr'><strong>Hoc</strong></span> <span class='ocrx_word' id='word_1_11' title='bbox 458 435 560 479; x_wconf 84' lang='lat' dir='ltr'><strong>erat,</strong></span> <span class='ocrx_word' id='word_1_12' title='bbox 579 435 762 482; x_wconf 87' lang='lat' dir='ltr'><strong>experto</strong></span> <span class='ocrx_word' id='word_1_13' title='bbox 780 429 936 469; x_wconf 84' lang='lat' dir='ltr'><strong>frustra</strong></span> <span class='ocrx_word' id='word_1_14' title='bbox 955 429 1148 470; x_wconf 84' lang='lat' dir='ltr'><strong>Varrone</strong></span> <span class='ocrx_word' id='word_1_15' title='bbox 1169 430 1380 480; x_wconf 85' lang='lat' dir='ltr'><strong>Atacino,</strong></span> 
     </span>
    </p>

    <p class='ocr_par' dir='ltr' id='par_1_4' title="bbox 336 494 1626 677">
     <span class='ocr_line' id='line_1_4' title="bbox 336 494 1626 550; baseline 0.002 -14"><span class='ocrx_word' id='word_1_16' title='bbox 336 494 482 548; x_wconf 84' lang='lat' dir='ltr'><strong>Atque</strong></span> <span class='ocrx_word' id='word_1_17' title='bbox 501 495 756 549; x_wconf 83' lang='lat' dir='ltr'><strong>quibusdam</strong></span> <span class='ocrx_word' id='word_1_18' title='bbox 778 494 889 542; x_wconf 84' lang='lat' dir='ltr'><strong>aliis,</strong></span> <span class='ocrx_word' id='word_1_19' title='bbox 910 494 1066 534; x_wconf 82' lang='lat' dir='ltr'><strong>melius</strong></span> <span class='ocrx_word' id='word_1_20' title='bbox 1087 495 1206 548; x_wconf 92' lang='lat' dir='ltr'><strong>quod</strong></span> <span class='ocrx_word' id='word_1_21' title='bbox 1228 497 1414 537; x_wconf 89' lang='lat' dir='ltr'><strong>scribere</strong></span> <span class='ocrx_word' id='word_1_22' title='bbox 1434 510 1626 550; x_wconf 89' lang='lat' dir='ltr'><strong>possem,</strong></span> 
     </span>
     <span class='ocr_line' id='line_1_5' title="bbox 337 560 1495 613; baseline 0.002 -11"><span class='ocrx_word' id='word_1_23' title='bbox 337 561 562 602; x_wconf 85' lang='lat' dir='ltr'><strong>Inventore</strong></span> <span class='ocrx_word' id='word_1_24' title='bbox 582 560 743 600; x_wconf 86' lang='lat' dir='ltr'><strong>minor:</strong></span> <span class='ocrx_word' id='word_1_25' title='bbox 774 571 912 612; x_wconf 87' lang='lat' dir='ltr'><strong>neque</strong></span> <span class='ocrx_word' id='word_1_26' title='bbox 931 573 1011 613; x_wconf 84' lang='lat' dir='ltr'><strong>ego</strong></span> <span class='ocrx_word' id='word_1_27' title='bbox 1032 561 1096 601; x_wconf 89' lang='lat' dir='ltr'><strong>illi</strong></span> <span class='ocrx_word' id='word_1_28' title='bbox 1117 561 1336 603; x_wconf 86' lang='lat' dir='ltr'><strong>detrahere</strong></span> <span class='ocrx_word' id='word_1_29' title='bbox 1356 564 1495 604; x_wconf 86' lang='lat' dir='ltr'><strong>ausim</strong></span> 
     </span>
     <span class='ocr_line' id='line_1_6' title="bbox 338 624 1412 677; baseline 0.001 -11"><span class='ocrx_word' id='word_1_30' title='bbox 338 627 594 668; x_wconf 76' lang='lat' dir='ltr'><strong>Haerentem</strong></span> <span class='ocrx_word' id='word_1_31' title='bbox 614 624 749 677; x_wconf 85' lang='lat' dir='ltr'><strong>capiti</strong></span> <span class='ocrx_word' id='word_1_32' title='bbox 769 625 906 666; x_wconf 85' lang='lat' dir='ltr'><strong>multa</strong></span> <span class='ocrx_word' id='word_1_33' title='bbox 927 639 1025 668; x_wconf 91' lang='lat' dir='ltr'><strong>cum</strong></span> <span class='ocrx_word' id='word_1_34' title='bbox 1046 626 1179 668; x_wconf 84' lang='lat' dir='ltr'><strong>laude</strong></span> <span class='ocrx_word' id='word_1_35' title='bbox 1197 640 1412 669; x_wconf 86' lang='lat' dir='ltr'><strong>coronam.</strong></span> 
     </span>
    </p>

    <p class='ocr_par' dir='ltr' id='par_1_5' title="bbox 337 689 1454 746">
     <span class='ocr_line' id='line_1_7' title="bbox 337 689 1454 746; baseline 0.003 -14"><span class='ocrx_word' id='word_1_36' title='bbox 337 690 397 732; x_wconf 89' lang='lat' dir='ltr'><strong>At</strong></span> <span class='ocrx_word' id='word_1_37' title='bbox 417 691 509 731; x_wconf 88' lang='lat' dir='ltr'><strong>dixi</strong></span> <span class='ocrx_word' id='word_1_38' title='bbox 531 689 663 730; x_wconf 88' lang='lat' dir='ltr'><strong>fluere</strong></span> <span class='ocrx_word' id='word_1_39' title='bbox 682 690 794 731; x_wconf 84' lang='lat' dir='ltr'><strong>hunc</strong></span> <span class='ocrx_word' id='word_1_40' title='bbox 814 690 1088 742; x_wconf 88' lang='lat' dir='ltr'><strong>lutulentum,</strong></span> <span class='ocrx_word' id='word_1_41' title='bbox 1108 706 1229 746; x_wconf 85' lang='lat' dir='ltr'><strong>saepe</strong></span> <span class='ocrx_word' id='word_1_42' title='bbox 1248 693 1454 736; x_wconf 87' lang='lat' dir='ltr'><strong>ferentem</strong></span> 
     </span>
    </p>

    <p class='ocr_par' dir='ltr' id='par_1_6' title="bbox 338 755 1536 814">
     <span class='ocr_line' id='line_1_8' title="bbox 338 755 1536 814; baseline 0.005 -17"><span class='ocrx_word' id='word_1_43' title='bbox 338 756 474 797; x_wconf 87' lang='lat' dir='ltr'><strong>Plura</strong></span> <span class='ocrx_word' id='word_1_44' title='bbox 492 755 667 808; x_wconf 90' lang='lat' dir='ltr'><strong>quidem</strong></span> <span class='ocrx_word' id='word_1_45' title='bbox 687 756 877 797; x_wconf 87' lang='lat' dir='ltr'><strong>tollenda</strong></span> <span class='ocrx_word' id='word_1_46' title='bbox 897 759 1193 812; x_wconf 88' lang='lat' dir='ltr'><strong>relinquendis</strong></span> <span class='ocrx_word' id='word_1_47' title='bbox 1210 773 1221 799; x_wconf 73' lang='grc' dir='ltr'>ε</span> <span class='ocrx_word' id='word_1_48' title='bbox 1253 773 1348 812; x_wconf 86' lang='lat' dir='ltr'><strong>age,</strong></span> <span class='ocrx_word' id='word_1_49' title='bbox 1370 774 1536 814; x_wconf 84' lang='lat' dir='ltr'><strong>quaes0,</strong></span> 
     </span>
    </p>
   </div>
   <div class='ocr_carea' id='block_1_3' title="bbox 1699 369 1756 409">
    <p class='ocr_par' dir='ltr' id='par_1_7' title="bbox 1699 369 1756 409">
     <span class='ocr_line' id='line_1_9' title="bbox 1699 369 1756 409; baseline 0.035 -2"><span class='ocrx_word' id='word_1_50' title='bbox 1699 369 1756 409; x_wconf 81' lang='lat'><strong>45</strong></span> 
     </span>
    </p>
   </div>
   <div class='ocr_carea' id='block_1_4' title="bbox 1704 695 1761 736">
    <p class='ocr_par' dir='ltr' id='par_1_8' title="bbox 1704 695 1761 736">
     <span class='ocr_line' id='line_1_10' title="bbox 1704 695 1761 736; baseline 0 0"><span class='ocrx_word' id='word_1_51' title='bbox 1704 695 1761 736; x_wconf 83' lang='lat'><strong>50</strong></span> 
     </span>
    </p>
   </div>
   <div class='ocr_carea' id='block_1_5' title="bbox 334 873 1762 962">
    <p class='ocr_par' dir='ltr' id='par_1_9' title="bbox 334 873 1762 962">
     <span class='ocr_line' id='line_1_11' title="bbox 335 873 1762 917; baseline 0.005 -14"><span class='ocrx_word' id='word_1_52' title='bbox 335 874 426 904; x_wconf 78' lang='lat' dir='ltr'><strong>alius.</strong></span> <span class='ocrx_word' id='word_1_53' title='bbox 469 873 570 904; x_wconf 72' lang='lat' dir='ltr'><strong>Musae</strong></span> <span class='ocrx_word' id='word_1_54' title='bbox 584 875 738 914; x_wconf 73' lang='lat' dir='ltr'><strong>sylvarum</strong></span> <span class='ocrx_word' id='word_1_55' title='bbox 752 879 890 906; x_wconf 62' lang='lat' dir='ltr'><strong>ornantes</strong></span> <span class='ocrx_word' id='word_1_56' title='bbox 900 875 1053 907; x_wconf 77' lang='lat' dir='ltr'><strong>donarunt</strong></span> <span class='ocrx_word' id='word_1_57' title='bbox 1072 876 1208 915; x_wconf 82' lang='lat' dir='ltr'><strong>Virgilio</strong></span> <span class='ocrx_word' id='word_1_58' title='bbox 1223 880 1359 908; x_wconf 79' lang='lat' dir='ltr'><strong>tenerum</strong></span> <span class='ocrx_word' id='word_1_59' title='bbox 1373 887 1409 908; x_wconf 79' lang='lat' dir='ltr'><strong>ac</strong></span> <span class='ocrx_word' id='word_1_60' title='bbox 1423 877 1565 917; x_wconf 74' lang='lat' dir='ltr'><strong>lepidum.</strong></span> <span class='ocrx_word' id='word_1_61' title='bbox 1610 877 1700 910; x_wconf 74' lang='lat' dir='ltr'><strong>Istud</strong></span> <span class='ocrx_word' id='word_1_62' title='bbox 1714 889 1762 910; x_wconf 87' lang='lat' dir='ltr'><strong>re·</strong></span> 
     </span>
     <span class='ocr_line' id='line_1_12' title="bbox 334 914 1762 962; baseline 0.005 -18"><span class='ocrx_word' id='word_1_63' title='bbox 334 914 437 944; x_wconf 82' lang='lat' dir='ltr'><strong>stabat</strong></span> <span class='ocrx_word' id='word_1_64' title='bbox 451 924 470 945; x_wconf 81' lang='lat' dir='ltr'><strong>a</strong></span> <span class='ocrx_word' id='word_1_65' title='bbox 489 915 624 946; x_wconf 81' lang='lat' dir='ltr'><strong>Varrone</strong></span> <span class='ocrx_word' id='word_1_66' title='bbox 638 915 771 948; x_wconf 78' lang='lat' dir='ltr'><strong>Atacino</strong></span> <span class='ocrx_word' id='word_1_67' title='bbox 785 919 817 948; x_wconf 83' lang='lat' dir='ltr'><strong>et</strong></span> <span class='ocrx_word' id='word_1_68' title='bbox 831 917 946 957; x_wconf 79' lang='lat' dir='ltr'><strong><em>aliquot</em></strong></span> <span class='ocrx_word' id='word_1_69' title='bbox 968 917 1040 948; x_wconf 78' lang='lat' dir='ltr'><strong>aliis</strong></span> <span class='ocrx_word' id='word_1_70' title='bbox 1060 921 1210 949; x_wconf 79' lang='lat' dir='ltr'><strong>tentatum</strong></span> <span class='ocrx_word' id='word_1_71' title='bbox 1225 919 1361 956; x_wconf 78' lang='lat' dir='ltr'><strong>frustra,</strong></span> <span class='ocrx_word' id='word_1_72' title='bbox 1377 921 1455 959; x_wconf 79' lang='lat' dir='ltr'><strong>quod</strong></span> <span class='ocrx_word' id='word_1_73' title='bbox 1470 920 1595 957; x_wconf 76' lang='lat' dir='ltr'><strong>felicius</strong></span> <span class='ocrx_word' id='word_1_74' title='bbox 1618 920 1762 962; x_wconf 72' lang='lat' dir='ltr'><strong>expedire</strong></span> 
     </span>
    </p>
   </div>
   <div class='ocr_carea' id='block_1_6' title="bbox 332 958 1762 1083">
    <p class='ocr_par' dir='ltr' id='par_1_10' title="bbox 332 958 1762 1083">
     <span class='ocr_line' id='line_1_13' title="bbox 332 958 1762 1001; baseline 0.004 -15"><span class='ocrx_word' id='word_1_75' title='bbox 332 965 451 995; x_wconf 81' lang='lat' dir='ltr'><strong>possem</strong></span> <span class='ocrx_word' id='word_1_76' title='bbox 465 966 534 995; x_wconf 82' lang='lat' dir='ltr'><strong>ego,</strong></span> <span class='ocrx_word' id='word_1_77' title='bbox 547 961 669 988; x_wconf 80' lang='lat' dir='ltr'><strong>auctore</strong></span> <span class='ocrx_word' id='word_1_78' title='bbox 684 962 784 988; x_wconf 83' lang='lat' dir='ltr'><strong>tamen</strong></span> <span class='ocrx_word' id='word_1_79' title='bbox 797 958 946 995; x_wconf 81' lang='lat' dir='ltr'><strong>inferior:</strong></span> <span class='ocrx_word' id='word_1_80' title='bbox 968 959 1017 989; x_wconf 73' lang='lat' dir='ltr'><strong>ami</strong></span> <span class='ocrx_word' id='word_1_81' title='bbox 1039 969 1227 999; x_wconf 78' lang='lat' dir='ltr'><strong>nequaquam</strong></span> <span class='ocrx_word' id='word_1_82' title='bbox 1241 961 1329 991; x_wconf 73' lang='lat' dir='ltr'><strong>velim</strong></span> <span class='ocrx_word' id='word_1_83' title='bbox 1349 960 1470 998; x_wconf 79' lang='lat' dir='ltr'><strong>auferre</strong></span> <span class='ocrx_word' id='word_1_84' title='bbox 1495 962 1628 992; x_wconf 78' lang='lat' dir='ltr'><strong>lauream</strong></span> <span class='ocrx_word' id='word_1_85' title='bbox 1650 972 1762 1001; x_wconf 75' lang='lat' dir='ltr'><strong>magno</strong></span> 
     </span>
     <span class='ocr_line' id='line_1_14' title="bbox 333 999 1758 1042; baseline 0.005 -15"><span class='ocrx_word' id='word_1_86' title='bbox 333 1008 400 1028; x_wconf 78' lang='lat' dir='ltr'><strong>cum</strong></span> <span class='ocrx_word' id='word_1_87' title='bbox 414 999 501 1029; x_wconf 80' lang='lat' dir='ltr'><strong>laude</strong></span> <span class='ocrx_word' id='word_1_88' title='bbox 515 999 610 1038; x_wconf 78' lang='lat' dir='ltr'><strong>capiti</strong></span> <span class='ocrx_word' id='word_1_89' title='bbox 624 999 685 1037; x_wconf 69' lang='lat' dir='ltr'><strong>&lt;ius</strong></span> <span class='ocrx_word' id='word_1_90' title='bbox 698 1003 846 1039; x_wconf 78' lang='lat' dir='ltr'><strong>optatam·</strong></span> <span class='ocrx_word' id='word_1_91' title='bbox 879 1000 940 1030; x_wconf 78' lang='lat' dir='ltr'><strong>Sed</strong></span> <span class='ocrx_word' id='word_1_92' title='bbox 955 1000 1024 1030; x_wconf 78' lang='lat' dir='ltr'><strong>dixi</strong></span> <span class='ocrx_word' id='word_1_93' title='bbox 1038 1001 1123 1031; x_wconf 80' lang='lat' dir='ltr'><strong>illum</strong></span> <span class='ocrx_word' id='word_1_94' title='bbox 1138 1011 1259 1032; x_wconf 79' lang='lat' dir='ltr'><strong>currere</strong></span> <span class='ocrx_word' id='word_1_95' title='bbox 1273 1011 1435 1042; x_wconf 79' lang='lat' dir='ltr'><strong>comosum,</strong></span> <span class='ocrx_word' id='word_1_96' title='bbox 1448 1012 1527 1042; x_wconf 84' lang='lat' dir='ltr'><strong>soepe</strong></span> <span class='ocrx_word' id='word_1_97' title='bbox 1540 1003 1698 1034; x_wconf 78' lang='lat' dir='ltr'><strong>vehentem</strong></span> <span class='ocrx_word' id='word_1_98' title='bbox 1709 1013 1758 1034; x_wconf 81' lang='lat' dir='ltr'><strong>as-</strong></span> 
     </span>
     <span class='ocr_line' id='line_1_15' title="bbox 336 1041 1762 1083; baseline 0.004 -13"><span class='ocrx_word' id='word_1_99' title='bbox 336 1041 479 1071; x_wconf 73' lang='lat' dir='ltr'><strong>sumenda</strong></span> <span class='ocrx_word' id='word_1_100' title='bbox 489 1041 580 1080; x_wconf 79' lang='lat' dir='ltr'><strong>plura</strong></span> <span class='ocrx_word' id='word_1_101' title='bbox 594 1044 673 1072; x_wconf 83' lang='lat' dir='ltr'><strong>certe</strong></span> <span class='ocrx_word' id='word_1_102' title='bbox 689 1041 870 1079; x_wconf 74' lang='lat' dir='ltr'><strong>rejiciendis.</strong></span> <span class='ocrx_word' id='word_1_103' title='bbox 914 1041 978 1072; x_wconf 73' lang='lat' dir='ltr'><strong>Dic</strong></span> <span class='ocrx_word' id='word_1_104' title='bbox 992 1051 1075 1080; x_wconf 85' lang='lat' dir='ltr'><strong>vero,</strong></span> <span class='ocrx_word' id='word_1_105' title='bbox 1095 1051 1214 1082; x_wconf 83' lang='lat' dir='ltr'><strong>precor,</strong></span> <span class='ocrx_word' id='word_1_106' title='bbox 1227 1043 1374 1083; x_wconf 79' lang='lat' dir='ltr'><strong>numquid</strong></span> <span class='ocrx_word' id='word_1_107' title='bbox 1398 1047 1433 1073; x_wconf 80' lang='lat' dir='ltr'><strong>tu</strong></span> <span class='ocrx_word' id='word_1_108' title='bbox 1446 1045 1586 1076; x_wconf 79' lang='lat' dir='ltr'><strong>eruditus</strong></span> <span class='ocrx_word' id='word_1_109' title='bbox 1609 1044 1689 1076; x_wconf 74' lang='lat' dir='ltr'><strong>nihil</strong></span> <span class='ocrx_word' id='word_1_110' title='bbox 1711 1053 1762 1075; x_wconf 83' lang='lat' dir='ltr'><strong>re-</strong></span> 
     </span>
    </p>
   </div>
   <div class='ocr_carea' id='block_1_7' title="bbox 925 1121 1170 1135">
    <p class='ocr_par' dir='ltr' id='par_1_11' title="bbox 925 1121 1170 1135">
     <span class='ocr_line' id='line_1_16' title="bbox 925 1121 1170 1135; baseline 0.004 -1"><span class='ocrx_word' id='word_1_111' title='bbox 925 1121 1170 1135; x_wconf 56' lang='lat' dir='ltr'><strong>‘noeomno</strong></span> 
     </span>
    </p>
   </div>
   <div class='ocr_carea' id='block_1_8' title="bbox 335 1186 1767 1560">
    <p class='ocr_par' dir='ltr' id='par_1_12' title="bbox 335 1186 1767 1560">
     <span class='ocr_line' id='line_1_17' title="bbox 336 1186 1762 1230; baseline 0.004 -14"><span class='ocrx_word' id='word_1_112' title='bbox 336 1186 537 1226; x_wconf 83' lang='lat' dir='ltr'><strong>Metaphora</strong></span> <span class='ocrx_word' id='word_1_113' title='bbox 554 1196 573 1218; x_wconf 86' lang='lat' dir='ltr'><strong>a</strong></span> <span class='ocrx_word' id='word_1_114' title='bbox 587 1186 795 1219; x_wconf 81' lang='lat' dir='ltr'><strong>lanificarum</strong></span> <span class='ocrx_word' id='word_1_115' title='bbox 810 1187 887 1219; x_wconf 86' lang='lat' dir='ltr'><strong>filis.</strong></span> <span class='ocrx_word' id='word_1_116' title='bbox 924 1188 1025 1220; x_wconf 84' lang='lat' dir='ltr'><strong>ovid.</strong></span> <span class='ocrx_word' id='word_1_117' title='bbox 1039 1190 1124 1220; x_wconf 87' lang='lat' dir='ltr'><strong>Met.</strong></span> <span class='ocrx_word' id='word_1_118' title='bbox 1136 1193 1201 1222; x_wconf 82' lang='grc' dir='ltr'><strong>ι.4.</strong></span> <span class='ocrx_word' id='word_1_119' title='bbox 1214 1190 1223 1207; x_wconf 82' lang='lat'><strong><em>⁴</em></strong></span> <span class='ocrx_word' id='word_1_120' title='bbox 1234 1189 1287 1220; x_wconf 90' lang='lat' dir='ltr'><strong>Ad</strong></span> <span class='ocrx_word' id='word_1_121' title='bbox 1303 1199 1377 1221; x_wconf 81' lang='lat' dir='ltr'><strong>mea</strong></span> <span class='ocrx_word' id='word_1_122' title='bbox 1393 1194 1591 1230; x_wconf 84' lang='lat' dir='ltr'><strong>perpetuum</strong></span> <span class='ocrx_word' id='word_1_123' title='bbox 1605 1190 1762 1222; x_wconf 85' lang='lat' dir='ltr'><strong>deducite</strong></span> 
     </span>
     <span class='ocr_line' id='line_1_18' title="bbox 336 1229 1767 1272; baseline 0.003 -14"><span class='ocrx_word' id='word_1_124' title='bbox 336 1234 489 1268; x_wconf 79' lang='lat' dir='ltr'><strong>tempora</strong></span> <span class='ocrx_word' id='word_1_125' title='bbox 505 1229 678 1260; x_wconf 80' lang='lat' dir='ltr'><strong>carmen.’&#39;</strong></span> <span class='ocrx_word' id='word_1_126' title='bbox 701 1230 800 1261; x_wconf 75' lang='lat' dir='ltr'><strong>Baxt.</strong></span> <span class='ocrx_word' id='word_1_127' title='bbox 845 1230 953 1262; x_wconf 81' lang='lat' dir='ltr'><strong>Ductu</strong></span> <span class='ocrx_word' id='word_1_128' title='bbox 968 1232 1055 1262; x_wconf 84' lang='lat' dir='ltr'><strong>molle</strong></span> <span class='ocrx_word' id='word_1_129' title='bbox 1071 1231 1168 1262; x_wconf 89' lang='lat' dir='ltr'><strong>Harl.</strong></span> <span class='ocrx_word' id='word_1_130' title='bbox 1181 1235 1212 1263; x_wconf 79' lang='lat'><strong>2.</strong></span> <span class='ocrx_word' id='word_1_131' title='bbox 1227 1232 1367 1272; x_wconf 85' lang='lat' dir='ltr'><strong>Cuning.</strong></span> <span class='ocrx_word' id='word_1_132' title='bbox 1382 1237 1418 1263; x_wconf 91' lang='lat' dir='ltr'><strong>et</strong></span> <span class='ocrx_word' id='word_1_133' title='bbox 1433 1232 1555 1263; x_wconf 83' lang='lat' dir='ltr'><strong>Sanad.</strong></span> <span class='ocrx_word' id='word_1_134' title='bbox 1575 1233 1659 1264; x_wconf 75' lang='lat' dir='ltr'><strong>dictu</strong></span> <span class='ocrx_word' id='word_1_135' title='bbox 1674 1232 1767 1263; x_wconf 76' lang='lat' dir='ltr'><strong>molle</strong></span> 
     </span>
     <span class='ocr_line' id='line_1_19' title="bbox 336 1270 1762 1305; baseline 0.003 -5"><span class='ocrx_word' id='word_1_136' title='bbox 336 1270 420 1302; x_wconf 87' lang='lat' dir='ltr'><strong>Exc.</strong></span> <span class='ocrx_word' id='word_1_137' title='bbox 449 1270 527 1301; x_wconf 87' lang='lat' dir='ltr'><strong>Sax.</strong></span> <span class='ocrx_word' id='word_1_138' title='bbox 570 1271 662 1302; x_wconf 80' lang='lat' dir='ltr'><strong><em>Dicit</em></strong></span> <span class='ocrx_word' id='word_1_139' title='bbox 685 1272 774 1302; x_wconf 79' lang='lat' dir='ltr'><strong>moue</strong></span> <span class='ocrx_word' id='word_1_140' title='bbox 799 1271 894 1303; x_wconf 91' lang='lat' dir='ltr'><strong>Harl.</strong></span> <span class='ocrx_word' id='word_1_141' title='bbox 920 1274 954 1303; x_wconf 88' lang='grc'><strong>4.</strong></span> <span class='ocrx_word' id='word_1_142' title='bbox 975 1273 1082 1304; x_wconf 79' lang='lat' dir='ltr'><strong>ducit.-</strong></span> <span class='ocrx_word' id='word_1_143' title='bbox 1114 1275 1203 1305; x_wconf 81' lang='lat' dir='ltr'><strong>molle</strong></span> <span class='ocrx_word' id='word_1_144' title='bbox 1228 1273 1325 1304; x_wconf 86' lang='lat' dir='ltr'><strong>Harl.</strong></span> <span class='ocrx_word' id='word_1_145' title='bbox 1341 1276 1373 1304; x_wconf 79' lang='lat'><strong>3.</strong></span> <span class='ocrx_word' id='word_1_146' title='bbox 1389 1277 1420 1305; x_wconf 84' lang='lat'><strong>6.</strong></span> <span class='ocrx_word' id='word_1_147' title='bbox 1443 1283 1556 1305; x_wconf 89' lang='lat' dir='ltr'><strong>omnes</strong></span> <span class='ocrx_word' id='word_1_148' title='bbox 1579 1274 1657 1304; x_wconf 83' lang='lat' dir='ltr'><strong>edd.</strong></span> <span class='ocrx_word' id='word_1_149' title='bbox 1681 1278 1762 1304; x_wconf 83' lang='lat' dir='ltr'><strong>ante</strong></span> 
     </span>
     <span class='ocr_line' id='line_1_20' title="bbox 335 1312 1761 1355; baseline 0.004 -14"><span class='ocrx_word' id='word_1_150' title='bbox 335 1312 453 1351; x_wconf 78' lang='lat' dir='ltr'><strong>steph.</strong></span> <span class='ocrx_word' id='word_1_151' title='bbox 469 1313 568 1342; x_wconf 83' lang='lat' dir='ltr'><strong>etiam</strong></span> <span class='ocrx_word' id='word_1_152' title='bbox 585 1313 743 1352; x_wconf 86' lang='lat' dir='ltr'><strong>Rutgers.</strong></span> <span class='ocrx_word' id='word_1_153' title='bbox 767 1314 883 1344; x_wconf 85' lang='lat' dir='ltr'><strong>Burm.</strong></span> <span class='ocrx_word' id='word_1_154' title='bbox 899 1314 1010 1346; x_wconf 87' lang='lat' dir='ltr'><strong>Bentl.</strong></span> <span class='ocrx_word' id='word_1_155' title='bbox 1028 1314 1163 1346; x_wconf 80' lang='lat' dir='ltr'><strong>Talbot.</strong></span> <span class='ocrx_word' id='word_1_156' title='bbox 1186 1315 1282 1350; x_wconf 88' lang='lat' dir='ltr'><strong>Pine,</strong></span> <span class='ocrx_word' id='word_1_157' title='bbox 1299 1315 1447 1355; x_wconf 82' lang='lat' dir='ltr'><strong>Sandby,</strong></span> <span class='ocrx_word' id='word_1_158' title='bbox 1461 1315 1569 1347; x_wconf 85' lang='lat' dir='ltr'><strong>Bond.</strong></span> <span class='ocrx_word' id='word_1_159' title='bbox 1589 1315 1761 1347; x_wconf 78' lang='lat' dir='ltr'><strong>Sclirevel.</strong></span> 
     </span>
     <span class='ocr_line' id='line_1_21' title="bbox 336 1353 1763 1395; baseline 0.003 -13"><span class='ocrx_word' id='word_1_160' title='bbox 336 1353 459 1392; x_wconf 79' lang='lat' dir='ltr'><strong>Delph.</strong></span> <span class='ocrx_word' id='word_1_161' title='bbox 488 1354 649 1389; x_wconf 87' lang='lat' dir='ltr'><strong>Dunster,</strong></span> <span class='ocrx_word' id='word_1_162' title='bbox 677 1354 829 1394; x_wconf 85' lang='lat' dir='ltr'><strong>Francis,</strong></span> <span class='ocrx_word' id='word_1_163' title='bbox 854 1355 992 1395; x_wconf 85' lang='lat' dir='ltr'><strong>Bipont.</strong></span> <span class='ocrx_word' id='word_1_164' title='bbox 1022 1356 1162 1387; x_wconf 87' lang='lat' dir='ltr'><strong>Wetzel.</strong></span> <span class='ocrx_word' id='word_1_165' title='bbox 1186 1355 1321 1387; x_wconf 82' lang='lat' dir='ltr'><strong>Wakef.</strong></span> <span class='ocrx_word' id='word_1_166' title='bbox 1350 1356 1529 1394; x_wconf 84' lang='lat' dir='ltr'><strong>Heindorf,</strong></span> <span class='ocrx_word' id='word_1_167' title='bbox 1554 1362 1591 1388; x_wconf 89' lang='lat' dir='ltr'><strong>et</strong></span> <span class='ocrx_word' id='word_1_168' title='bbox 1613 1356 1763 1388; x_wconf 59' lang='lat' dir='ltr'><strong>Kimb—</strong></span> 
     </span>
     <span class='ocr_line' id='line_1_22' title="bbox 335 1394 1762 1437; baseline 0.002 -13"><span class='ocrx_word' id='word_1_169' title='bbox 335 1396 378 1424; x_wconf 85' lang='grc'><strong>49</strong></span> <span class='ocrx_word' id='word_1_170' title='bbox 403 1394 580 1425; x_wconf 80' lang='lat' dir='ltr'><strong>Haerentem</strong></span> <span class='ocrx_word' id='word_1_171' title='bbox 596 1395 690 1434; x_wconf 79' lang='lat' dir='ltr'><strong>copiti</strong></span> <span class='ocrx_word' id='word_1_172' title='bbox 705 1405 772 1426; x_wconf 85' lang='lat' dir='ltr'><strong>cum</strong></span> <span class='ocrx_word' id='word_1_173' title='bbox 787 1397 882 1426; x_wconf 79' lang='lat' dir='ltr'><strong>multa</strong></span> <span class='ocrx_word' id='word_1_174' title='bbox 896 1398 984 1427; x_wconf 78' lang='lat' dir='ltr'><strong>laude</strong></span> <span class='ocrx_word' id='word_1_175' title='bbox 999 1398 1147 1428; x_wconf 82' lang='lat' dir='ltr'><strong>nonnulli</strong></span> <span class='ocrx_word' id='word_1_176' title='bbox 1163 1397 1263 1428; x_wconf 90' lang='lat' dir='ltr'><strong>codd.</strong></span> <span class='ocrx_word' id='word_1_177' title='bbox 1279 1407 1334 1437; x_wconf 83' lang='lat' dir='ltr'><strong>ap.</strong></span> <span class='ocrx_word' id='word_1_178' title='bbox 1349 1398 1463 1434; x_wconf 82' lang='lat' dir='ltr'><strong>Feam,</strong></span> <span class='ocrx_word' id='word_1_179' title='bbox 1477 1399 1633 1431; x_wconf 85' lang='lat' dir='ltr'><strong>Torreut.</strong></span> <span class='ocrx_word' id='word_1_180' title='bbox 1650 1398 1762 1428; x_wconf 87' lang='lat' dir='ltr'><strong>Pulm.</strong></span> 
     </span>
     <span class='ocr_line' id='line_1_23' title="bbox 335 1436 1762 1470; baseline 0.001 -4"><span class='ocrx_word' id='word_1_181' title='bbox 335 1436 468 1467; x_wconf 81' lang='lat' dir='ltr'><strong>Talbot.</strong></span> <span class='ocrx_word' id='word_1_182' title='bbox 489 1437 600 1468; x_wconf 81' lang='lat' dir='ltr'><strong>Bentl.</strong></span> <span class='ocrx_word' id='word_1_183' title='bbox 618 1442 653 1467; x_wconf 91' lang='lat' dir='ltr'><strong>et</strong></span> <span class='ocrx_word' id='word_1_184' title='bbox 671 1436 824 1467; x_wconf 88' lang='lat' dir='ltr'><strong>Oberlin.</strong></span> <span class='ocrx_word' id='word_1_185' title='bbox 848 1437 946 1468; x_wconf 87' lang='lat' dir='ltr'><strong>Gott.</strong></span> <span class='ocrx_word' id='word_1_186' title='bbox 962 1438 1059 1469; x_wconf 84' lang='lat' dir='ltr'><strong>Harl.</strong></span> <span class='ocrx_word' id='word_1_187' title='bbox 1074 1441 1106 1469; x_wconf 87' lang='grc'><strong>2.</strong></span> <span class='ocrx_word' id='word_1_188' title='bbox 1123 1441 1153 1470; x_wconf 77' lang='lat'><strong>3.</strong></span> <span class='ocrx_word' id='word_1_189' title='bbox 1169 1442 1200 1469; x_wconf 92' lang='grc'><strong>4.</strong></span> <span class='ocrx_word' id='word_1_190' title='bbox 1225 1439 1338 1469; x_wconf 82' lang='lat' dir='ltr'><strong>Zarot.</strong></span> <span class='ocrx_word' id='word_1_191' title='bbox 1353 1439 1493 1470; x_wconf 88' lang='lat' dir='ltr'><strong>Mediol.</strong></span> <span class='ocrx_word' id='word_1_192' title='bbox 1510 1440 1649 1470; x_wconf 82' lang='lat' dir='ltr'><strong>Venett.</strong></span> <span class='ocrx_word' id='word_1_193' title='bbox 1666 1441 1762 1470; x_wconf 79' lang='grc'><strong>1477.</strong></span> 
     </span>
     <span class='ocr_line' id='line_1_24' title="bbox 338 1478 1763 1520; baseline 0.002 -13"><span class='ocrx_word' id='word_1_194' title='bbox 338 1479 432 1508; x_wconf 88' lang='grc'><strong>1478.</strong></span> <span class='ocrx_word' id='word_1_195' title='bbox 450 1479 544 1508; x_wconf 85' lang='grc'><strong>1479.</strong></span> <span class='ocrx_word' id='word_1_196' title='bbox 560 1483 595 1508; x_wconf 87' lang='lat' dir='ltr'><strong>et</strong></span> <span class='ocrx_word' id='word_1_197' title='bbox 618 1479 699 1509; x_wconf 88' lang='lat' dir='ltr'><strong>Vet.</strong></span> <span class='ocrx_word' id='word_1_198' title='bbox 718 1478 833 1509; x_wconf 84' lang='lat' dir='ltr'><strong>Comb.</strong></span> <span class='ocrx_word' id='word_1_199' title='bbox 859 1483 894 1510; x_wconf 88' lang='lat' dir='ltr'><strong>et</strong></span> <span class='ocrx_word' id='word_1_200' title='bbox 919 1479 967 1510; x_wconf 86' lang='lat' dir='ltr'><strong>sic</strong></span> <span class='ocrx_word' id='word_1_201' title='bbox 991 1480 1106 1511; x_wconf 88' lang='lat' dir='ltr'><strong>Bentl.</strong></span> <span class='ocrx_word' id='word_1_202' title='bbox 1127 1479 1306 1519; x_wconf 82' lang='lat' dir='ltr'><strong>Heindorf,</strong></span> <span class='ocrx_word' id='word_1_203' title='bbox 1327 1481 1407 1516; x_wconf 84' lang='lat' dir='ltr'><strong>Fea,</strong></span> <span class='ocrx_word' id='word_1_204' title='bbox 1431 1481 1556 1520; x_wconf 82' lang='lat' dir='ltr'><strong>Bothe,</strong></span> <span class='ocrx_word' id='word_1_205' title='bbox 1581 1480 1705 1516; x_wconf 76' lang='lat' dir='ltr'><strong>saeck,</strong></span> <span class='ocrx_word' id='word_1_206' title='bbox 1726 1484 1763 1511; x_wconf 85' lang='lat' dir='ltr'><strong>et</strong></span> 
     </span>
     <span class='ocr_line' id='line_1_25' title="bbox 337 1518 1763 1560; baseline 0.002 -11"><span class='ocrx_word' id='word_1_207' title='bbox 337 1518 441 1550; x_wconf 84' lang='lat' dir='ltr'><strong>Kidd.</strong></span> <span class='ocrx_word' id='word_1_208' title='bbox 463 1519 605 1551; x_wconf 79' lang='lat' dir='ltr'><strong>coronam</strong></span> <span class='ocrx_word' id='word_1_209' title='bbox 629 1519 662 1550; x_wconf 92' lang='lat' dir='ltr'><strong>in</strong></span> <span class='ocrx_word' id='word_1_210' title='bbox 684 1519 792 1551; x_wconf 83' lang='lat' dir='ltr'><strong>tribus</strong></span> <span class='ocrx_word' id='word_1_211' title='bbox 806 1520 987 1552; x_wconf 65' lang='lat' dir='ltr'><strong>Viam-50</strong></span> <span class='ocrx_word' id='word_1_212' title='bbox 1011 1521 1186 1553; x_wconf 86' lang='lat' dir='ltr'><strong>Exc.Sax.</strong></span> <span class='ocrx_word' id='word_1_213' title='bbox 1209 1521 1300 1553; x_wconf 76' lang='lat' dir='ltr'><strong>verba</strong></span> <span class='ocrx_word' id='word_1_214' title='bbox 1313 1522 1562 1560; x_wconf 71' lang='lat' dir='ltr'><strong>serentem—51</strong></span> <span class='ocrx_word' id='word_1_215' title='bbox 1586 1523 1669 1554; x_wconf 82' lang='lat' dir='ltr'><strong>Exc.</strong></span> <span class='ocrx_word' id='word_1_216' title='bbox 1684 1523 1763 1552; x_wconf 77' lang='lat' dir='ltr'><strong>Sax-</strong></span> 
     </span>
    </p>
   </div>
   <div class='ocr_carea' id='block_1_9' title="bbox 977 1615 1122 1647">
    <p class='ocr_par' dir='ltr' id='par_1_13' title="bbox 977 1615 1122 1647">
     <span class='ocr_line' id='line_1_26' title="bbox 977 1615 1122 1647; baseline 0.007 -1"><span class='ocrx_word' id='word_1_217' title='bbox 977 1615 1008 1646; x_wconf 89' lang='lat' dir='ltr'>N</span> <span class='ocrx_word' id='word_1_218' title='bbox 1014 1615 1122 1647; x_wconf 73' lang='lat' dir='ltr'><strong>01*AE</strong></span> 
     </span>
    </p>
   </div>
   <div class='ocr_carea' id='block_1_10' title="bbox 336 1676 1032 2497">
    <p class='ocr_par' dir='ltr' id='par_1_14' title="bbox 336 1676 1030 2161">
     <span class='ocr_line' id='line_1_27' title="bbox 336 1676 1024 1717; baseline 0.001 -9"><span class='ocrx_word' id='word_1_219' title='bbox 336 1686 402 1708; x_wconf 93' lang='lat' dir='ltr'><strong>non</strong></span> <span class='ocrx_word' id='word_1_220' title='bbox 419 1680 548 1708; x_wconf 83' lang='lat' dir='ltr'><strong>tantum</strong></span> <span class='ocrx_word' id='word_1_221' title='bbox 563 1677 654 1708; x_wconf 87' lang='lat' dir='ltr'><strong>circa</strong></span> <span class='ocrx_word' id='word_1_222' title='bbox 665 1676 807 1708; x_wconf 85' lang='lat' dir='ltr'><strong>ridicula</strong></span> <span class='ocrx_word' id='word_1_223' title='bbox 815 1677 935 1717; x_wconf 90' lang='lat' dir='ltr'><strong>opinor</strong></span> <span class='ocrx_word' id='word_1_224' title='bbox 946 1687 1024 1709; x_wconf 92' lang='lat' dir='ltr'><strong>con-</strong></span> 
     </span>
     <span class='ocr_line' id='line_1_28' title="bbox 339 1726 1026 1763; baseline 0.003 -7"><span class='ocrx_word' id='word_1_225' title='bbox 339 1727 472 1758; x_wconf 80' lang='lat' dir='ltr'><strong>sistere.</strong></span> <span class='ocrx_word' id='word_1_226' title='bbox 517 1727 593 1758; x_wconf 88' lang='lat' dir='ltr'><strong>Nec</strong></span> <span class='ocrx_word' id='word_1_227' title='bbox 608 1727 695 1757; x_wconf 89' lang='lat' dir='ltr'><strong>enim</strong></span> <span class='ocrx_word' id='word_1_228' title='bbox 709 1726 839 1758; x_wconf 78' lang='lat' dir='ltr'><strong>diceret</strong></span> <span class='ocrx_word' id='word_1_229' title='bbox 853 1727 1026 1763; x_wconf 84' lang='lat' dir='ltr'><strong>Horatius,</strong></span> 
     </span>
     <span class='ocr_line' id='line_1_29' title="bbox 338 1775 1027 1815; baseline 0.001 -9"><span class='ocrx_word' id='word_1_230' title='bbox 338 1775 485 1807; x_wconf 82' lang='lat' dir='ltr'><strong>facetum</strong></span> <span class='ocrx_word' id='word_1_231' title='bbox 506 1776 662 1807; x_wconf 81' lang='lat' dir='ltr'><strong>carminis</strong></span> <span class='ocrx_word' id='word_1_232' title='bbox 687 1785 790 1815; x_wconf 84' lang='lat' dir='ltr'><strong>genus</strong></span> <span class='ocrx_word' id='word_1_233' title='bbox 812 1781 933 1807; x_wconf 85' lang='lat' dir='ltr'><strong>natura</strong></span> <span class='ocrx_word' id='word_1_234' title='bbox 949 1786 1027 1807; x_wconf 89' lang='lat' dir='ltr'><strong>con-</strong></span> 
     </span>
     <span class='ocr_line' id='line_1_30' title="bbox 337 1824 1026 1864; baseline 0 -8"><span class='ocrx_word' id='word_1_235' title='bbox 337 1834 464 1856; x_wconf 83' lang='lat' dir='ltr'><strong>cessum</strong></span> <span class='ocrx_word' id='word_1_236' title='bbox 482 1833 556 1855; x_wconf 86' lang='lat' dir='ltr'><strong>esse</strong></span> <span class='ocrx_word' id='word_1_237' title='bbox 575 1825 728 1864; x_wconf 84' lang='lat' dir='ltr'><strong>Virgilio.</strong></span> <span class='ocrx_word' id='word_1_238' title='bbox 772 1825 914 1856; x_wconf 87' lang='lat' dir='ltr'><strong>Decoris</strong></span> <span class='ocrx_word' id='word_1_239' title='bbox 942 1824 1026 1856; x_wconf 80' lang='lat' dir='ltr'><strong>hanc</strong></span> 
     </span>
     <span class='ocr_line' id='line_1_31' title="bbox 338 1873 1026 1913; baseline -0.003 -8"><span class='ocrx_word' id='word_1_240' title='bbox 338 1874 444 1912; x_wconf 84' lang='lat' dir='ltr'><strong>magis</strong></span> <span class='ocrx_word' id='word_1_241' title='bbox 467 1878 503 1904; x_wconf 90' lang='lat' dir='ltr'><strong>et</strong></span> <span class='ocrx_word' id='word_1_242' title='bbox 525 1874 671 1904; x_wconf 79' lang='lat' dir='ltr'><strong>excultae</strong></span> <span class='ocrx_word' id='word_1_243' title='bbox 697 1873 870 1912; x_wconf 86' lang='lat' dir='ltr'><strong>cujusdam</strong></span> <span class='ocrx_word' id='word_1_244' title='bbox 893 1874 1026 1913; x_wconf 84' lang='lat' dir='ltr'><strong>elegan-</strong></span> 
     </span>
     <span class='ocr_line' id='line_1_32' title="bbox 339 1921 1027 1963; baseline -0.004 -9"><span class='ocrx_word' id='word_1_245' title='bbox 339 1923 396 1954; x_wconf 77' lang='lat' dir='ltr'><strong>tiae</strong></span> <span class='ocrx_word' id='word_1_246' title='bbox 412 1923 671 1963; x_wconf 76' lang='lat' dir='ltr'><strong>appellationem</strong></span> <span class='ocrx_word' id='word_1_247' title='bbox 693 1926 786 1961; x_wconf 82' lang='lat' dir='ltr'><strong>puto.</strong></span> <span class='ocrx_word' id='word_1_248' title='bbox 830 1921 978 1962; x_wconf 88' lang='lat' dir='ltr'><strong>Ideoque</strong></span> <span class='ocrx_word' id='word_1_249' title='bbox 994 1922 1027 1951; x_wconf 89' lang='lat' dir='ltr'><strong>in</strong></span> 
     </span>
     <span class='ocr_line' id='line_1_33' title="bbox 338 1971 1028 2012; baseline -0.004 -8"><span class='ocrx_word' id='word_1_250' title='bbox 338 1972 501 2012; x_wconf 84' lang='lat' dir='ltr'><strong>Epistolis</strong></span> <span class='ocrx_word' id='word_1_251' title='bbox 531 1972 651 2003; x_wconf 91' lang='lat' dir='ltr'><strong>Cicero</strong></span> <span class='ocrx_word' id='word_1_252' title='bbox 687 1971 759 2002; x_wconf 78' lang='lat' dir='ltr'><strong>haec</strong></span> <span class='ocrx_word' id='word_1_253' title='bbox 796 1971 894 2002; x_wconf 86' lang='lat' dir='ltr'><strong>Bruti</strong></span> <span class='ocrx_word' id='word_1_254' title='bbox 927 1971 1028 2001; x_wconf 83' lang='lat' dir='ltr'><strong>verba</strong></span> 
     </span>
     <span class='ocr_line' id='line_1_34' title="bbox 340 2020 1027 2061; baseline -0.004 -7"><span class='ocrx_word' id='word_1_255' title='bbox 340 2022 469 2054; x_wconf 84' lang='lat' dir='ltr'><strong>refert:</strong></span> <span class='ocrx_word' id='word_1_256' title='bbox 501 2023 510 2040; x_wconf 92' lang='lat'>‘</span> <span class='ocrx_word' id='word_1_257' title='bbox 527 2031 579 2052; x_wconf 86' lang='lat' dir='ltr'><strong>nae</strong></span> <span class='ocrx_word' id='word_1_258' title='bbox 604 2021 652 2052; x_wconf 90' lang='lat' dir='ltr'><strong>illi</strong></span> <span class='ocrx_word' id='word_1_259' title='bbox 678 2026 755 2052; x_wconf 82' lang='lat' dir='ltr'><strong>sunt</strong></span> <span class='ocrx_word' id='word_1_260' title='bbox 778 2020 882 2061; x_wconf 84' lang='lat' dir='ltr'><strong>pedes</strong></span> <span class='ocrx_word' id='word_1_261' title='bbox 903 2020 1027 2056; x_wconf 85' lang='lat' dir='ltr'><strong>faceti,’</strong></span> 
     </span>
     <span class='ocr_line' id='line_1_35' title="bbox 339 2070 1030 2113; baseline -0.004 -10"><span class='ocrx_word' id='word_1_262' title='bbox 339 2074 403 2104; x_wconf 69' lang='grc' dir='ltr'><strong>διο.</strong></span> <span class='ocrx_word' id='word_1_263' title='bbox 418 2071 505 2113; x_wconf 87' lang='lat' dir='ltr'><strong>qnod</strong></span> <span class='ocrx_word' id='word_1_264' title='bbox 521 2071 680 2102; x_wconf 88' lang='lat' dir='ltr'><strong>convenit</strong></span> <span class='ocrx_word' id='word_1_265' title='bbox 701 2080 776 2101; x_wconf 88' lang='lat' dir='ltr'><strong>cum</strong></span> <span class='ocrx_word' id='word_1_266' title='bbox 797 2070 855 2100; x_wconf 88' lang='lat' dir='ltr'><strong>illo</strong></span> <span class='ocrx_word' id='word_1_267' title='bbox 871 2070 1030 2101; x_wconf 83' lang='lat' dir='ltr'><strong>Horatia-</strong></span> 
     </span>
     <span class='ocr_line' id='line_1_36' title="bbox 341 2118 864 2161; baseline -0.004 -9"><span class='ocrx_word' id='word_1_268' title='bbox 341 2131 397 2161; x_wconf 89' lang='lat' dir='ltr'><strong>no,</strong></span> <span class='ocrx_word' id='word_1_269' title='bbox 411 2122 420 2137; x_wconf 71' lang='lat'><strong><em>⁴</em></strong></span> <span class='ocrx_word' id='word_1_270' title='bbox 437 2121 541 2152; x_wconf 88' lang='lat' dir='ltr'><strong>Molle</strong></span> <span class='ocrx_word' id='word_1_271' title='bbox 557 2125 659 2161; x_wconf 87' lang='lat' dir='ltr'><strong>atque</strong></span> <span class='ocrx_word' id='word_1_272' title='bbox 672 2118 864 2151; x_wconf 82' lang='lat' dir='ltr'><strong>facetum.”</strong></span> 
     </span>
    </p>

    <p class='ocr_par' dir='ltr' id='par_1_15' title="bbox 340 2168 1030 2359">
     <span class='ocr_line' id='line_1_37' title="bbox 383 2168 1030 2210; baseline -0.005 -8"><span class='ocrx_word' id='word_1_273' title='bbox 383 2173 425 2202; x_wconf 83' lang='grc'><strong>46</strong></span> <span class='ocrx_word' id='word_1_274' title='bbox 450 2170 519 2201; x_wconf 85' lang='grc' dir='ltr'>Ηοι·</span> <span class='ocrx_word' id='word_1_275' title='bbox 532 2173 609 2205; x_wconf 81' lang='lat' dir='ltr'><strong>erat,</strong></span> <span class='ocrx_word' id='word_1_276' title='bbox 624 2168 765 2209; x_wconf 79' lang='lat' dir='ltr'><strong>experto]</strong></span> <span class='ocrx_word' id='word_1_277' title='bbox 781 2168 924 2200; x_wconf 85' lang='lat' dir='ltr'><strong>Carmen</strong></span> <span class='ocrx_word' id='word_1_278' title='bbox 940 2173 1030 2210; x_wconf 86' lang='lat' dir='ltr'><strong>saty-</strong></span> 
     </span>
     <span class='ocr_line' id='line_1_38' title="bbox 341 2217 1029 2259; baseline -0.003 -9"><span class='ocrx_word' id='word_1_279' title='bbox 341 2220 447 2251; x_wconf 87' lang='lat' dir='ltr'><strong>ricum</strong></span> <span class='ocrx_word' id='word_1_280' title='bbox 475 2223 560 2258; x_wconf 84' lang='lat' dir='ltr'><strong>erat,</strong></span> <span class='ocrx_word' id='word_1_281' title='bbox 589 2217 679 2259; x_wconf 89' lang='lat' dir='ltr'><strong>quod</strong></span> <span class='ocrx_word' id='word_1_282' title='bbox 716 2227 779 2257; x_wconf 84' lang='lat' dir='ltr'><strong>ego</strong></span> <span class='ocrx_word' id='word_1_283' title='bbox 805 2218 923 2248; x_wconf 84' lang='lat' dir='ltr'><strong>melius</strong></span> <span class='ocrx_word' id='word_1_284' title='bbox 956 2218 1029 2248; x_wconf 85' lang='lat' dir='ltr'><strong>aliis</strong></span> 
     </span>
     <span class='ocr_line' id='line_1_39' title="bbox 340 2267 1029 2310; baseline -0.003 -10"><span class='ocrx_word' id='word_1_285' title='bbox 340 2269 453 2300; x_wconf 85' lang='lat' dir='ltr'><strong>multis</strong></span> <span class='ocrx_word' id='word_1_286' title='bbox 477 2278 606 2310; x_wconf 83' lang='lat' dir='ltr'><strong>possem</strong></span> <span class='ocrx_word' id='word_1_287' title='bbox 633 2267 802 2298; x_wconf 88' lang='lat' dir='ltr'><strong>scribere:</strong></span> <span class='ocrx_word' id='word_1_288' title='bbox 826 2276 892 2298; x_wconf 88' lang='lat' dir='ltr'><strong>non</strong></span> <span class='ocrx_word' id='word_1_289' title='bbox 917 2273 1029 2299; x_wconf 81' lang='lat' dir='ltr'><strong>tamen</strong></span> 
     </span>
     <span class='ocr_line' id='line_1_40' title="bbox 341 2316 746 2359; baseline -0.007 -10"><span class='ocrx_word' id='word_1_290' title='bbox 341 2327 404 2359; x_wconf 86' lang='lat' dir='ltr'><strong>par</strong></span> <span class='ocrx_word' id='word_1_291' title='bbox 420 2317 550 2349; x_wconf 89' lang='lat' dir='ltr'><strong>Lucilio</strong></span> <span class='ocrx_word' id='word_1_292' title='bbox 565 2316 746 2347; x_wconf 85' lang='lat' dir='ltr'><strong>inventori.</strong></span> 
     </span>
    </p>

    <p class='ocr_par' dir='ltr' id='par_1_16' title="bbox 342 2364 1032 2497">
     <span class='ocr_line' id='line_1_41' title="bbox 387 2364 1030 2407; baseline -0.003 -9"><span class='ocrx_word' id='word_1_293' title='bbox 387 2368 528 2407; x_wconf 75' lang='lat' dir='ltr'><strong>Experto</strong></span> <span class='ocrx_word' id='word_1_294' title='bbox 554 2365 682 2403; x_wconf 66' lang='lat' dir='ltr'><strong>frustra</strong></span> <span class='ocrx_word' id='word_1_295' title='bbox 716 2364 852 2396; x_wconf 80' lang='lat' dir='ltr'><strong>Varrone</strong></span> <span class='ocrx_word' id='word_1_296' title='bbox 881 2365 1030 2406; x_wconf 76' lang='lat' dir='ltr'><strong>Atacino]</strong></span> 
     </span>
     <span class='ocr_line' id='line_1_42' title="bbox 343 2414 1031 2452; baseline -0.004 -4"><span class='ocrx_word' id='word_1_297' title='bbox 343 2417 432 2448; x_wconf 84' lang='lat' dir='ltr'><strong>Pub.</strong></span> <span class='ocrx_word' id='word_1_298' title='bbox 469 2416 606 2447; x_wconf 84' lang='lat' dir='ltr'><strong>Terent.</strong></span> <span class='ocrx_word' id='word_1_299' title='bbox 643 2415 752 2445; x_wconf 83' lang='lat' dir='ltr'><strong>Varro</strong></span> <span class='ocrx_word' id='word_1_300' title='bbox 786 2414 960 2452; x_wconf 83' lang='lat' dir='ltr'><strong>Atacinus,</strong></span> <span class='ocrx_word' id='word_1_301' title='bbox 988 2415 1031 2445; x_wconf 87' lang='lat' dir='ltr'><strong>ab</strong></span> 
     </span>
     <span class='ocr_line' id='line_1_43' title="bbox 342 2462 1032 2497; baseline -0.004 0"><span class='ocrx_word' id='word_1_302' title='bbox 342 2466 453 2497; x_wconf 83' lang='lat' dir='ltr'><strong>Atace</strong></span> <span class='ocrx_word' id='word_1_303' title='bbox 479 2463 647 2496; x_wconf 87' lang='lat' dir='ltr'><strong>Narbonis</strong></span> <span class='ocrx_word' id='word_1_304' title='bbox 670 2463 791 2494; x_wconf 81' lang='lat' dir='ltr'><strong>Galliae</strong></span> <span class='ocrx_word' id='word_1_305' title='bbox 812 2465 886 2495; x_wconf 84' lang='lat' dir='ltr'><strong>vico</strong></span> <span class='ocrx_word' id='word_1_306' title='bbox 903 2464 955 2495; x_wconf 89' lang='lat' dir='ltr'><strong>vel</strong></span> <span class='ocrx_word' id='word_1_307' title='bbox 970 2462 1032 2494; x_wconf 86' lang='lat' dir='ltr'><strong>flu-</strong></span> 
     </span>
    </p>
   </div>
   <div class='ocr_carea' id='block_1_11' title="bbox 342 2512 1034 2555">
    <p class='ocr_par' dir='ltr' id='par_1_17' title="bbox 342 2512 1034 2555">
     <span class='ocr_line' id='line_1_44' title="bbox 342 2512 1034 2555; baseline -0.006 -8"><span class='ocrx_word' id='word_1_308' title='bbox 342 2516 396 2546; x_wconf 85' lang='lat' dir='ltr'><strong>vio</strong></span> <span class='ocrx_word' id='word_1_309' title='bbox 411 2514 678 2555; x_wconf 82' lang='lat' dir='ltr'><strong>cognominatus,</strong></span> <span class='ocrx_word' id='word_1_310' title='bbox 699 2513 738 2543; x_wconf 90' lang='lat' dir='ltr'><strong>iis</strong></span> <span class='ocrx_word' id='word_1_311' title='bbox 759 2516 858 2543; x_wconf 86' lang='lat' dir='ltr'><strong>natus</strong></span> <span class='ocrx_word' id='word_1_312' title='bbox 874 2512 1034 2553; x_wconf 86' lang='lat' dir='ltr'><strong>tempori-</strong></span> 
     </span>
    </p>
   </div>
   <div class='ocr_carea' id='block_1_12' title="bbox 343 2561 1032 2802">
    <p class='ocr_par' dir='ltr' id='par_1_18' title="bbox 343 2561 1032 2802">
     <span class='ocr_line' id='line_1_45' title="bbox 343 2561 1031 2604; baseline -0.001 -10"><span class='ocrx_word' id='word_1_313' title='bbox 343 2563 405 2594; x_wconf 86' lang='lat' dir='ltr'><strong>bus</strong></span> <span class='ocrx_word' id='word_1_314' title='bbox 421 2564 541 2604; x_wconf 85' lang='lat' dir='ltr'><strong>quibus</strong></span> <span class='ocrx_word' id='word_1_315' title='bbox 558 2563 677 2594; x_wconf 85' lang='lat' dir='ltr'><strong>Cicero</strong></span> <span class='ocrx_word' id='word_1_316' title='bbox 692 2566 728 2593; x_wconf 89' lang='lat' dir='ltr'><strong>et</strong></span> <span class='ocrx_word' id='word_1_317' title='bbox 745 2561 948 2593; x_wconf 75' lang='lat' dir='ltr'><strong>Hortensius</strong></span> <span class='ocrx_word' id='word_1_318' title='bbox 965 2562 1031 2594; x_wconf 84' lang='lat' dir='ltr'><strong>cla-</strong></span> 
     </span>
     <span class='ocr_line' id='line_1_46' title="bbox 343 2613 1032 2654; baseline 0.001 -11"><span class='ocrx_word' id='word_1_319' title='bbox 343 2614 371 2644; x_wconf 86' lang='lat' dir='ltr'><strong>ri</strong></span> <span class='ocrx_word' id='word_1_320' title='bbox 388 2613 596 2645; x_wconf 82' lang='lat' dir='ltr'><strong>habebantur</strong></span> <span class='ocrx_word' id='word_1_321' title='bbox 610 2613 644 2643; x_wconf 90' lang='lat' dir='ltr'><strong>in</strong></span> <span class='ocrx_word' id='word_1_322' title='bbox 660 2613 875 2654; x_wconf 77' lang='lat' dir='ltr'><strong>eloquentia3</strong></span> <span class='ocrx_word' id='word_1_323' title='bbox 900 2613 1032 2653; x_wconf 82' lang='lat' dir='ltr'><strong>ingenio</strong></span> 
     </span>
     <span class='ocr_line' id='line_1_47' title="bbox 343 2661 1031 2702; baseline 0 -9"><span class='ocrx_word' id='word_1_324' title='bbox 343 2663 508 2701; x_wconf 81' lang='lat' dir='ltr'><strong>praeclaro</strong></span> <span class='ocrx_word' id='word_1_325' title='bbox 523 2661 586 2692; x_wconf 85' lang='lat' dir='ltr'><strong>fuit</strong></span> <span class='ocrx_word' id='word_1_326' title='bbox 601 2673 609 2693; x_wconf 75' lang='lat'>2</span> <span class='ocrx_word' id='word_1_327' title='bbox 622 2661 759 2702; x_wconf 79' lang='lat' dir='ltr'><strong>scripsit</strong></span> <span class='ocrx_word' id='word_1_328' title='bbox 770 2662 1031 2702; x_wconf 74' lang='lat' dir='ltr'><strong>Epigrammata,</strong></span> 
     </span>
     <span class='ocr_line' id='line_1_48' title="bbox 345 2710 1031 2751; baseline -0.003 -8"><span class='ocrx_word' id='word_1_329' title='bbox 345 2711 491 2751; x_wconf 85' lang='lat' dir='ltr'><strong>Elegias,</strong></span> <span class='ocrx_word' id='word_1_330' title='bbox 515 2715 550 2741; x_wconf 86' lang='lat' dir='ltr'><strong>et</strong></span> <span class='ocrx_word' id='word_1_331' title='bbox 565 2712 631 2742; x_wconf 85' lang='lat' dir='ltr'><strong>alia</strong></span> <span class='ocrx_word' id='word_1_332' title='bbox 647 2710 786 2742; x_wconf 83' lang='lat' dir='ltr'><strong>mirifico</strong></span> <span class='ocrx_word' id='word_1_333' title='bbox 802 2711 924 2743; x_wconf 84' lang='lat' dir='ltr'><strong>studio.</strong></span> <span class='ocrx_word' id='word_1_334' title='bbox 969 2710 1031 2742; x_wconf 88' lang='lat' dir='ltr'><strong>Ar-</strong></span> 
     </span>
     <span class='ocr_line' id='line_1_49' title="bbox 345 2758 1031 2802; baseline -0.003 -11"><span class='ocrx_word' id='word_1_335' title='bbox 345 2758 523 2802; x_wconf 80' lang='lat' dir='ltr'><strong>gonautica</strong></span> <span class='ocrx_word' id='word_1_336' title='bbox 538 2760 609 2801; x_wconf 88' lang='lat' dir='ltr'><strong>ejus</strong></span> <span class='ocrx_word' id='word_1_337' title='bbox 632 2759 804 2790; x_wconf 86' lang='lat' dir='ltr'><strong>celebrant</strong></span> <span class='ocrx_word' id='word_1_338' title='bbox 821 2759 951 2791; x_wconf 84' lang='lat' dir='ltr'><strong>Probus</strong></span> <span class='ocrx_word' id='word_1_339' title='bbox 964 2759 1031 2790; x_wconf 85' lang='lat' dir='ltr'><strong>Va·</strong></span> 
     </span>
    </p>
   </div>
   <div class='ocr_carea' id='block_1_13' title="bbox 1078 1676 1774 2447">
    <p class='ocr_par' dir='ltr' id='par_1_19' title="bbox 1078 1676 1774 2447">
     <span class='ocr_line' id='line_1_50' title="bbox 1079 1676 1766 1719; baseline -0.001 -10"><span class='ocrx_word' id='word_1_340' title='bbox 1079 1677 1191 1717; x_wconf 86' lang='lat' dir='ltr'><strong>lerius,</strong></span> <span class='ocrx_word' id='word_1_341' title='bbox 1213 1677 1335 1719; x_wconf 87' lang='lat' dir='ltr'><strong>aliique</strong></span> <span class='ocrx_word' id='word_1_342' title='bbox 1350 1678 1583 1717; x_wconf 70' lang='lat' dir='ltr'><strong>Grammafici,</strong></span> <span class='ocrx_word' id='word_1_343' title='bbox 1596 1681 1632 1709; x_wconf 92' lang='lat' dir='ltr'><strong>et</strong></span> <span class='ocrx_word' id='word_1_344' title='bbox 1645 1686 1686 1708; x_wconf 86' lang='lat' dir='ltr'><strong>ex</strong></span> <span class='ocrx_word' id='word_1_345' title='bbox 1701 1676 1766 1708; x_wconf 73' lang='lat' dir='ltr'><strong>illis</strong></span> 
     </span>
     <span class='ocr_line' id='line_1_51' title="bbox 1079 1726 1766 1767; baseline -0.003 -9"><span class='ocrx_word' id='word_1_346' title='bbox 1079 1736 1170 1767; x_wconf 81' lang='lat' dir='ltr'><strong>saepe</strong></span> <span class='ocrx_word' id='word_1_347' title='bbox 1187 1728 1368 1759; x_wconf 85' lang='lat' dir='ltr'><strong>versiculos</strong></span> <span class='ocrx_word' id='word_1_348' title='bbox 1385 1726 1548 1759; x_wconf 86' lang='lat' dir='ltr'><strong>referunt.</strong></span> <span class='ocrx_word' id='word_1_349' title='bbox 1590 1727 1637 1758; x_wconf 87' lang='lat' dir='ltr'><strong>At</strong></span> <span class='ocrx_word' id='word_1_350' title='bbox 1652 1726 1686 1757; x_wconf 83' lang='lat' dir='ltr'><strong>iu</strong></span> <span class='ocrx_word' id='word_1_351' title='bbox 1705 1726 1766 1757; x_wconf 78' lang='lat' dir='ltr'><strong>Sa-</strong></span> 
     </span>
     <span class='ocr_line' id='line_1_52' title="bbox 1079 1775 1765 1808; baseline 0.001 -3"><span class='ocrx_word' id='word_1_352' title='bbox 1079 1775 1152 1806; x_wconf 82' lang='lat' dir='ltr'><strong>tiris</strong></span> <span class='ocrx_word' id='word_1_353' title='bbox 1165 1775 1288 1807; x_wconf 77' lang='lat' dir='ltr'><strong>frustra</strong></span> <span class='ocrx_word' id='word_1_354' title='bbox 1306 1776 1496 1808; x_wconf 83' lang='lat' dir='ltr'><strong>desudavit.</strong></span> <span class='ocrx_word' id='word_1_355' title='bbox 1539 1775 1635 1808; x_wconf 84' lang='lat' dir='ltr'><strong>Adeo</strong></span> <span class='ocrx_word' id='word_1_356' title='bbox 1651 1783 1765 1807; x_wconf 84' lang='lat' dir='ltr'><strong>verum</strong></span> 
     </span>
     <span class='ocr_line' id='line_1_53' title="bbox 1079 1824 1764 1866; baseline -0.001 -11"><span class='ocrx_word' id='word_1_357' title='bbox 1079 1829 1132 1855; x_wconf 87' lang='lat' dir='ltr'><strong>est</strong></span> <span class='ocrx_word' id='word_1_358' title='bbox 1159 1826 1247 1866; x_wconf 88' lang='lat' dir='ltr'><strong>quod</strong></span> <span class='ocrx_word' id='word_1_359' title='bbox 1274 1825 1366 1856; x_wconf 88' lang='lat' dir='ltr'><strong>canit</strong></span> <span class='ocrx_word' id='word_1_360' title='bbox 1387 1827 1421 1857; x_wconf 86' lang='lat' dir='ltr'><strong>iu</strong></span> <span class='ocrx_word' id='word_1_361' title='bbox 1447 1827 1561 1866; x_wconf 81' lang='lat' dir='ltr'><strong>Eclog.</strong></span> <span class='ocrx_word' id='word_1_362' title='bbox 1585 1824 1764 1866; x_wconf 75' lang='lat' dir='ltr'><strong>Virgilius:</strong></span> 
     </span>
     <span class='ocr_line' id='line_1_54' title="bbox 1081 1873 1766 1914; baseline 0 -10"><span class='ocrx_word' id='word_1_363' title='bbox 1081 1875 1091 1891; x_wconf 92' lang='lat'>‘</span> <span class='ocrx_word' id='word_1_364' title='bbox 1109 1883 1174 1904; x_wconf 88' lang='lat' dir='ltr'><strong>non</strong></span> <span class='ocrx_word' id='word_1_365' title='bbox 1191 1874 1301 1905; x_wconf 84' lang='lat' dir='ltr'><strong>omnia</strong></span> <span class='ocrx_word' id='word_1_366' title='bbox 1316 1884 1489 1914; x_wconf 88' lang='lat' dir='ltr'><strong>possumus</strong></span> <span class='ocrx_word' id='word_1_367' title='bbox 1499 1873 1635 1906; x_wconf 65' lang='lat' dir='ltr'><strong>omnes!</strong></span> <span class='ocrx_word' id='word_1_368' title='bbox 1678 1873 1766 1904; x_wconf 89' lang='lat' dir='ltr'><strong>Vide</strong></span> 
     </span>
     <span class='ocr_line' id='line_1_55' title="bbox 1081 1922 1768 1956; baseline 0.001 -4"><span class='ocrx_word' id='word_1_369' title='bbox 1081 1922 1176 1954; x_wconf 87' lang='lat' dir='ltr'><strong>Petr.</strong></span> <span class='ocrx_word' id='word_1_370' title='bbox 1201 1923 1362 1954; x_wconf 87' lang='lat' dir='ltr'><strong>Crinitum</strong></span> <span class='ocrx_word' id='word_1_371' title='bbox 1384 1932 1422 1954; x_wconf 82' lang='lat'><strong>11.</strong></span> <span class='ocrx_word' id='word_1_372' title='bbox 1439 1927 1492 1955; x_wconf 78' lang='lat'><strong>31.</strong></span> <span class='ocrx_word' id='word_1_373' title='bbox 1526 1923 1666 1956; x_wconf 83' lang='lat' dir='ltr'><strong>Quintil.</strong></span> <span class='ocrx_word' id='word_1_374' title='bbox 1684 1931 1719 1954; x_wconf 84' lang='lat' dir='ltr'><strong>x.</strong></span> <span class='ocrx_word' id='word_1_375' title='bbox 1737 1925 1768 1954; x_wconf 91' lang='lat'><strong>1.</strong></span> 
     </span>
     <span class='ocr_line' id='line_1_56' title="bbox 1081 1972 1768 2004; baseline 0.003 -2"><span class='ocrx_word' id='word_1_376' title='bbox 1081 1972 1128 2003; x_wconf 84' lang='lat' dir='ltr'><strong>ita</strong></span> <span class='ocrx_word' id='word_1_377' title='bbox 1156 1973 1293 2004; x_wconf 86' lang='lat' dir='ltr'><strong>scribit:</strong></span> <span class='ocrx_word' id='word_1_378' title='bbox 1326 1974 1510 2004; x_wconf 85' lang='lat' dir='ltr'><strong>‘Atacinus</strong></span> <span class='ocrx_word' id='word_1_379' title='bbox 1533 1974 1642 2004; x_wconf 83' lang='lat' dir='ltr'><strong>Varro</strong></span> <span class='ocrx_word' id='word_1_380' title='bbox 1667 1973 1701 2004; x_wconf 90' lang='lat' dir='ltr'><strong>in</strong></span> <span class='ocrx_word' id='word_1_381' title='bbox 1726 1973 1768 2004; x_wconf 83' lang='lat' dir='ltr'><strong>iis</strong></span> 
     </span>
     <span class='ocr_line' id='line_1_57' title="bbox 1081 2021 1770 2063; baseline 0.001 -11"><span class='ocrx_word' id='word_1_382' title='bbox 1081 2030 1141 2061; x_wconf 80' lang='lat' dir='ltr'><strong>per</strong></span> <span class='ocrx_word' id='word_1_383' title='bbox 1170 2031 1245 2062; x_wconf 89' lang='lat' dir='ltr'><strong>quae</strong></span> <span class='ocrx_word' id='word_1_384' title='bbox 1270 2031 1388 2053; x_wconf 85' lang='lat' dir='ltr'><strong>nomen</strong></span> <span class='ocrx_word' id='word_1_385' title='bbox 1412 2022 1556 2063; x_wconf 84' lang='lat' dir='ltr'><strong>adeptus</strong></span> <span class='ocrx_word' id='word_1_386' title='bbox 1580 2027 1642 2062; x_wconf 81' lang='lat' dir='ltr'><strong>est,</strong></span> <span class='ocrx_word' id='word_1_387' title='bbox 1663 2021 1770 2053; x_wconf 84' lang='lat' dir='ltr'><strong>inter-</strong></span> 
     </span>
     <span class='ocr_line' id='line_1_58' title="bbox 1078 2070 1767 2112; baseline 0.001 -11"><span class='ocrx_word' id='word_1_388' title='bbox 1078 2080 1156 2110; x_wconf 84' lang='lat' dir='ltr'><strong>pres</strong></span> <span class='ocrx_word' id='word_1_389' title='bbox 1186 2072 1297 2112; x_wconf 89' lang='lat' dir='ltr'><strong>operis</strong></span> <span class='ocrx_word' id='word_1_390' title='bbox 1321 2071 1436 2111; x_wconf 86' lang='lat' dir='ltr'><strong>alieni,</strong></span> <span class='ocrx_word' id='word_1_391' title='bbox 1466 2080 1531 2103; x_wconf 87' lang='lat' dir='ltr'><strong>non</strong></span> <span class='ocrx_word' id='word_1_392' title='bbox 1558 2070 1767 2112; x_wconf 81' lang='lat' dir='ltr'><strong>spernendus</strong></span> 
     </span>
     <span class='ocr_line' id='line_1_59' title="bbox 1078 2119 1767 2160; baseline 0.001 -10"><span class='ocrx_word' id='word_1_393' title='bbox 1078 2119 1228 2160; x_wconf 90' lang='lat' dir='ltr'><strong>quidem,</strong></span> <span class='ocrx_word' id='word_1_394' title='bbox 1245 2130 1356 2151; x_wconf 81' lang='lat' dir='ltr'><strong>verum</strong></span> <span class='ocrx_word' id='word_1_395' title='bbox 1373 2121 1413 2151; x_wconf 87' lang='lat' dir='ltr'><strong>ad</strong></span> <span class='ocrx_word' id='word_1_396' title='bbox 1425 2120 1611 2160; x_wconf 85' lang='lat' dir='ltr'><strong>augendam</strong></span> <span class='ocrx_word' id='word_1_397' title='bbox 1625 2119 1767 2152; x_wconf 70' lang='lat' dir='ltr'><strong>faculis·</strong></span> 
     </span>
     <span class='ocr_line' id='line_1_60' title="bbox 1080 2168 1774 2210; baseline -0.003 -10"><span class='ocrx_word' id='word_1_398' title='bbox 1080 2174 1148 2200; x_wconf 85' lang='lat' dir='ltr'><strong>tem</strong></span> <span class='ocrx_word' id='word_1_399' title='bbox 1165 2169 1300 2200; x_wconf 87' lang='lat' dir='ltr'><strong>dicendi</strong></span> <span class='ocrx_word' id='word_1_400' title='bbox 1329 2179 1446 2210; x_wconf 88' lang='lat' dir='ltr'><strong>parum</strong></span> <span class='ocrx_word' id='word_1_401' title='bbox 1469 2168 1640 2210; x_wconf 66' lang='lat' dir='ltr'><strong>locuples!</strong></span> <span class='ocrx_word' id='word_1_402' title='bbox 1683 2168 1774 2208; x_wconf 68' lang='lat' dir='ltr'><strong>Ejus</strong></span> 
     </span>
     <span class='ocr_line' id='line_1_61' title="bbox 1078 2218 1766 2250; baseline -0.004 -1"><span class='ocrx_word' id='word_1_403' title='bbox 1078 2219 1180 2250; x_wconf 84' lang='lat' dir='ltr'><strong>etiam</strong></span> <span class='ocrx_word' id='word_1_404' title='bbox 1193 2218 1344 2249; x_wconf 85' lang='lat' dir='ltr'><strong>meminit</strong></span> <span class='ocrx_word' id='word_1_405' title='bbox 1360 2218 1484 2249; x_wconf 83' lang='lat' dir='ltr'><strong>Euseb.</strong></span> <span class='ocrx_word' id='word_1_406' title='bbox 1496 2218 1620 2249; x_wconf 80' lang='lat' dir='ltr'><strong>chron.</strong></span> <span class='ocrx_word' id='word_1_407' title='bbox 1635 2221 1766 2248; x_wconf 79' lang='lat' dir='ltr'><strong>natum·</strong></span> 
     </span>
     <span class='ocr_line' id='line_1_62' title="bbox 1079 2265 1766 2310; baseline -0.004 -11"><span class='ocrx_word' id='word_1_408' title='bbox 1079 2278 1142 2310; x_wconf 89' lang='lat' dir='ltr'><strong>que</strong></span> <span class='ocrx_word' id='word_1_409' title='bbox 1159 2266 1265 2298; x_wconf 83' lang='lat' dir='ltr'><strong>refert</strong></span> <span class='ocrx_word' id='word_1_410' title='bbox 1282 2267 1322 2298; x_wconf 83' lang='lat' dir='ltr'><strong>ad</strong></span> <span class='ocrx_word' id='word_1_411' title='bbox 1339 2268 1478 2308; x_wconf 83' lang='lat' dir='ltr'><strong>Olymp.</strong></span> <span class='ocrx_word' id='word_1_412' title='bbox 1495 2270 1565 2298; x_wconf 85' lang='grc'><strong>174.</strong></span> <span class='ocrx_word' id='word_1_413' title='bbox 1590 2266 1685 2298; x_wconf 80' lang='lat' dir='ltr'><strong>annis</strong></span> <span class='ocrx_word' id='word_1_414' title='bbox 1700 2265 1766 2297; x_wconf 85' lang='lat' dir='ltr'><strong>oir-</strong></span> 
     </span>
     <span class='ocr_line' id='line_1_63' title="bbox 1081 2315 1767 2357; baseline -0.003 -8"><span class='ocrx_word' id='word_1_415' title='bbox 1081 2318 1166 2349; x_wconf 87' lang='lat' dir='ltr'><strong>citer</strong></span> <span class='ocrx_word' id='word_1_416' title='bbox 1178 2317 1295 2357; x_wconf 81' lang='lat' dir='ltr'><strong>viginti</strong></span> <span class='ocrx_word' id='word_1_417' title='bbox 1305 2326 1324 2346; x_wconf 86' lang='lat' dir='ltr'><strong>a</strong></span> <span class='ocrx_word' id='word_1_418' title='bbox 1337 2321 1445 2347; x_wconf 87' lang='lat' dir='ltr'><strong>morte</strong></span> <span class='ocrx_word' id='word_1_419' title='bbox 1458 2316 1578 2347; x_wconf 86' lang='lat' dir='ltr'><strong>Lucilii</strong></span> <span class='ocrx_word' id='word_1_420' title='bbox 1593 2326 1602 2346; x_wconf 72' lang='grc' dir='ltr'><strong><em>ι</em></strong></span> <span class='ocrx_word' id='word_1_421' title='bbox 1625 2320 1660 2347; x_wconf 88' lang='lat' dir='ltr'><strong>et</strong></span> <span class='ocrx_word' id='word_1_422' title='bbox 1672 2315 1767 2347; x_wconf 78' lang='lat' dir='ltr'><strong>Grae-</strong></span> 
     </span>
     <span class='ocr_line' id='line_1_64' title="bbox 1083 2363 1767 2398; baseline -0.003 0"><span class='ocrx_word' id='word_1_423' title='bbox 1083 2377 1138 2398; x_wconf 84' lang='lat' dir='ltr'><strong>cas</strong></span> <span class='ocrx_word' id='word_1_424' title='bbox 1167 2366 1282 2397; x_wconf 83' lang='lat' dir='ltr'><strong>literas</strong></span> <span class='ocrx_word' id='word_1_425' title='bbox 1312 2374 1439 2395; x_wconf 79' lang='lat' dir='ltr'><strong>summo</strong></span> <span class='ocrx_word' id='word_1_426' title='bbox 1468 2364 1580 2395; x_wconf 80' lang='lat' dir='ltr'><strong>studio</strong></span> <span class='ocrx_word' id='word_1_427' title='bbox 1609 2363 1767 2396; x_wconf 79' lang='lat' dir='ltr'><strong>didicisse</strong></span> 
     </span>
     <span class='ocr_line' id='line_1_65' title="bbox 1085 2415 1362 2447; baseline -0.011 0"><span class='ocrx_word' id='word_1_428' title='bbox 1085 2426 1170 2447; x_wconf 87' lang='lat' dir='ltr'><strong>anno</strong></span> <span class='ocrx_word' id='word_1_429' title='bbox 1185 2415 1294 2447; x_wconf 79' lang='lat' dir='ltr'><strong>aetatis</strong></span> <span class='ocrx_word' id='word_1_430' title='bbox 1309 2416 1362 2445; x_wconf 80' lang='lat'><strong>85.</strong></span> 
     </span>
    </p>
   </div>
   <div class='ocr_carea' id='block_1_14' title="bbox 1127 2461 1822 2502">
    <p class='ocr_par' dir='ltr' id='par_1_20' title="bbox 1127 2461 1822 2502">
     <span class='ocr_line' id='line_1_66' title="bbox 1127 2461 1822 2502; baseline -0.004 -5"><span class='ocrx_word' id='word_1_431' title='bbox 1127 2468 1168 2497; x_wconf 85' lang='grc'><strong>48</strong></span> <span class='ocrx_word' id='word_1_432' title='bbox 1191 2465 1352 2496; x_wconf 78' lang='lat' dir='ltr'><strong>Inventore</strong></span> <span class='ocrx_word' id='word_1_433' title='bbox 1365 2462 1479 2502; x_wconf 79' lang='lat' dir='ltr'><strong>minor]</strong></span> <span class='ocrx_word' id='word_1_434' title='bbox 1508 2461 1606 2494; x_wconf 80' lang='lat' dir='ltr'><strong>Quod</strong></span> <span class='ocrx_word' id='word_1_435' title='bbox 1625 2462 1771 2494; x_wconf 81' lang='lat' dir='ltr'><strong>Lucilius</strong></span> <span class='ocrx_word' id='word_1_436' title='bbox 1816 2477 1822 2483; x_wconf 86' lang='lat'><strong>·</strong></span> 
     </span>
    </p>
   </div>
   <div class='ocr_carea' id='block_1_15' title="bbox 1084 2510 1781 2799">
    <p class='ocr_par' dir='ltr' id='par_1_21' title="bbox 1084 2510 1781 2799">
     <span class='ocr_line' id='line_1_67' title="bbox 1085 2510 1770 2553; baseline -0.004 -8"><span class='ocrx_word' id='word_1_437' title='bbox 1085 2515 1211 2545; x_wconf 79' lang='lat' dir='ltr'><strong>Satiras</strong></span> <span class='ocrx_word' id='word_1_438' title='bbox 1227 2511 1351 2553; x_wconf 87' lang='lat' dir='ltr'><strong>primus</strong></span> <span class='ocrx_word' id='word_1_439' title='bbox 1367 2511 1515 2550; x_wconf 84' lang='lat' dir='ltr'><strong>scripsit,</strong></span> <span class='ocrx_word' id='word_1_440' title='bbox 1536 2514 1570 2541; x_wconf 85' lang='lat' dir='ltr'><strong>et</strong></span> <span class='ocrx_word' id='word_1_441' title='bbox 1582 2510 1672 2551; x_wconf 86' lang='lat' dir='ltr'><strong>quod</strong></span> <span class='ocrx_word' id='word_1_442' title='bbox 1687 2512 1696 2528; x_wconf 79' lang='lat'>⁸</span> <span class='ocrx_word' id='word_1_443' title='bbox 1709 2512 1770 2542; x_wconf 88' lang='lat' dir='ltr'><strong>mi·</strong></span> 
     </span>
     <span class='ocr_line' id='line_1_68' title="bbox 1085 2560 1770 2600; baseline -0.006 -4"><span class='ocrx_word' id='word_1_444' title='bbox 1085 2574 1154 2596; x_wconf 87' lang='lat' dir='ltr'><strong>ram</strong></span> <span class='ocrx_word' id='word_1_445' title='bbox 1167 2562 1399 2600; x_wconf 80' lang='lat' dir='ltr'><strong>eruditionem,</strong></span> <span class='ocrx_word' id='word_1_446' title='bbox 1415 2561 1618 2599; x_wconf 81' lang='lat' dir='ltr'><strong>libertatem,</strong></span> <span class='ocrx_word' id='word_1_447' title='bbox 1640 2560 1770 2592; x_wconf 81' lang='lat' dir='ltr'><strong>acerbi-</strong></span> 
     </span>
     <span class='ocr_line' id='line_1_69' title="bbox 1084 2608 1771 2649; baseline -0.004 -5"><span class='ocrx_word' id='word_1_448' title='bbox 1084 2617 1199 2649; x_wconf 84' lang='lat' dir='ltr'><strong>tatem,</strong></span> <span class='ocrx_word' id='word_1_449' title='bbox 1214 2616 1248 2642; x_wconf 88' lang='lat' dir='ltr'><strong>et</strong></span> <span class='ocrx_word' id='word_1_450' title='bbox 1265 2610 1398 2640; x_wconf 87' lang='lat' dir='ltr'><strong>abunde</strong></span> <span class='ocrx_word' id='word_1_451' title='bbox 1415 2608 1507 2640; x_wconf 87' lang='lat' dir='ltr'><strong>salis&#39;</strong></span> <span class='ocrx_word' id='word_1_452' title='bbox 1519 2609 1633 2649; x_wconf 85' lang='lat' dir='ltr'><strong>habet,</strong></span> <span class='ocrx_word' id='word_1_453' title='bbox 1643 2610 1719 2641; x_wconf 84' lang='lat' dir='ltr'><strong>binc</strong></span> <span class='ocrx_word' id='word_1_454' title='bbox 1731 2619 1771 2641; x_wconf 79' lang='lat' dir='ltr'><strong>eo</strong></span> 
     </span>
     <span class='ocr_line' id='line_1_70' title="bbox 1086 2657 1781 2699; baseline -0.004 -7"><span class='ocrx_word' id='word_1_455' title='bbox 1086 2671 1121 2692; x_wconf 89' lang='lat' dir='ltr'><strong>se</strong></span> <span class='ocrx_word' id='word_1_456' title='bbox 1140 2661 1299 2691; x_wconf 87' lang='lat' dir='ltr'><strong>minorem</strong></span> <span class='ocrx_word' id='word_1_457' title='bbox 1317 2657 1491 2699; x_wconf 85' lang='lat' dir='ltr'><strong>profitetur</strong></span> <span class='ocrx_word' id='word_1_458' title='bbox 1506 2658 1643 2694; x_wconf 82' lang='lat' dir='ltr'><strong>Noster,</strong></span> <span class='ocrx_word' id='word_1_459' title='bbox 1666 2667 1781 2699; x_wconf 85' lang='lat' dir='ltr'><strong>quan·-</strong></span> 
     </span>
     <span class='ocr_line' id='line_1_71' title="bbox 1085 2708 1771 2751; baseline -0.004 -10"><span class='ocrx_word' id='word_1_460' title='bbox 1085 2718 1182 2751; x_wconf 78' lang='lat' dir='ltr'><strong>quam</strong></span> <span class='ocrx_word' id='word_1_461' title='bbox 1196 2709 1338 2740; x_wconf 82' lang='lat' dir='ltr'><strong>‘tersior</strong></span> <span class='ocrx_word' id='word_1_462' title='bbox 1360 2708 1466 2738; x_wconf 88' lang='lat' dir='ltr'><strong>multo</strong></span> <span class='ocrx_word' id='word_1_463' title='bbox 1481 2716 1520 2738; x_wconf 86' lang='lat' dir='ltr'><strong>ac</strong></span> <span class='ocrx_word' id='word_1_464' title='bbox 1538 2716 1637 2748; x_wconf 87' lang='lat' dir='ltr'><strong>purus</strong></span> <span class='ocrx_word' id='word_1_465' title='bbox 1653 2708 1771 2748; x_wconf 77' lang='lat' dir='ltr'><strong>magis,</strong></span> 
     </span>
     <span class='ocr_line' id='line_1_72' title="bbox 1085 2755 1771 2799; baseline -0.001 -10"><span class='ocrx_word' id='word_1_466' title='bbox 1085 2763 1119 2790; x_wconf 91' lang='lat' dir='ltr'><strong>et</strong></span> <span class='ocrx_word' id='word_1_467' title='bbox 1146 2757 1187 2789; x_wconf 78' lang='lat' dir='ltr'><strong>ad</strong></span> <span class='ocrx_word' id='word_1_468' title='bbox 1217 2757 1381 2789; x_wconf 86' lang='lat' dir='ltr'><strong>notandos</strong></span> <span class='ocrx_word' id='word_1_469' title='bbox 1406 2765 1514 2789; x_wconf 86' lang='lat' dir='ltr'><strong>mores</strong></span> <span class='ocrx_word' id='word_1_470' title='bbox 1540 2757 1730 2799; x_wconf 64' lang='lat' dir='ltr'><strong>praecipuus</strong></span> <span class='ocrx_word' id='word_1_471' title='bbox 1743 2755 1771 2788; x_wconf 65' lang='grc' dir='ltr'><strong>τ’</strong></span> 
     </span>
    </p>
   </div>
  </div>
 </body>
</html>
