1890 3256
410 282 519 323 1118
874 296 916 333 Q.
948 294 1151 324 floRATn
1188 292 1358 342 rtAccl

410 387 588 427 Reddes
608 387 734 427 dulce
753 387 901 439 loqui3
933 385 1085 425 reddes
1107 386 1247 426 ridere
1267 386 1486 435 decorum,
1507 390 1549 427 et

410 453 524 492 Inter
545 452 644 492 vina
660 452 802 503 sugam
823 449 1005 503 Cynarae
1027 463 1207 491 moerere
1229 454 1449 504 protervae.

408 517 537 558 Forte
558 529 633 569 per
653 519 881 566 angustam
901 515 1046 555 tenuis
1065 515 1257 557 nitedula
1274 516 1426 557 rimam

409 583 622 635 Repserat
640 582 683 620 in
704 592 923 620 cumeram
942 579 1166 630 frumenti3
1195 585 1413 634 pastaque
1431 593 1580 622 rursus

408 648 477 688 Ire
497 649 611 688 foras
632 647 758 699 pleno
779 645 978 686 tendebat
997 657 1178 698 corpore
1197 645 1384 686 frustra:

408 713 493 754 Cui
512 712 699 752 mustela
719 711 888 763 procul,
910 710 958 750 Si
980 710 1061 760 vis,
1083 710 1158 759 ait,
1179 710 1366 763 effugere
1385 712 1529 760 istinc,

409 778 562 818 Macra
581 789 739 818 cavum
758 779 927 828 repetes
945 779 1123 826 arctum,
1152 789 1280 829 quem
1299 789 1445 818 macra
1465 777 1632 818 subisti.

406 843 509 885 Hac
529 855 607 894 ego
629 842 668 900 si
687 842 925 894 compellor
944 841 1145 893 imagine,
1165 846 1322 883 cuncta
1340 843 1532 895 resigno:

1771 582 1828 623 30

403 963 477 992 gros
490 954 591 985 crines
607 954 715 992 fronte
729 955 857 986 arctiori
868 965 879 986 .·
899 954 1027 986 restitue
1041 955 1174 994 lepidum
1188 965 1364 994 sermonem,
1370 957 1457 996 jocos
1461 957 1595 996 facetos,
1606 960 1636 988 el
1648 956 1749 987 dolere
1765 955 1827 994 Gy-

405 1004 491 1026 naroe
504 997 625 1026 lasciva>
637 998 799 1027 discessum
811 997 894 1026 inter
904 997 1019 1035 epulas.
1066 997 1150 1026 Olim
1162 998 1266 1037 vulpes
1282 999 1441 1029 nwcilentu
1461 1008 1517 1037 per
1530 999 1679 1039 fissuram
1691 997 1826 1028 ”abierut

403 1036 503 1066 tritici
516 1038 634 1067 alveum
641 1047 654 1073 ;
674 1037 782 1068 deinde
795 1046 864 1067 nero
878 1040 1019 1068 satur-ala
1033 1037 1119 1068 exire
1140 1037 1227 1068 obeso
1248 1048 1374 1078 corpore
1389 1039 1516 1075 frustm
1530 1039 1698 1070 nitehatur.
1721 1037 1826 1068 ‘Huic

405 1079 534 1108 mustela
549 1088 565 1108 e
586 1078 748 1118 longinquo
774 1078 859 1108 dixit
868 1088 878 1108 .·
901 1077 939 1108 Si
960 1078 1046 1117 cupis
1066 1078 1150 1108 illinc
1174 1080 1312 1119 evadere,
1334 1089 1390 1119 per
1414 1083 1576 1118 angustam
1595 1080 1706 1110 rimam
1730 1077 1830 1108 exibis

402 1119 544 1156 gracilis,
558 1129 613 1159 per
623 1129 714 1159 quum
726 1119 858 1159 gracilis
871 1119 1007 1150 intrasti.
1051 1119 1120 1150 Ista
1133 1129 1190 1158 ego
1203 1120 1405 1152 similitudine
1419 1121 1449 1152 si
1461 1130 1587 1160 urgear,
1608 1120 1710 1152 mnata
1733 1119 1828 1151 libens

995 1211 1013 1223 0
1019 1211 1236 1226 OOOOOO‘ONO

404 1283 505 1313 quam,
519 1274 602 1304 noles
615 1284 773 1314 nusquam,
788 1274 867 1306 nolis
882 1278 1100 1314 usquam—2⁷
1121 1277 1218 1307 Dulce
1231 1276 1314 1315 loqui
1327 1276 1446 1315 reddes,
1457 1276 1565 1314 reddes
1576 1274 1718 1315 Cuning.
1734 1283 1828 1315 more

405 1325 477 1346 suo.
500 1316 639 1346 decorum
662 1316 886 1348 Schoenborn.
910 1320 941 1347 2.
966 1320 998 1348 3.
1021 1317 1092 1348 sine
1117 1321 1159 1348 et.
1213 1317 1443 1349 Schoenborn.
1464 1319 1496 1348 4.
1533 1317 1669 1349 Reddere
1684 1326 1828 1357 posse.—

404 1359 447 1387 28
468 1357 645 1395 Bamberg.
669 1360 880 1389 merere—29
904 1358 999 1389 Harl.
1023 1362 1052 1390 1.
1069 1361 1100 1390 2.
1114 1361 1146 1390 3.
1160 1361 1192 1390 4.
1204 1361 1236 1391 6.
1251 1361 1282 1390 7.
1304 1359 1482 1399 Bamberg-
1504 1357 1733 1399 Schoenboru.
1748 1360 1780 1397 2.
1795 1361 1827 1390 3.

403 1401 436 1429 4.
469 1407 580 1431 omnes
604 1399 763 1437 Bentleii,
791 1403 828 1430 et
850 1400 893 1430 al.
919 1400 1000 1431 item
1031 1400 1108 1431 edd.
1140 1404 1222 1431 vett.
1251 1405 1286 1432 et
1315 1401 1452 1442 reliquae
1478 1406 1557 1432 ante
1582 1399 1696 1432 Bentl.
1725 1400 1828 1441 vulpe-

402 1440 484 1478 cula,
514 1440 569 1480 qui
594 1449 635 1471 ex
666 1441 801 1480 ingenio
829 1441 979 1473 restituit
1006 1442 1154 1479 nitedula,
1177 1451 1319 1482 eumque
1341 1442 1449 1473 secuti
1470 1445 1548 1472 sunt
1573 1445 1718 1473 recentt.
1734 1450 1827 1482 prae·

406 1485 459 1511 ter
485 1482 696 1513 Ducem—30
717 1482 944 1513 Schoenborn.
971 1485 1002 1513 3.
1027 1482 1107 1514 Vat.
1133 1486 1165 1514 4.
1187 1493 1206 1513 a
1237 1493 1281 1514 m.
1313 1492 1363 1522 pr.
1391 1483 1470 1514 Vat.
1497 1483 1592 1514 Rom.
1607 1486 1639 1514 5.
1661 1493 1679 1513 a
1699 1492 1744 1514 m.
1760 1492 1828 1513 sec.

405 1526 442 1553 et
470 1521 623 1560 Angelic.
646 1526 676 1553 3.
704 1524 737 1554 in
761 1533 923 1561 cameram,
944 1527 982 1554 ut
1009 1524 1099 1564 conj.
1127 1525 1246 1555 Dacer.
1269 1534 1393 1556 rursum
1415 1523 1642 1556 Schoenborn.
1666 1526 1696 1555 3.
1719 1528 1754 1554 et
1779 1523 1828 1554 sic

405 1563 632 1602 Cuning.-32
657 1564 835 1602 Bamberg.
848 1565 962 1603 sugere
976 1565 1164 1596 istium—33
1188 1566 1236 1596 M.
1250 1576 1278 1596 c.
1292 1569 1412 1605 repetas
1434 1566 1530 1606 Vatt.
1543 1568 1576 1596 4.
1594 1568 1646 1597 15.
1662 1567 1714 1596 16.
1750 1564 1827 1595 Chi-

404 1605 487 1635 sian.
505 1608 536 1635 5.
553 1605 607 1634 alii
623 1605 722 1637 codd.
739 1616 793 1642 ap.
805 1606 934 1637 Valart.
950 1605 1028 1637 edd.
1044 1607 1182 1638 Venett.
1199 1609 1291 1638 1477.
1307 1609 1401 1638 1478.
1417 1609 1510 1638 1479.
1525 1609 1617 1639 1481.
1630 1609 1722 1638 1483-
1735 1608 1829 1637 1486.

405 1648 500 1677 1490.
516 1648 610 1677 1495.
626 1649 720 1678 1505.
743 1647 891 1678 Floreut.
908 1649 1001 1679 1482.
1037 1648 1126 1688 Lips.
1143 1650 1236 1679 1499.
1259 1648 1355 1680 Junt.
1383 1650 1477 1679 1503.
1500 1653 1536 1679 et
1562 1647 1715 1679 Britann.
1730 1649 1826 1678 1520.

404 1686 585 1727 Bamberg.
607 1691 721 1719 artum.
775 1688 1000 1720 Schoenborn.
1026 1692 1059 1720 2.
1081 1692 1281 1721 arcum—34
1303 1689 1398 1720 Vaut.
1422 1692 1454 1720 3.
1479 1692 1511 1720 7.
1538 1692 1590 1720 15.
1624 1688 1772 1721 Chisian.
1796 1691 1828 1720 5.

406 1727 509 1760 Aldd.
527 1731 556 1761 1.
571 1731 602 1760 2.
618 1732 649 1761 3.
671 1730 810 1762 venett.
826 1733 920 1762 1509.
935 1733 1028 1762 1552.
1051 1730 1142 1762 Frib.
1159 1733 1253 1763 1536.
1277 1731 1376 1763 Dion.
1402 1731 1445 1762 ab
1468 1730 1592 1762 Harsio
1613 1729 1720 1771 Lugd.
1735 1731 1828 1760 1538.

1047 1825 1187 1858 ΝΟΤΙΕ

1145 1887 1229 1918 bene
1244 1896 1304 1926 pro
1320 1890 1391 1918 toto
1406 1885 1544 1916 libertas
1554 1883 1708 1915 venditur
1723 1885 1826 1915 auro!

1142 1935 1241 1967 Quod
1278 1934 1410 1975 quidem
1447 1932 1595 1964 ostendit
1626 1932 1826 1971 luculenter-1,

405 1885 589 1923 densiores,
603 1891 744 1925 angusta
759 1897 768 1925 ;
792 1891 828 1918 at
849 1887 889 1918 iis
904 1887 1090 1919 decidenti-

404 1933 466 1965 bus
475 1934 614 1973 jamque
634 1934 825 1972 rarioribus,
840 1935 921 1965 lata.

445 1985 488 2014 27
509 1982 626 2013 Ridere
639 1983 790 2020 decorum,
804 1985 836 2013 et
852 1983 940 2013 Inter
953 1983 1026 2013 vina
1033 1982 1087 2020 fu-

401 2041 487 2070 gam,
501 2031 570 2071 qe]
602 2031 773 2062 Levitates
793 2030 974 2062 amatorias
988 2034 1023 2061 et
1035 2031 1089 2070 ju·

404 2079 543 2111 veniles.

444 2130 487 2159 29
509 2127 605 2158 Forte
619 2135 674 2167 per
686 2131 861 2167 angustam,
874 2127 942 2167 ἔγω]
966 2127 1089 2168 Apolo-

404 2187 465 2218 gus
494 2181 531 2208 et
560 2177 745 2208 similitudo
772 2177 916 2208 maxime
937 2177 979 2208 ad
1006 2186 1090 2215 rem,

403 2225 525 2266 quibus
541 2225 683 2256 solerter
705 2230 741 2257 et
761 2226 932 2266 ingeniose
945 2229 1089 2258 mentem

403 2283 495 2305 suam
511 2273 663 2305 declarat
678 2274 851 2305 Horatius.
1005 2288 1007 2290 ·

446 2326 488 2354 30
515 2323 691 2363 eameram]
711 2323 780 2354 Vas
807 2327 988 2363 sparteum,
1019 2324 1090 2363 pal-

403 2381 528 2411 meum,
557 2371 750 2411 vimineum,
775 2382 842 2412 quo
867 2372 989 2412 plebeii
1012 2382 1087 2403 con-

403 2420 532 2452 debant
557 2420 735 2453 frumenta.
777 2421 858 2461 Ejus
881 2421 1006 2451 mentio
1018 2421 1089 2461 jam

404 2478 429 2501 1.
447 2470 517 2501 Sat.
535 2473 565 2502 1.
578 2473 630 2501 53.

445 2521 487 2550 32
512 2519 662 2560 Mustela]
682 2518 856 2558 Mostella,
881 2519 951 2550 sive
967 2524 1089 2550 muste-

403 2570 447 2608 la,
462 2569 552 2600 Gau.
566 2579 624 2600 une
641 2569 744 2600 belete.

445 2620 485 2649 34
513 2619 631 2649 Cuncta
642 2619 780 2659 resigno]
797 2617 873 2649 Non
885 2622 1013 2649 temere
1030 2622 1088 2649 aut

402 2665 493 2701 ficte.
518 2667 577 2698 sed
602 2668 757 2698 consulto
779 2671 815 2698 et
838 2677 879 2698 ex
899 2667 999 2698 animi
1015 2676 1088 2697 sen-

404 2716 511 2746 tentia
522 2716 671 2757 loquitur
682 2716 856 2748 Horatius.
898 2716 979 2756 Ejus
994 2721 1088 2747 certe

403 2765 507 2796 menti
523 2766 655 2805 penitus
671 2765 840 2798 insidebat
855 2765 957 2799 illud:
982 2767 991 2784 ‘
1010 2765 1088 2798 Non

1142 1992 1217 2013 cum
1240 1992 1304 2013 nec
1325 1982 1389 2021 ipsi
1413 1981 1566 2020 Augusto
1588 1989 1681 2012 suam
1702 1981 1827 2012 manci·

1142 2039 1222 2069 pare
1236 2030 1424 2061 libertatem
1435 2029 1550 2060 voluit.
1572 2029 1628 2061 Sic
1643 2029 1729 2060 enim
1742 2029 1828 2061 Mae.

1142 2079 1253 2110 cenati
1275 2078 1465 2119 Imperator
1486 2078 1691 2118 scripserat:
1713 2079 1724 2096 ‘
1737 2077 1826 2112 Ante

1141 2127 1213 2166 ipse
1238 2126 1446 2158 sufficiebam
1468 2126 1652 2159 scribendis
1667 2126 1827 2167 Epistolis

1142 2176 1320 2207 amicorum
1334 2186 1343 2214 ς
1371 2185 1459 2206 nunc
1487 2175 1761 2216 occupatissimus
1790 2180 1826 2206 et

1140 2223 1289 2256 infirmus
1304 2224 1482 2256 Horatium
1498 2229 1648 2257 nostrum
1667 2229 1702 2256 te
1726 2226 1825 2264 cupio

1143 2271 1324 2304 adducere·
1366 2272 1490 2303 Veniet
1504 2272 1605 2312 igitur
1623 2272 1665 2304 ab
1681 2272 1744 2303 ista
1766 2282 1824 2312 pa-

1142 2321 1279 2354 rasitica
1308 2330 1423 2353 mensa
1443 2320 1484 2351 sd
1511 2321 1596 2352 hanc
1620 2321 1766 2360 regiam:
1791 2325 1825 2351 et

1142 2381 1202 2403 nos
1218 2372 1252 2402 in
1263 2368 1622 2411 Epistolisscribendis
1630 2368 1825 2408 adjuvabit!

1142 2420 1231 2454 Quid
1257 2429 1335 2451 vero
1358 2418 1399 2449 ad
1414 2418 1484 2448 haec
1501 2416 1686 2448 Horatius?
1730 2417 1823 2448 Prae-

1142 2471 1269 2502 clarum
1282 2467 1491 2500 nibilominus
1503 2465 1647 2497 officium
1663 2465 1824 2506 deprecu⁴

1142 2525 1195 2551 tus
1211 2522 1274 2557 est,
1285 2515 1498 2553 detrectavit,
1513 2514 1694 2546 recusavit.
1721 2514 1823 2547 Patet

1141 2578 1183 2600 ex
1200 2566 1341 2606 Augusti
1357 2565 1396 2596 ad
1414 2566 1521 2605 ipsum
1537 2565 1689 2605 Epistola
1709 2565 1742 2596 in
1757 2574 1822 2605 qua

1141 2618 1190 2648 sic
1204 2620 1294 2648 erat:
1318 2616 1328 2632 ‘
1344 2614 1406 2645 'rui
1427 2614 1556 2654 qualem
1577 2613 1684 2644 habeo
1699 2623 1823 2645 memo-

1142 2666 1235 2702 riam,
1265 2663 1390 2704 poteris
1426 2672 1468 2694 ex
1498 2662 1660 2702 Septimio
1689 2672 1821 2703 quoque

1141 2719 1252 2747 nostro
1269 2713 1384 2744 audire
1401 2735 1409 2743 .
1427 2736 1435 2745 .
1452 2735 1460 2744 .
1477 2735 1486 2743 .
1501 2721 1613 2753 neque
1625 2712 1712 2744 enim
1735 2713 1762 2742 si
1785 2717 1820 2743 tu

1140 2763 1303 2804 superbus
1319 2762 1498 2794 amicitiam
1515 2767 1662 2794 nostram
1677 2761 1820 2802 sprevis—
