1930 3242
397 253 480 294 960

860 265 902 301 Q.
935 261 1139 292 HORATtt
1174 260 1346 290 FLAGC!

398 356 564 398 Nescio
587 368 640 396 an
665 354 913 407 Anticyram
936 353 1046 393 ratio
1067 353 1154 392 illis
1175 352 1357 394 destinet
1377 366 1560 393 omnem.

397 421 612 463 Haeredes
633 418 802 460 Staberi
821 430 1031 458 summam
1050 417 1236 458 incidere
1253 419 1477 471 sepulcro:

397 487 457 528 Ni
479 487 543 527 sic
562 486 778 532 fecissent,
796 484 1086 535 gladiatorum
1106 484 1208 524 dare
1227 490 1395 525 centum

1756 482 1812 523 85

398 552 606 593 Damnati
627 550 791 603 populo
812 550 950 602 paria,
970 553 1101 602 atque
1121 550 1306 603 epulum,
1327 550 1500 590 arbitrio
1521 549 1644 600 Arri3

398 617 617 657 Frumenti
637 620 845 668 quantum
865 616 989 656 metit
1008 615 1169 656 Africa.

1225 615 1261 664 ἿῘ
1284 615 1386 656 Sive
1405 628 1486 668 ego
1506 627 1654 668 prave,

397 746 579 787 Anticyram
594 750 698 778 totam.
727 746 862 778 Staberii
875 747 1009 778 hoeredes
1023 748 1154 786 legatam
1167 747 1227 778 eibi
1240 757 1386 778 summam
1399 748 1578 789 insctdpsere
1589 746 1720 778 tumulo.-

397 788 459 818 nisi
464 788 611 825 fecissent
627 788 772 819 debebant
785 789 893 828 populo
908 791 981 819 dare
995 792 1113 820 centum
1122 789 1211 828 paria
1223 790 1440 828 gladiatorum,
1453 793 1484 821 et
1497 789 1678 826 convivium,
1690 786 1813 826 ari-libi-

397 832 464 859 tum
474 830 587 867 Arrii,-
602 834 722 861 tantam
736 831 829 861 etiam
844 830 943 861 tritici
956 833 1101 870 quantu-m
1114 830 1230 869 colligit
1241 830 1364 869 Africa.
1396 831 1555 862 Praeterea
1569 831 1706 862 voluerat
1719 828 1813 860 ascri·

986 922 1119 935 eeeeeee

1123 923 1217 935 ooooo

397 995 544 1033 margine
555 995 632 1028 cod.
646 996 696 1027 sui
711 997 938 1037 conjectabat,
946 997 1014 1037 quoi
1027 1001 1061 1028 tu
1075 997 1455 1037 nunquam,improbante
1463 996 1717 1028 neonem—se
1729 997 1739 1015 ‘
1752 998 1812 1029 Le·

399 1046 453 1076 go,
469 1037 558 1077 Arri,
573 1041 614 1068 et.
659 1038 699 1069 Id
715 1038 871 1069 Librariis
889 1043 1086 1078 perpetuum
1100 1043 1162 1076 est,
1179 1042 1216 1069 ut
1238 1039 1386 1069 voculam
1403 1039 1457 1069 vel
1472 1038 1645 1078 syllabam,
1659 1038 1751 1078 siqua
1766 1039 1813 1069 ul-

398 1083 450 1108 tra
466 1088 562 1109 senos
579 1080 733 1110 versiculi
749 1080 853 1120 pedes
870 1081 1032 1118 excurrit,
1047 1079 1179 1118 penitus
1199 1079 1366 1110 omittant.
1411 1080 1454 1110 Et
1469 1088 1546 1109 vero
1561 1079 1706 1110 omnium
1722 1077 1815 1110 facit-

397 1119 474 1150 lime
487 1120 643 1160 intercipi
660 1121 798 1159 solebat,
813 1121 891 1161 quia
906 1131 970 1152 non
984 1121 1092 1152 literis
1107 1120 1165 1151 sed
1179 1121 1312 1161 punctis
1332 1121 1493 1159 duntaxat
1515 1120 1592 1151 olim
1612 1120 1816 1151 notabatur!

398 1161 506 1192 Bentl.
550 1162 630 1193 Arri
655 1165 686 1194 et
708 1163 807 1194 etiam
825 1163 964 1203 Cuning.
980 1172 1022 1193 ex
1043 1162 1141 1194 codd.
1167 1167 1203 1194 et
1227 1163 1274 1193 sic
1301 1162 1437 1193 edidere
1461 1161 1582 1193 Sanad.
1607 1165 1643 1193 et
1667 1161 1817 1193 Ruta.—

1045 1255 1184 1287 NOTAE

397 1315 509 1356 bilem,
524 1317 749 1359 pituitasque.’

439 1368 479 1395 83
509 1367 705 1407 Anticyram]
741 1368 887 1398 Insulam
923 1367 1081 1398 hellebori

397 1412 648 1446 feracissimam.
691 1415 779 1446 Vide
808 1416 915 1454 Epist.
943 1415 984 1445 ad
1012 1414 1082 1444 Pis.

399 1473 446 1495 vs.
461 1467 536 1496 300.
557 1466 636 1496 Not.
681 1465 767 1496 Plin.
793 1474 869 1496 mox
892 1465 950 1496 cit.
972 1466 981 1482 ‘
997 1465 1081 1494 Dru-

399 1522 470 1542 sum
485 1513 710 1544 Tribunorum
736 1514 944 1553 popularium
970 1513 1082 1544 claris-

398 1559 518 1590 simum
535 1561 693 1591 comitiali
707 1561 822 1591 morbo
837 1565 969 1591 constat
983 1560 1084 1591 tiber-

398 1613 488 1639 atum
505 1617 545 1639 eo
567 1608 825 1646 medicamento,
840 1608 927 1647 apud
945 1607 1083 1648 Anticy-

399 1667 480 1688 ram.
529 1657 583 1688 Ibi
609 1658 696 1688 enim
726 1658 890 1688 tutissime
921 1655 1084 1694 sumitur,’

399 1708 463 1737 &c.
514 1706 612 1736 Pers.
632 1706 704 1737 Sat.
731 1715 780 1737 tv.
808 1708 858 1736 16.
882 1704 1084 1745 ‘Anticyras

399 1754 516 1785 melior
532 1753 668 1784 sorbere
681 1754 855 1784 meracas-³

441 1805 482 1832 84
504 1802 657 1833 Haeredes
679 1802 815 1841 Staberi,
828 1803 894 1842 Ere-J
923 1802 1084 1841 Exemplo

400 1851 612 1881 demonstrat
627 1856 753 1891 quanta
775 1852 818 1881 sit
837 1859 1009 1880 avarorum
1034 1850 1083 1879 in-

399 1899 502 1929 sania.
526 1898 700 1929 Staberius
714 1908 794 1938 opes
820 1899 868 1929 ita
890 1898 1082 1937 deperibat,

400 1951 438 1978 ut
453 1947 596 1986 posteris
611 1947 711 1977 etiam
723 1952 837 1978 notum
853 1955 926 1977 esse
941 1947 1082 1976 voluerit

401 2004 437 2026 se
453 1995 589 2026 divitem
602 1995 723 2026 fuisse:
747 1996 897 2035 adeoque
910 2005 928 2026 a
944 2005 1084 2035 pauper-

400 2049 471 2075 tate
486 2044 698 2084 abhorrebat,
709 2050 747 2075 ut
761 2045 903 2075 nominis
918 2045 1084 2074 immorta-

399 2092 531 2123 litatem
557 2097 722 2132 speraret,
746 2092 774 2122 si
801 2093 851 2122 vel
878 2092 1083 2132 epitaphium

401 2141 553 2172 omnibus
569 2146 816 2172 contestaretur
831 2142 983 2180 ingentes
999 2141 1084 2171 divi-

401 2191 465 2221 tias
479 2190 666 2221 haeredibus
683 2201 701 2221 a
716 2201 751 2222 se
767 2192 908 2222 relictas.

443 2243 483 2270 85
511 2239 554 2270 Ni
567 2240 613 2270 sic
617 2239 783 2279 fecissent]
818 2239 969 2280 Apponit
994 2239 1083 2270 dam-

401 2289 571 2319 nationem
596 2293 632 2318 et
661 2297 783 2327 poenas,
809 2299 873 2327 quo
897 2288 1082 2319 liaeredibus

400 2337 506 2368 instet
527 2337 707 2367 necessitas
722 2336 948 2368 satisfaciendi
970 2336 1083 2368 condi-

402 2385 548 2417 tionibus
562 2387 769 2417 testamenti.

444 2438 486 2466 86
510 2436 645 2474 Epulum
665 2435 807 2466 Arbitrio
823 2435 913 2475 Arre]
942 2434 992 2466 Ac
1009 2444 1086 2475 pro»

401 2483 480 2515 inde
497 2489 702 2514 sumtuosum
721 2493 761 2514 ex
778 2484 910 2523 ingenio
925 2483 1014 2514 Arrii
1029 2484 1086 2514 lto·

403 2532 499 2562 minis
516 2532 614 2563 valde
630 2533 804 2564 sumtuosi.
837 2533 908 2564 Cic.
921 2533 953 2563 in
970 2532 1084 2563 Vatin.

405 2589 437 2610 n.
453 2583 504 2611 30.
521 2581 643 2620 quaerit
659 2591 678 2612 a
695 2581 844 2619 Vatinio,
858 2590 919 2612 cur
937 2582 970 2612 iu
986 2581 1085 2622 epulo

405 2629 471 2660 Qu.
499 2629 590 2660 Arrii
622 2635 763 2670 atratus,
787 2640 856 2670 seu,
882 2631 981 2662 ‘cum
1008 2635 1084 2668 toga

407 2676 518 2715 pulla,¹
534 2677 765 2716 acciibuisset;
789 2679 985 2719 subditque:
1005 2678 1016 2695 ‘
1033 2677 1086 2708 Ita

402 2725 486 2757 illud
508 2728 641 2766 epulum
663 2733 716 2760 est
739 2729 887 2768 funebre,
909 2734 946 2760 ut
968 2737 1084 2759 munus

1134 1317 1176 1348 sit
1189 1316 1338 1356 funeris,'
1351 1319 1415 1348 διο.
1448 1317 1492 1348 Et
1509 1317 1607 1357 paulo
1618 1319 1714 1357 post:
1739 1316 1748 1333 ‘
1764 1317 1815 1347 Ex

1133 1367 1233 1406 epulo
1248 1366 1575 1404 magnificentissimo
1588 1364 1711 1396 famem
1725 1365 1815 1396 iliani

1134 1419 1282 1446 veterem
1298 1419 1385 1445 tuam
1402 1423 1466 1444 non
1482 1414 1634 1453 expleras
1645 1413 1675 1443 ?'

1175 1465 1215 1493 87
1239 1463 1399 1493 Frumenti
1419 1465 1564 1502 quantum
1586 1458 1674 1493 m'etit
1688 1462 1815 1502 Africa]

1134 1511 1233 1542 Hanc
1249 1511 1404 1542 frumenti
1420 1511 1588 1542 abundare
1603 1511 1674 1550 jam
1691 1510 1816 1542 dictum

1135 1567 1160 1589 1.
1178 1559 1245 1589 Od.
1264 1562 1293 1589 1.
1310 1562 1360 1589 10.
1378 1559 1446 1598 jam
1468 1567 1546 1589 vero
1568 1558 1759 1598 dicendum,
1774 1568 1816 1589 ex

1135 1607 1196 1637 hac
1209 1616 1360 1646 magnam
1377 1617 1515 1638 annonae
1528 1617 1596 1638 suae
1609 1611 1740 1647 partem
1752 1607 1819 1638 Ro·
1838 1600 1844 1603 ’

1136 1664 1249 1686 rnanos
1264 1656 1427 1687 habuisse.
1473 1656 1559 1687 Nam
1574 1656 1656 1687 licet
1673 1664 1692 1686 e
1705 1655 1819 1686 Sicilia

1137 1709 1172 1735 et
1197 1704 1348 1736 Sardinia
1373 1704 1530 1735 frumenti
1559 1704 1734 1744 plurimum
1751 1705 1817 1735 col-

1137 1754 1294 1794 ligerent,
1323 1761 1435 1786 tamen
1458 1754 1620 1795 AEgyptus
1642 1761 1676 1784 et
1700 1753 1818 1786 Africa

1137 1805 1325 1842 praesertim
1362 1803 1562 1833 dicebantur
1597 1803 1714 1833 horrea
1750 1802 1817 1832 duo

1137 1851 1250 1890 populi
1276 1851 1369 1880 Rom.
1391 1852 1497 1880 Varro
1515 1849 1558 1880 de
1582 1850 1631 1880 Re
1647 1850 1742 1881 Rust.
1758 1850 1818 1881 lib.

1135 1907 1176 1929 n.
1212 1899 1222 1915 ‘
1240 1899 1361 1928 Manus
1397 1907 1530 1929 movere
1567 1898 1756 1930 maluerunt
1785 1901 1817 1929 in

1136 1947 1266 1978 theatro
1288 1957 1327 1978 ac
1346 1948 1448 1983 circo,
1470 1957 1568 1988 quam
1592 1947 1625 1978 in
1649 1947 1818 1987 segetibus

1136 2005 1175 2026 ac
1203 1996 1342 2027 vinetis:
1366 1995 1568 2026 frumentum
1593 1996 1740 2026 locamus
1762 1996 1817 2037 qui

1135 2044 1230 2075 nobis
1251 2045 1406 2084 advehat,
1429 2055 1494 2085 quo
1518 2045 1621 2076 saturi
1637 2044 1753 2076 fiamus
1775 2054 1819 2076 ex

1136 2094 1256 2125 Africa
1269 2099 1304 2125 et
1319 2094 1495 2134 Sardinia,’
1512 2096 1575 2126 διο.
1609 2094 1743 2126 Cot-nel.
1757 2094 1818 2125 Ta-

1134 2143 1190 2174 cit.
1215 2143 1336 2174 Annal.
1354 2152 1420 2174 xit.
1446 2145 1455 2161 ‘
1473 2144 1564 2175 Olim
1579 2152 1620 2174 eit
1642 2143 1750 2174 Italiae
1768 2153 1818 2174 re-

1133 2191 1286 2231 gionibus
1323 2193 1520 2232 longinquas
1555 2193 1589 2222 in
1630 2190 1817 2231 provincias

1134 2245 1339 2270 commeatus
1370 2242 1565 2280 portabant:
1595 2248 1703 2280 neque
1729 2247 1817 2270 nunc

1134 2287 1387 2320 infoecunditate
1398 2289 1584 2327 laboratum
1599 2288 1659 2320 sed
1671 2287 1816 2319 Africam

1136 2340 1248 2378 potius
1261 2342 1295 2369 et
1311 2339 1489 2378 AEgyptum
1504 2346 1711 2375 exercemus,
1726 2338 1816 2368 navi-

1137 2387 1260 2427 busque
1285 2391 1319 2418 et
1343 2387 1474 2418 casibus
1498 2387 1567 2418 vita
1590 2387 1707 2427 populi
1722 2387 1816 2418 Rom.

1137 2437 1296 2476 permissa
1323 2435 1399 2466 est!
1443 2435 1541 2476 Apud
1571 2435 1744 2467 claudian.
1774 2435 1817 2466 de

1137 2485 1232 2515 Bello
1247 2483 1410 2519 Gildonis,
1427 2484 1532 2515 Roma
1551 2484 1600 2514 sic
1615 2484 1752 2524 loquens
1767 2485 1817 2516 in·

1137 2533 1287 2564 ducitur:
1313 2533 1322 2550 ‘
1338 2533 1400 2563 Tot
1423 2532 1501 2563 milii
1529 2541 1589 2572 pro
1611 2533 1740 2564 meritis
1763 2533 1816 2564 Li-

1137 2583 1234 2622 byam
1269 2582 1447 2623 Nilumque
1475 2582 1611 2622 dedere,
1641 2582 1688 2613 Ut
1713 2582 1818 2613 domi-

1137 2640 1212 2661 nam
1234 2631 1364 2671 plebem
1381 2631 1642 2672 bellatoremque
1656 2631 1816 2664 Senatum

1137 2679 1301 2710 classibus
1317 2680 1442 2711 aestivis
1459 2681 1600 2715 alerent,
1620 2680 1816 2722 geminoque

1139 2728 1278 2760 vicissim
1309 2730 1440 2761 Littore
1463 2729 1586 2760 diversi
1610 2730 1815 2771 complerent
