1890 3256
572 320 924 354 EPls'ronARuM
959 320 1054 352 mn.
1087 320 1118 350 1.
1148 309 1190 351 6.

1492 304 1605 351 1109

155 417 212 460 Et
228 429 378 472 genuS,
397 421 443 459 et
462 416 663 466 formam,
685 417 833 470 regina
853 416 1041 472 pecunia
1062 414 1223 456 donat:

153 483 224 526 Ac
242 485 353 526 bene
374 486 644 525 nummatum
665 484 848 526 decorat
868 483 1062 525 Suadela
1082 482 1340 535 Venusque.

156 551 400 606 Mancipiis
421 550 639 604 locuples,
660 555 755 604 eget
775 552 876 592 aeris
895 549 1218 605 Cappadocum
1238 561 1340 590 rex:

156 617 230 659 Ne
248 617 384 659 fueris
404 617 477 658 hic
498 621 560 659 tu.

620 617 886 672 Chlamydes
908 617 1135 667 Lucullus,
1157 620 1203 658 ut
1223 617 1361 664 aiunt,

1551 614 1608 654 40

155 684 206 727 Si
226 689 376 739 posset
397 689 571 726 centum
593 697 737 726 scenae
757 685 956 738 praebere
976 689 1172 737 rogatus,

157 750 248 802 Qui
267 764 448 805 possum
468 752 564 792 tot'l
597 751 681 793 ait:
714 756 861 792 tamen
882 754 926 792 et
947 763 1158 804 quaeram,
1179 753 1224 791 et
1246 752 1355 802 quot
1375 747 1550 789 habebo

157 817 333 860 Mittam
350 833 360 859 ε
391 822 495 872 post
514 818 648 872 paulo
669 818 835 868 scribit,
864 817 950 859 sibi
971 817 1109 858 millia
1130 817 1324 870 quinque

155 883 268 925 Esse
287 883 406 924 domi
426 884 730 938 chlamydum3
761 889 946 937 partem,
968 884 1040 925 vel
1061 883 1233 924 tolleret
1253 894 1421 923 omnes.

111 956 114 957 ’
156 950 303 992 Exilis
324 949 479 991 domus
498 954 582 1001 est,
613 951 689 991 ubi
713 963 802 991 non
823 954 867 992 et
886 950 1027 992 multa
1049 954 1304 1004 supersunt,

1553 949 1611 990 45

158 1049 279 1089 Nempe
292 1048 484 1079 dominatrix
496 1049 625 1089 pecunia
640 1049 753 1080 tribuit
766 1050 941 1089 opulentam
954 1048 1127 1088 conjugem,
1144 1051 1175 1078 et
1183 1047 1296 1089 fidem,
1316 1051 1344 1077 et
1360 1047 1487 1085 amicos,
1511 1050 1542 1078 et
1555 1056 1612 1078 no-

157 1091 322 1129 bilitatem,
341 1094 372 1121 et
394 1090 654 1130 pulchritudinem
666 1102 676 1122 .-
699 1095 790 1131 atque
805 1091 934 1122 divitem
948 1093 1069 1130 stipant
1084 1090 1188 1121 Suada
1202 1093 1233 1120 et
1255 1089 1363 1120 Venus-
1415 1089 1612 1120 Verumenim

161 1132 364 1173 Cappadocia
375 1142 435 1164 rex
449 1133 608 1164 abundans
621 1134 720 1164 servis
733 1134 854 1173 indiget
866 1133 1006 1174 pecunia.
1057 1133 1105 1164 Ne
1120 1136 1155 1164 tu
1170 1131 1276 1170 fueris
1290 1131 1437 1169 ejusmodi
1449 1141 1460 1167 ,·
1481 1132 1535 1162 sed
1557 1140 1612 1170 po-

158 1176 223 1206 tius
235 1175 362 1206 Lucullo
377 1175 501 1206 similis.
538 1175 699 1216 Lucullus,
714 1176 870 1216 inquiunt,
884 1177 1098 1215 interrogatus
1111 1184 1186 1206 vrum
1200 1177 1301 1213 posset
1315 1176 1462 1205 centenas
1475 1173 1612 1213 chlamy-

158 1219 214 1249 des
226 1218 268 1248 ad
287 1217 494 1258 spectaculum
507 1220 709 1257 commodare,
723 1219 881 1259 respondit
893 1230 903 1250 .·
929 1218 999 1254 Qua
1011 1217 1133 1248 ratione
1147 1225 1271 1257 possum
1286 1219 1332 1246 tot
1347 1215 1507 1255 proebere?
1529 1219 1613 1246 atta-

157 1269 227 1291 men
347 1269 375 1290 m
383 1270 396 1297 ,·
418 1263 448 1291 et
463 1264 536 1300 quot
550 1260 705 1292 inveniam
717 1260 865 1301 praebebo.
909 1261 1011 1292 Paulo
1025 1270 1097 1291 vero
1111 1262 1217 1300 postea
1229 1257 1402 1300 significat,
1416 1267 1448 1288 se
1460 1257 1544 1288 domi
1557 1257 1612 1289 Ιια·

158 1302 229 1334 bere
243 1302 376 1343 quinque
390 1302 488 1333 millio
502 1303 696 1344 chlamydum
707 1314 717 1334 :
730 1313 817 1344 posse
831 1303 932 1343 igitur
947 1303 1029 1334 sumi
1041 1307 1163 1343 partem
1177 1302 1226 1332 vel
1239 1304 1376 1332 cunctas.
1421 1300 1493 1331 Hoc
1509 1303 1556 1330 est
1568 1300 1614 1330 lo-

159 1345 310 1386 cupletem
323 1354 397 1376 esse.
418 1345 464 1377 Ae
476 1348 584 1376 contra
597 1349 733 1385 angusta
748 1350 793 1376 est
809 1356 858 1377 res
866 1345 1052 1384 familiaris,
1069 1345 1102 1376 in
1114 1354 1174 1385 qua
1188 1353 1249 1375 non
1261 1343 1396 1383 plurima
1406 1342 1614 1383 superfluunt,

766 1429 784 1440 θ
788 1429 804 1439 e
809 1429 825 1440 t
828 1428 1007 1440 ‘cmv-neo

159 1485 255 1520 ἀήτη
278 1482 326 1514 ita
352 1482 610 1514 Commentator
633 1483 735 1524 Cruq.
760 1483 891 1523 quadret
910 1482 1143 1514 Bodoni.—38
1168 1482 1254 1513 Nam
1270 1481 1344 1513 bene
1367 1480 1450 1511 Vat.
1466 1479 1565 1510 Rom.
1582 1481 1615 1510 8.

160 1526 207 1559 At
223 1525 295 1557 bene
309 1526 391 1557 Vat.
411 1525 523 1556 Palat.
539 1528 571 1556 4.
615 1526 660 1556 Et
676 1525 749 1557 bene
766 1525 860 1556 vatt.
878 1527 930 1556 14.
948 1527 1001 1556 16.
1026 1530 1063 1556 et
1085 1524 1234 1556 Tui-neb.
1258 1523 1291 1554 in
1314 1523 1461 1555 Advers.
1476 1530 1544 1553 vn.
1562 1523 1616 1552 18.

159 1571 202 1600 4⁰
226 1568 293 1599 Nec
308 1567 412 1606 suerit
436 1567 669 1599 Sclioenborn.
686 1570 719 1599 4.
759 1568 828 1598 Nec
844 1567 950 1605 fueris
963 1568 1062 1599 Vatt.
1087 1570 1116 1598 1.
1132 1570 1163 1598 6.
1187 1573 1223 1598 et
1239 1567 1317 1598 Vat.
1335 1566 1449 1596 Palat.
1466 1566 1498 1595 3.
1543 1563 1618 1594 Non

151 1610 260 1649 fueris
277 1610 424 1642 Chisian.
442 1614 473 1641 5.
500 1611 688 1651 Chlamydas
701 1610 845 1649 Cuning.
882 1610 960 1640 vid.
985 1618 1010 1641 1.
1026 1610 1137 1650 Epist.
1152 1611 1204 1640 17.
1221 1610 1356 1639 31.-41
1383 1607 1422 1638 Si
1433 1605 1533 1647 possit
1547 1614 1618 1636 cen-

161 1655 230 1684 tum
241 1652 424 1692 Bamberg.
467 1651 507 1682 Si
519 1655 642 1683 centum
656 1653 736 1683 Vat.
751 1652 864 1682 Palat.
877 1654 910 1682 3.
925 1661 944 1681 a
960 1661 1003 1682 m.
1021 1654 1158 1692 pru—42
1186 1651 1250 1687 Qui
1263 1653 1367 1691 posset
1383 1647 1617 1680 Schoenborn.

163 1697 199 1726 3.
234 1694 300 1729 Qui
320 1694 434 1734 possim
458 1694 556 1725 Vatt.
573 1697 604 1726 2.
619 1697 650 1725 7.
667 1697 720 1726 14.
739 1696 790 1725 19.
822 1694 904 1724 Vat.
922 1694 1020 1724 Rom.
1035 1697 1066 1724 2.
1081 1698 1117 1724 et
1129 1696 1161 1724 7.
1185 1702 1204 1723 a
1232 1702 1276 1724 m.
1293 1702 1343 1732 pr.
1360 1692 1441 1723 Vat.
1456 1690 1571 1721 Palat.
1586 1692 1619 1720 5.

164 1736 272 1776 Cruq.
289 1740 324 1767 et
340 1735 484 1776 Cuning.
500 1739 567 1767 tot?
601 1738 749 1768 Attamen
765 1735 944 1767 Barberin.
966 1738 998 1766 2.
1022 1739 1053 1766 et
1077 1737 1158 1776 quod
1179 1734 1295 1766 habebo
1310 1733 1409 1765 codd.
1427 1742 1482 1773 ap.
1500 1731 1619 1763 Lamb-

163 1782 202 1809 et
218 1777 354 1809 Fabric.
372 1781 465 1809 1⁵55.
489 1782 520 1809 et
534 1782 608 1819 quot
624 1778 737 1809 habebo
753 1778 959 1810 ceteri.—43
983 1778 1083 1809 Paulo
1097 1781 1165 1818 post
1180 1776 1411 1810 Schoenborn.
1425 1778 1458 1807 3.
1490 1773 1620 1813 scripsit

163 1820 263 1852 Vatt.
277 1822 309 1852 7.
328 1822 379 1851 16.
394 1821 473 1852 Vnt.
487 1820 600 1852 Palat.
616 1823 647 1852 3.
672 1820 819 1852 Chisiau.
836 1824 869 1852 5.
886 1819 1042 1862 Angelic.
1060 1823 1177 1852 3.-45
1202 1820 1282 1852 Vat.
1298 1819 1394 1851 Rom.
1407 1820 1440 1850 9.
1452 1816 1619 1858 supersint.

824 1893 966 1926 NOTAE

207 1959 250 1989 88
270 1956 422 1998 Suadela]
444 1956 524 1988 Sive
541 1957 662 1996 Suada,
682 1957 742 1989 Gr.
757 1958 867 1995 Πειθὼ,

164 2005 391 2047 persuasionis
406 2007 497 2037 Dea.
533 2006 681 2038 Videtur
699 2006 866 2038 Horatius

923 1957 1007 1988 adeo
1024 1958 1175 1998 locuples
1192 1957 1291 1989 rebus
1306 1955 1475 1994 omnibus,
1491 1957 1530 1986 ut
1546 1954 1622 1995 plus

922 2007 1114 2046 possideret
1140 2016 1242 2047 quam
1271 2006 1387 2037 sciret.
1432 2004 1517 2036 Vult
1546 2013 1624 2035 sua-

166 2055 319 2087 indicare
333 2054 535 2086 facilitatem
559 2055 763 2086 conciliandi
779 2065 867 2096 nup-

167 2106 245 2142 tias,
272 2111 343 2136 tum
372 2104 462 2146 quod
487 2104 597 2145 addit,
630 2105 639 2121 ‘
657 2104 868 2145 Venusque,’

170 2161 242 2187 tum
265 2153 356 2196 quod
378 2158 456 2185 ante
481 2153 581 2194 dixit,
604 2154 614 2171 ‘
631 2162 770 2184 uxorem
792 2162 868 2184 cum

171 2203 277 2236 dote!

213 2257 257 2285 39
280 2252 452 2293 Mancipiis
473 2252 617 2294 locuples,
643 2252 713 2293 ssa]
736 2252 871 2293 Cappa-

170 2303 271 2335 docia
289 2303 428 2334 minoris
445 2301 538 2333 Asiae
563 2303 738 2342 perampla
763 2302 870 2343 regio,

170 2354 266 2396 cujus
282 2352 398 2393 populi
414 2351 457 2383 ad
473 2351 672 2383 servitutem
685 2351 772 2383 adeo
788 2352 872 2390 nati,

171 2407 210 2435 ut
232 2401 453 2434 offerentibus
478 2401 674 2432 libertatern
698 2402 872 2441 Romanis,

171 2451 354 2483 maluerint
376 2459 494 2491 regem
516 2450 645 2491 eligere
671 2449 873 2481 Ariobarza-

173 2511 263 2533 nem.
285 2501 386 2534 Alex.
399 2501 442 2533 ab
457 2500 557 2533 Alex.
574 2510 614 2533 n.
629 2503 682 2532 27.
706 2501 784 2533 Cic.
795 2506 874 2542 post

173 2551 275 2584 redit.
290 2551 325 2582 in
341 2551 455 2583 Senat.
492 2556 501 2570 ‘
515 2552 758 2594 Cappadocem
774 2552 874 2584 modo

174 2602 353 2643 abreptum
367 2602 408 2633 de
421 2611 526 2643 grege
539 2604 705 2634 venalium
719 2602 872 2634 diceres!

174 2653 274 2686 Pers.
299 2653 372 2693 jam
401 2652 460 2684 cit.
486 2653 496 2670 ‘
513 2653 735 2694 Cappadocas
763 2653 872 2694 rigida

174 2703 316 2745 pingues
334 2702 495 2743 plausisse
511 2703 666 2735 catasta!

219 2755 262 2784 40
285 2753 337 2784 Ne
350 2752 456 2791 fueris
477 2753 526 2783 hic
549 2753 598 2794 tu]
620 2754 675 2786 Nc
698 2754 743 2785 sis
764 2754 872 2795 qualis

176 2811 236 2833 rex
260 2802 328 2841 ille,
344 2811 408 2832 una
424 2810 461 2833 re
476 2801 664 2844 abundans,
679 2809 871 2835 ceterarum

176 2855 285 2895 inops.
329 2853 418 2886 Quin
445 2854 556 2894 potius
582 2854 627 2885 sis
654 2859 689 2885 ut
714 2855 872 2887 Lucullus

923 2057 1006 2088 dere
1022 2056 1144 2095 Poeta,
1158 2056 1333 2097 sapientiae
1351 2053 1555 2086 studendum
1573 2054 1623 2084 in-

924 2106 1053 2146 primis,
1075 2116 1174 2147 quam
1199 2105 1337 2136 habenti
1361 2104 1474 2135 omnia
1498 2107 1626 2144 praesto

924 2155 1062 2186 adsunt.

967 2205 1152 2245 Chlnmydes
1176 2204 1334 2243 Lucullus,
1361 2202 1431 2243 ξω]
1462 2203 1625 2234 Lucullus

924 2255 1040 2286 Romae
1060 2254 1201 2295 insignis
1224 2254 1274 2284 vir
1296 2253 1490 2290 nobilitate,
1508 2252 1627 2284 facun-

923 2305 991 2344 dia,
1013 2305 1144 2345 opibus,
1168 2303 1319 2335 Africam
1346 2305 1484 2336 Praetor
1505 2303 1626 2344 justis-

924 2355 1008 2386 sime
1029 2354 1291 2394 administravit,
1303 2353 1541 2385 Mithridatem
1556 2362 1626 2384 non

924 2406 1030 2437 semel
1057 2404 1262 2446 profligavit,
1283 2406 1348 2435 διο.
1385 2404 1421 2435 Is
1443 2405 1580 2444 rogatus
1605 2412 1626 2434 a

924 2456 1079 2487 Praetore
1098 2455 1242 2494 urbano,
1256 2459 1292 2485 ut
1309 2453 1505 2485 celebrandi
1522 2462 1627 2485 causa

927 2504 1117 2546 spectaculi
1160 2502 1394 2534 commodaret
1429 2501 1625 2542 chlamydes

928 2555 1064 2593 multas,
1078 2554 1178 2593 longe
1198 2553 1314 2593 plures
1331 2551 1434 2582 etiam
1450 2551 1589 2583 obtulit.

970 2606 1010 2634 43
1028 2602 1136 2634 Miltia
1150 2601 1283 2642 quinque
1299 2601 1379 2632 Esse
1391 2601 1475 2632 domi
1490 2600 1625 2642 chlamy-

927 2651 1015 2692 dum]
1038 2651 1213 2683 Plutarch.
1229 2651 1263 2681 iu
1280 2650 1411 2682 Luculli
1432 2649 1503 2682 vita
1519 2650 1626 2682 mino-

926 2711 996 2734 rem
1008 2710 1184 2732 numerum
1193 2700 1353 2742 designat
1365 2710 1374 2731 z
1386 2705 1522 2732 centum
1533 2710 1627 2733 nem·

926 2763 969 2794 pe
986 2752 1035 2783 ait
1058 2750 1100 2782 ab
1116 2760 1156 2782 eo
1174 2751 1311 2791 petitas,
1329 2749 1494 2782 ducentas
1511 2754 1625 2781 autem

926 2803 1032 2835 fuisse
1049 2802 1167 2833 missas
1181 2812 1190 2840 ;
1216 2801 1306 2844 quod
1319 2805 1413 2833 certe
1429 2801 1569 2843 propius
1582 2800 1625 2832 ad

927 2863 1044 2886 verum
1061 2853 1204 2886 accedit.
