1930 3242
590 301 866 334 SERMONUM
901 301 997 331 12113.
1029 301 1062 332 1.
1095 290 1138 331 8.

1496 289 1582 331 877

130 399 242 441 Cum
261 398 400 449 faber,
419 399 615 439 incertus
637 409 862 438 scamnum
882 396 1103 438 faceretne
1125 394 1359 448 Priapum,

130 466 295 507 Maluit
315 478 414 507 esse
436 465 592 506 Deum.
654 463 783 504 Deus
805 463 907 503 inde
927 475 1028 515 ego,
1049 462 1190 502 furum
1211 460 1447 514 aviumque

129 532 332 574 Maxima
350 530 564 581 sormido3
595 542 694 570 nam
716 529 834 570 fures
855 529 1013 570 dextra
1032 528 1222 577 coercet,

129 599 443 651 Obscoenoque
462 597 594 637 ruber
613 598 842 650 porrectus
863 595 919 636 ab
939 596 1115 648 inguine
1136 594 1294 648 palus3

1554 595 1583 634 U!

127 665 218 708 Ast
235 666 510 719 importunas
531 663 734 704 volucres
755 662 799 704 in
821 662 989 703 vertice
1011 661 1182 703 arundo

70 811 73 814 Α
118 818 306 858 fabricaret,
317 829 359 850 un
372 819 538 859 Priapum,
552 819 662 850 maluit
673 818 754 860 fieri
771 818 886 849 Deum.
931 818 1056 849 Exinde
1071 827 1127 856 ego
1144 819 1231 849 Deus
1255 816 1364 852 extiti,
1390 816 1500 856 ingens
1516 819 1578 847 ter-

124 871 179 893 ror
196 862 377 903 predonum
389 864 482 901 atque
495 862 659 892 volucrum.
709 861 834 891 Etenim
847 862 963 891 dextra
976 869 1043 890 mea
1057 863 1142 891 arcet
1155 861 1315 900 pra-dones
1349 858 1367 877 ⁸·

1454 858 1474 877 {⁵
1559 857 1579 876 ἡ

124 907 158 936 at
173 905 291 935 mado
304 903 338 935 in
352 913 470 935 summo
484 904 586 943 capite
600 903 700 944 infixa
715 903 851 934 deterret
873 910 945 934 aves
963 902 1120 942 molestas,
1145 912 1182 933 ac
1202 901 1344 942 prohibet
1365 900 1530 933 consistere
1545 900 1580 931 in

734 1008 854 1021 eeeeee

855 1008 974 1021 eeeeee

123 1074 168 1106 V.
183 1073 322 1105 Phaedr.
340 1083 364 1105 1.
380 1076 412 1104 2.
427 1076 546 1106 2o.-—4
563 1073 698 1105 Barthii
714 1072 823 1104 codex
838 1072 1090 1115 antiquissimus
1103 1083 1111 1103 :
1128 1072 1384 1111 namsuresfuste
1399 1072 1529 1111 coercet,
1544 1076 1581 1102 et

124 1115 158 1146 in
173 1116 442 1156 marginefialce‚·
465 1120 648 1157 utrumque
664 1125 707 1146 ex
723 1116 1031 1156 interpretamento
1054 1116 1111 1147 τοῦ
1133 1116 1256 1147 dextra.
1295 1115 1392 1146 Unus
1417 1113 1579 1152 Turnebi,

114 1158 210 1195 sures
231 1169 298 1190 mea
318 1159 431 1189 dextra
455 1158 648 1190 mercem—5
673 1158 776 1190 Hunc
794 1167 929 1189 versum
955 1159 1105 1190 resecuit
1131 1157 1346 1189 Sanad.—10
1369 1156 1436 1188 Hic
1457 1157 1580 1188 miseroe

781 1273 926 1306 NOTAE

167 1363 184 1391 l
211 1359 308 1399 Olim,
321 1358 390 1399 Bm]
409 1359 653 1400 Prosopopoeia
669 1363 722 1390 est
737 1358 824 1399 lepi-

123 1411 167 1442 da
192 1419 330 1452 prorsus
357 1414 393 1440 et
417 1409 545 1448 faceta,
569 1419 635 1450 qua
658 1408 822 1440 Horatius

121 1461 263 1501 evulgat
278 1459 360 1490 illud
378 1458 532 1490 Canidiae
550 1457 764 1497 veneficium,
778 1456 823 1487 de

121 1509 239 1551 quoin
263 1508 373 1549 Epod.
397 1507 459 1538 ult.
486 1507 545 1538 ubi
563 1507 726 1539 Canidia:
751 1510 760 1524 ‘
777 1506 824 1537 Et

119 1558 288 1599 Esquilini
331 1555 498 1589 Pontifex
540 1555 711 1596 venefici‚’
756 1559 821 1588 &c.

118 1607 229 1639 Porro
256 1607 340 1639 mire
363 1607 418 1638 hic
442 1607 666 1638 Deastrorum
690 1606 822 1638 vanitas

119 1661 156 1688 et
171 1656 302 1688 falsitas
313 1656 526 1697 suggillatur.
570 1656 672 1687 Unde
684 1656 720 1687 S.
739 1656 822 1688 Hie·

119 1717 251 1748 ronym.
281 1707 436 1750 lib-*xm
462 1708 496 1738 in
522 1707 603 1738 Isai.
627 1717 704 1747 cap.
722 1715 821 1738 xuv.

119 1756 182 1788 sub
195 1757 296 1788 finem
312 1757 362 1788 ita
373 1756 514 1788 scribit:
539 1756 703 1787 ‘Flaccus
719 1756 753 1787 in
769 1766 821 1787 sa—

119 1807 196 1844 tin,
210 1806 370 1838 deridens
381 1807 564 1838 simulacra
575 1806 740 1847 gentium,
752 1806 802 1838 ait
812 1816 822 1844 ;

121 1855 233 1888 ‘Olim
250 1861 392 1888 truncus
408 1855 547 1894 eram,''
561 1858 628 1888 διο.

164 1906 304 1938 Truncus
325 1906 426 1946 eram]
449 1906 506 1937 sie
530 1907 690 1945 Propert.
711 1914 764 1938 ιν.
787 1908 820 1937 2.

118 1955 328 1988 Vertumnus
339 1955 383 1986 de
398 1965 434 1986 se
445 1954 551 1986 dicit:
575 1955 584 1972 ‘
598 1955 711 1994 Stipes
725 1963 821 1985 acer-

119 2014 182 2037 nus
205 2014 299 2038 eram
327 2004 528 2047 properanti
558 2002 647 2036 falce
674 2003 823 2043 dolatus,

120 2055 214 2088 Ante
238 2056 386 2088 Numam
409 2061 508 2098 grata
530 2065 659 2097 pauper
681 2055 714 2086 in
735 2054 821 2087 urbe

120 2104 246 2137 Deus!

166 2155 310 2187 Truncus
326 2153 481 2196 ficulnus]
502 2154 659 2185 Truncus
687 2152 744 2184 fici
767 2162 821 2185 ar-

120 2204 222 2236 boris.

162 2253 282 2285 flatile
309 2252 446 2293 lignum]
484 2251 627 2284 Minime
655 2255 738 2293 apta
774 2251 818 2283 ad

119 2312 206 2344 opus
221 2303 377 2342 materia,
396 2303 441 2335 ob
461 2301 697 2343 fragilitatem.
742 2303 818 2335 Quo

119 2352 223 2384 etiam
242 2351 364 2384 referri
381 2357 507 2393 potest,
528 2352 620 2394 quod
639 2353 702 2385 sub
718 2352 818 2384 finem

117 2402 217 2443 hujus
230 2401 354 2434 Satirae
375 2402 512 2442 dicitur,
541 2401 690 2433 ‘diffissa
715 2402 818 2434 nate!

117 2451 184 2484 Vel
203 2451 327 2492 inune,
342 2451 376 2483 id
391 2457 458 2492 est,
481 2451 631 2484 nondum
651 2451 816 2492 dolatum,

118 2501 264 2534 nondum
277 2501 312 2534 in
321 2500 468 2543 effigiem
480 2501 615 2533 aliudve
627 2511 712 2543 opus
725 2499 817 2533 effic-

119 2555 192 2583 tum
207 2557 243 2584 et
257 2551 451 2584 formatum.

162 2603 183 2631 2
206 2601 372 2642 Priapum]
394 2602 430 2634 Ia
457 2602 586 2634 Bacchi
611 2606 647 2634 et
669 2602 813 2633 Veneris

119 2649 211 2681 filius
223 2650 330 2682 hortis
343 2657 490 2692 praem
501 2653 595 2685 velut
610 2657 723 2684 custos
739 2661 812 2683 cre-

122 2699 280 2732 debatur.
324 2700 467 2734 mador.
488 2702 557 2736 Sic.
573 2713 608 2735 v.
623 2706 653 2735 1.
670 2713 746 2734 mox
767 2703 813 2734 ci-

121 2749 215 2782 tund.
258 2749 342 2790 Ejus
362 2755 478 2783 statua
497 2753 589 2784 rudis
608 2759 644 2786 et
665 2753 815 2786 informis

122 2799 332 2840 ponebatur:
356 2799 444 2832 uude
473 2811 516 2834 ex
544 2802 613 2835 ficu
642 2807 681 2836 ut
709 2805 814 2845 pluri-

877 1367 966 1389 mum
991 1358 1109 1393 fiebat,
1135 1357 1227 1399 quod
1252 1357 1379 1398 lignum
1405 1355 1530 1396 fragile
1543 1359 1580 1388 et

878 1407 920 1438 ad
938 1408 1004 1439 alia
1018 1417 1123 1448 opera
1139 1407 1321 1439 artificiose
1343 1406 1506 1446 fingenda
1531 1406 1580 1437 in-

878 1461 1007 1496 eptum.
1051 1456 1165 1487 Aliam
1202 1456 1260 1487 alii
1298 1456 1466 1487 rationem
1499 1454 1582 1487 affe-

878 1510 971 1542 runt,
1000 1507 1089 1547 quod
1117 1506 1202 1537 ficus
1228 1505 1410 1536 admodum
1440 1504 1579 1545 fertilis,

877 1556 1024 1596 Priapus
1035 1565 1116 1587 vero
1128 1555 1390 1587 foecunditatem
1401 1554 1579 1596 designet:

877 1611 967 1638 teste
980 1607 1169 1638 Plutarcho
1185 1606 1228 1638 de
1244 1606 1388 1650 Isideet
1404 1605 1498 1638 Osir.

917 1662 938 1690 4
963 1660 1064 1690 Fures
1077 1660 1189 1690 dextra
1199 1658 1332 1698 co'e'rcet]
1351 1657 1493 1688 Diodor.
1507 1657 1579 1690 Sic.

875 1709 936 1740 cit.
959 1709 1130 1749 ‘Priapus
1161 1717 1228 1738 non
1251 1707 1358 1738 solum
1382 1706 1416 1736 in
1443 1706 1577 1737 urbium

876 1758 1023 1799 templis,
1038 1757 1098 1789 sed
1123 1761 1159 1788 et
1179 1757 1214 1787 in
1238 1754 1577 1796 agrestibus.quoque

874 1808 960 1839 locis
979 1812 1139 1849 tanquam
1156 1806 1331 1837 vinearum
1347 1809 1447 1846 atque
1463 1804 1577 1836 horto-

875 1866 948 1888 rum
979 1862 1094 1888 custos
1125 1856 1261 1894 colitur,
1287 1853 1462 1886 fructuum
1485 1853 1579 1885 fures

876 1906 1075 1947 castigans!
1110 1906 1204 1937 Hinc
1220 1902 1341 1936 falcem
1358 1904 1508 1944 ligneam
1526 1908 1576 1936 te-

874 1965 959 1987 nens
974 1955 1180 1997 fingebatur,
1196 1954 1294 1996 quasi
1315 1953 1411 1986 fures
1426 1954 1483 1985 illa
1498 1964 1578 1986 con-

874 2004 1043 2044 fossurus,
1054 2014 1113 2037 seu
1127 2008 1374 2046 prostraturus.
1399 2004 1577 2036 Columell.

874 2055 917 2086 de
942 2055 1131 2088 Hortorum
1148 2054 1263 2094 Cultu,
1287 2053 1337 2084 ita
1358 2053 1400 2084 de
1425 2053 1553 2094 Priapo
1566 2064 1575 2085 ε

874 2105 959 2137 ‘Sed
977 2110 1136 2137 truncum
1158 2103 1248 2136 forte
1266 2103 1416 2135 dolatum
1432 2102 1575 2134 Arboris

875 2155 1038 2196 antiquae,
1053 2164 1178 2186 numen
1194 2163 1358 2186 venerare
1376 2153 1576 2194 Ithyphalli,

874 2224 882 2233 .
896 2226 905 2236 .
919 2227 927 2236 .
943 2226 952 2236 .
963 2205 1077 2237 medio
1103 2205 1160 2246 qui
1183 2214 1319 2245 semper
1342 2204 1377 2234 in
1406 2203 1506 2234 horto
1520 2226 1528 2235 .
1543 2226 1551 2235 .
1564 2225 1575 2235 .

871 2255 1027 2296 praedoni
1039 2255 1129 2287 falce
1142 2254 1314 2287 minatur.'
1338 2254 1436 2294 Virg.
1447 2253 1574 2294 Georg.

872 2313 923 2336 lv.
940 2307 1014 2336 110.
1037 2307 1048 2323 ‘
1063 2306 1108 2336 Et
1122 2309 1239 2336 custos
1253 2303 1362 2335 furum
1383 2308 1487 2345 atque
1503 2304 1574 2334 avi-

872 2363 927 2384 um
944 2363 1021 2385 cum
1037 2353 1125 2386 falce
1140 2354 1283 2396 saligna,
1299 2353 1572 2394 Hellespontiaci

873 2409 988 2435 servet
1004 2405 1115 2436 tutela
1128 2404 1274 2446 Priapi!

915 2456 936 2484 6
959 2454 1000 2485 In
1009 2454 1124 2485 tertia-e
1136 2455 1254 2486 arundo
1267 2454 1375 2485 Terret
1381 2451 1471 2493 fixa]
1491 2450 1570 2482 Hoc
1593 2448 1599 2452 “

870 2503 988 2535 avibus
1007 2505 1320 2536 terriculamentum
1333 2503 1412 2543 poni
1428 2500 1571 2532 solebat.

868 2553 1002 2585 Tibullo
1018 2554 1203 2594 ascriptum
1220 2553 1436 2593 Epigramma
1447 2551 1497 2582 sic
1512 2551 1569 2582 ba·

869 2603 948 2634 bet:
965 2604 974 2620 ‘
987 2604 1123 2643 Placet,
1135 2602 1284 2643 Priape?
1299 2602 1355 2642 qui
1366 2600 1427 2632 sub
1437 2600 1569 2632 arboris

868 2662 965 2684 coma
980 2652 1075 2683 Soles
1091 2661 1223 2684 sacrum
1240 2651 1393 2682 revincte
1408 2650 1568 2692 pampino

868 2707 971 2744 caput
987 2701 1103 2733 Ruber
1111 2701 1232 2733 sedere
1246 2725 1256 2734 .
1269 2723 1277 2732 .
1291 2723 1299 2731 .
1315 2710 1407 2742 saepe
1426 2699 1567 2732 fioribus

868 2753 962 2784 novis
976 2753 1065 2784 Tuas
1080 2752 1151 2784 sine
1175 2756 1250 2784 arte
1266 2751 1488 2793 deligavimus
1510 2760 1566 2783 co-

867 2801 959 2835 mas!
