<?xml version="1.0" encoding="UTF-8"?>
<!DOCTYPE html PUBLIC "-//W3C//DTD XHTML 1.0 Transitional//EN"
    "http://www.w3.org/TR/xhtml1/DTD/xhtml1-transitional.dtd">
<html xmlns="http://www.w3.org/1999/xhtml" xml:lang="en" lang="en">
 <head>
  <title>
</title>
<meta http-equiv="Content-Type" content="text/html;charset=utf-8" />
  <meta name='ocr-system' content='tesseract 3.04.00' />
  <meta name='ocr-capabilities' content='ocr_page ocr_carea ocr_par ocr_line ocrx_word'/>
</head>
<body>
  <div class='ocr_page' id='page_1' title='image "./operazeune02horauoft_0467.png"; bbox 0 0 1890 3256; ppageno 0'>
   <div class='ocr_carea' id='block_1_1' title="bbox 636 284 1205 327">
    <p class='ocr_par' dir='ltr' id='par_1_1' title="bbox 636 284 1205 327">
     <span class='ocr_line' id='line_1_1' title="bbox 636 284 1205 327; baseline -0.005 -1"><span class='ocrx_word' id='word_1_1' title='bbox 636 295 914 327; x_wconf 73' lang='lat' dir='ltr'>snRMoNUM</span> <span class='ocrx_word' id='word_1_2' title='bbox 948 294 1044 325; x_wconf 78' lang='lat' dir='ltr'>ms.</span> <span class='ocrx_word' id='word_1_3' title='bbox 1079 294 1133 325; x_wconf 82' lang='grc' dir='ltr'>ιι.</span> <span class='ocrx_word' id='word_1_4' title='bbox 1163 284 1205 324; x_wconf 88' lang='grc'>4.</span> 
     </span>
    </p>
   </div>
   <div class='ocr_carea' id='block_1_2' title="bbox 1535 281 1649 322">
    <p class='ocr_par' dir='ltr' id='par_1_2' title="bbox 1535 281 1649 322">
     <span class='ocr_line' id='line_1_2' title="bbox 1535 281 1649 322; baseline -0.009 0"><span class='ocrx_word' id='word_1_5' title='bbox 1535 281 1649 322; x_wconf 85' lang='grc'>1007</span> 
     </span>
    </p>
   </div>
   <div class='ocr_carea' id='block_1_3' title="bbox 190 388 1324 580">
    <p class='ocr_par' dir='ltr' id='par_1_3' title="bbox 190 388 1324 580">
     <span class='ocr_line' id='line_1_3' title="bbox 194 388 1324 444; baseline -0.009 -8"><span class='ocrx_word' id='word_1_6' title='bbox 194 393 417 444; x_wconf 81' lang='lat' dir='ltr'>Consistit</span> <span class='ocrx_word' id='word_1_7' title='bbox 438 395 609 433; x_wconf 87' lang='lat' dir='ltr'><strong>sumtus</strong></span> <span class='ocrx_word' id='word_1_8' title='bbox 623 392 643 431; x_wconf 74' lang='lat' dir='ltr'>&#39;l</span> <span class='ocrx_word' id='word_1_9' title='bbox 664 390 895 443; x_wconf 84' lang='lat' dir='ltr'>neglectis,</span> <span class='ocrx_word' id='word_1_10' title='bbox 916 388 1132 440; x_wconf 83' lang='lat' dir='ltr'>flagitium</span> <span class='ocrx_word' id='word_1_11' title='bbox 1155 388 1324 439; x_wconf 89' lang='lat' dir='ltr'>ingens.</span> 
     </span>
     <span class='ocr_line' id='line_1_4' title="bbox 190 454 1256 513; baseline -0.008 -11"><span class='ocrx_word' id='word_1_12' title='bbox 190 460 301 502; x_wconf 89' lang='lat' dir='ltr'>Ten’</span> <span class='ocrx_word' id='word_1_13' title='bbox 319 459 492 513; x_wconf 83' lang='lat' dir='ltr'>lapides</span> <span class='ocrx_word' id='word_1_14' title='bbox 507 457 653 500; x_wconf 81' lang='lat' dir='ltr'>varios</span> <span class='ocrx_word' id='word_1_15' title='bbox 673 458 894 498; x_wconf 86' lang='lat' dir='ltr'>lutulenta</span> <span class='ocrx_word' id='word_1_16' title='bbox 915 455 1070 497; x_wconf 89' lang='lat' dir='ltr'>radere</span> <span class='ocrx_word' id='word_1_17' title='bbox 1089 454 1256 507; x_wconf 84' lang='lat' dir='ltr'>palma,</span> 
     </span>
     <span class='ocr_line' id='line_1_5' title="bbox 192 520 1265 580; baseline -0.007 -12"><span class='ocrx_word' id='word_1_18' title='bbox 192 526 251 568; x_wconf 89' lang='lat' dir='ltr'>Et</span> <span class='ocrx_word' id='word_1_19' title='bbox 268 526 427 580; x_wconf 86' lang='lat' dir='ltr'>Tyrias</span> <span class='ocrx_word' id='word_1_20' title='bbox 446 525 549 566; x_wconf 85' lang='lat' dir='ltr'>dare</span> <span class='ocrx_word' id='word_1_21' title='bbox 565 524 731 564; x_wconf 88' lang='lat' dir='ltr'>circum</span> <span class='ocrx_word' id='word_1_22' title='bbox 752 523 880 564; x_wconf 89' lang='lat' dir='ltr'>illota</span> <span class='ocrx_word' id='word_1_23' title='bbox 901 521 1061 564; x_wconf 81' lang='lat' dir='ltr'>toralia</span> <span class='ocrx_word' id='word_1_24' title='bbox 1083 523 1232 561; x_wconf 85' lang='lat' dir='ltr'>vestes</span> <span class='ocrx_word' id='word_1_25' title='bbox 1244 520 1265 560; x_wconf 71' lang='lat' dir='ltr'>‘l</span> 
     </span>
    </p>
   </div>
   <div class='ocr_carea' id='block_1_4' title="bbox 194 587 1304 644">
    <p class='ocr_par' dir='ltr' id='par_1_4' title="bbox 194 587 1304 644">
     <span class='ocr_line' id='line_1_6' title="bbox 194 587 1304 644; baseline -0.005 -11"><span class='ocrx_word' id='word_1_26' title='bbox 194 592 406 642; x_wconf 91' lang='lat' dir='ltr'>Oblitum,</span> <span class='ocrx_word' id='word_1_27' title='bbox 426 588 593 644; x_wconf 84' lang='lat' dir='ltr'>quanto</span> <span class='ocrx_word' id='word_1_28' title='bbox 612 602 764 630; x_wconf 87' lang='lat' dir='ltr'>curam</span> <span class='ocrx_word' id='word_1_29' title='bbox 786 594 1066 642; x_wconf 86' lang='lat' dir='ltr'>sumtumque</span> <span class='ocrx_word' id='word_1_30' title='bbox 1088 587 1304 628; x_wconf 86' lang='lat' dir='ltr'>minorem</span> 
     </span>
    </p>
   </div>
   <div class='ocr_carea' id='block_1_5' title="bbox 1591 584 1649 626">
    <p class='ocr_par' dir='ltr' id='par_1_5' title="bbox 1591 584 1649 626">
     <span class='ocr_line' id='line_1_7' title="bbox 1591 584 1649 626; baseline 0.017 -1"><span class='ocrx_word' id='word_1_31' title='bbox 1591 584 1649 626; x_wconf 84' lang='lat'>85</span> 
     </span>
    </p>
   </div>
   <div class='ocr_carea' id='block_1_6' title="bbox 195 653 1364 776">
    <p class='ocr_par' dir='ltr' id='par_1_6' title="bbox 195 653 1364 776">
     <span class='ocr_line' id='line_1_8' title="bbox 195 653 1212 709; baseline -0.007 -9"><span class='ocrx_word' id='word_1_32' title='bbox 195 658 315 700; x_wconf 84' lang='lat' dir='ltr'>Haec</span> <span class='ocrx_word' id='word_1_33' title='bbox 330 657 539 706; x_wconf 80' lang='lat' dir='ltr'><strong>habeant,</strong></span> <span class='ocrx_word' id='word_1_34' title='bbox 559 659 680 697; x_wconf 88' lang='lat' dir='ltr'>tanto</span> <span class='ocrx_word' id='word_1_35' title='bbox 700 655 901 709; x_wconf 85' lang='lat' dir='ltr'>reprendi</span> <span class='ocrx_word' id='word_1_36' title='bbox 914 653 1084 708; x_wconf 90' lang='lat' dir='ltr'>justius</span> <span class='ocrx_word' id='word_1_37' title='bbox 1103 653 1212 703; x_wconf 87' lang='lat' dir='ltr'>illis,</span> 
     </span>
     <span class='ocr_line' id='line_1_9' title="bbox 195 719 1364 776; baseline -0.006 -10"><span class='ocrx_word' id='word_1_38' title='bbox 195 724 313 775; x_wconf 84' lang='lat' dir='ltr'>Quae</span> <span class='ocrx_word' id='word_1_39' title='bbox 334 724 421 765; x_wconf 88' lang='lat' dir='ltr'>nisi</span> <span class='ocrx_word' id='word_1_40' title='bbox 436 722 646 765; x_wconf 84' lang='lat' dir='ltr'>divitibus</span> <span class='ocrx_word' id='word_1_41' title='bbox 665 725 888 776; x_wconf 83' lang='lat' dir='ltr'>nequeant</span> <span class='ocrx_word' id='word_1_42' title='bbox 905 720 1162 772; x_wconf 86' lang='lat' dir='ltr'>contingere</span> <span class='ocrx_word' id='word_1_43' title='bbox 1182 719 1364 760; x_wconf 87' lang='lat' dir='ltr'>mensis.</span> 
     </span>
    </p>
   </div>
   <div class='ocr_carea' id='block_1_7' title="bbox 190 865 1649 1042">
    <p class='ocr_par' dir='ltr' id='par_1_7' title="bbox 190 865 1649 1042">
     <span class='ocr_line' id='line_1_10' title="bbox 190 865 1646 914; baseline -0.005 -9"><span class='ocrx_word' id='word_1_44' title='bbox 190 875 336 914; x_wconf 74' lang='lat' dir='ltr'>impensa</span> <span class='ocrx_word' id='word_1_45' title='bbox 350 874 384 905; x_wconf 78' lang='lat' dir='ltr'>in</span> <span class='ocrx_word' id='word_1_46' title='bbox 397 873 508 914; x_wconf 72' lang='lat' dir='ltr'>scopis,</span> <span class='ocrx_word' id='word_1_47' title='bbox 524 873 558 904; x_wconf 79' lang='lat' dir='ltr'>in</span> <span class='ocrx_word' id='word_1_48' title='bbox 571 873 703 914; x_wconf 74' lang='lat' dir='ltr'>mappis,</span> <span class='ocrx_word' id='word_1_49' title='bbox 717 872 752 904; x_wconf 76' lang='lat' dir='ltr'>in</span> <span class='ocrx_word' id='word_1_50' title='bbox 766 871 854 903; x_wconf 78' lang='lat' dir='ltr'>scobe</span> <span class='ocrx_word' id='word_1_51' title='bbox 863 881 876 908; x_wconf 73' lang='lat'>‚0</span> <span class='ocrx_word' id='word_1_52' title='bbox 897 874 963 902; x_wconf 71' lang='lat' dir='ltr'>tam</span> <span class='ocrx_word' id='word_1_53' title='bbox 974 869 1088 909; x_wconf 76' lang='lat' dir='ltr'>gravis</span> <span class='ocrx_word' id='word_1_54' title='bbox 1100 869 1190 910; x_wconf 79' lang='lat' dir='ltr'>culpa</span> <span class='ocrx_word' id='word_1_55' title='bbox 1205 871 1262 909; x_wconf 77' lang='lat' dir='ltr'>est,</span> <span class='ocrx_word' id='word_1_56' title='bbox 1277 867 1306 898; x_wconf 70' lang='lat' dir='ltr'>sa·</span> <span class='ocrx_word' id='word_1_57' title='bbox 1331 867 1547 906; x_wconf 74' lang='lat' dir='ltr'>negligantur.</span> <span class='ocrx_word' id='word_1_58' title='bbox 1592 865 1646 897; x_wconf 77' lang='lat' dir='ltr'>An</span> 
     </span>
     <span class='ocr_line' id='line_1_11' title="bbox 192 909 1648 956; baseline -0.006 -8"><span class='ocrx_word' id='word_1_59' title='bbox 192 917 334 948; x_wconf 72' lang='lat' dir='ltr'>convenit</span> <span class='ocrx_word' id='word_1_60' title='bbox 347 919 378 947; x_wconf 71' lang='lat' dir='ltr'>te</span> <span class='ocrx_word' id='word_1_61' title='bbox 390 916 508 956; x_wconf 76' lang='lat' dir='ltr'>lapides</span> <span class='ocrx_word' id='word_1_62' title='bbox 521 914 603 946; x_wconf 71' lang='lat' dir='ltr'>varii</span> <span class='ocrx_word' id='word_1_63' title='bbox 616 915 728 946; x_wconf 72' lang='lat' dir='ltr'>coloris</span> <span class='ocrx_word' id='word_1_64' title='bbox 741 916 890 945; x_wconf 76' lang='lat' dir='ltr'>mundare</span> <span class='ocrx_word' id='word_1_65' title='bbox 903 914 1006 954; x_wconf 78' lang='lat' dir='ltr'>palma</span> <span class='ocrx_word' id='word_1_66' title='bbox 1020 921 1139 943; x_wconf 78' lang='lat' dir='ltr'>coenosa</span> <span class='ocrx_word' id='word_1_67' title='bbox 1147 921 1160 947; x_wconf 90' lang='lat'><em>;</em></span> <span class='ocrx_word' id='word_1_68' title='bbox 1184 914 1215 942; x_wconf 81' lang='lat' dir='ltr'>et</span> <span class='ocrx_word' id='word_1_69' title='bbox 1234 910 1331 951; x_wconf 79' lang='lat' dir='ltr'>Tyria</span> <span class='ocrx_word' id='word_1_70' title='bbox 1345 911 1536 949; x_wconf 76' lang='lat' dir='ltr'>operimenta</span> <span class='ocrx_word' id='word_1_71' title='bbox 1551 909 1648 948; x_wconf 81' lang='lat' dir='ltr'>impo-</span> 
     </span>
     <span class='ocr_line' id='line_1_12' title="bbox 191 952 1649 996; baseline -0.005 -8"><span class='ocrx_word' id='word_1_72' title='bbox 191 967 266 990; x_wconf 69' lang='lat' dir='ltr'>nere</span> <span class='ocrx_word' id='word_1_73' title='bbox 280 958 431 989; x_wconf 75' lang='lat' dir='ltr'>toralibus</span> <span class='ocrx_word' id='word_1_74' title='bbox 444 957 611 989; x_wconf 74' lang='lat' dir='ltr'>immundis</span> <span class='ocrx_word' id='word_1_75' title='bbox 621 959 635 988; x_wconf 76' lang='lat'>‚⁷</span> <span class='ocrx_word' id='word_1_76' title='bbox 654 958 862 988; x_wconf 79' lang='lat' dir='ltr'>immemorem</span> <span class='ocrx_word' id='word_1_77' title='bbox 876 966 934 996; x_wconf 81' lang='lat' dir='ltr'>quo</span> <span class='ocrx_word' id='word_1_78' title='bbox 949 955 1050 986; x_wconf 78' lang='lat' dir='ltr'>minor</span> <span class='ocrx_word' id='word_1_79' title='bbox 1063 956 1183 984; x_wconf 73' lang='lat' dir='ltr'>sumtus</span> <span class='ocrx_word' id='word_1_80' title='bbox 1206 956 1235 983; x_wconf 77' lang='lat' dir='ltr'>et</span> <span class='ocrx_word' id='word_1_81' title='bbox 1258 962 1332 983; x_wconf 82' lang='lat' dir='ltr'>cura</span> <span class='ocrx_word' id='word_1_82' title='bbox 1354 955 1400 982; x_wconf 78' lang='lat' dir='ltr'>est</span> <span class='ocrx_word' id='word_1_83' title='bbox 1423 952 1456 983; x_wconf 78' lang='lat' dir='ltr'>in</span> <span class='ocrx_word' id='word_1_84' title='bbox 1477 952 1537 992; x_wconf 79' lang='lat' dir='ltr'>his,</span> <span class='ocrx_word' id='word_1_85' title='bbox 1551 962 1586 982; x_wconf 85' lang='lat' dir='ltr'>eo</span> <span class='ocrx_word' id='word_1_86' title='bbox 1599 961 1649 982; x_wconf 86' lang='lat' dir='ltr'>re-</span> 
     </span>
     <span class='ocr_line' id='line_1_13' title="bbox 190 993 1647 1042; baseline -0.005 -10"><span class='ocrx_word' id='word_1_87' title='bbox 190 1000 307 1040; x_wconf 59' lang='lat' dir='ltr'>dargan·</span> <span class='ocrx_word' id='word_1_88' title='bbox 319 1000 442 1039; x_wconf 67' lang='lat' dir='ltr'>‚iunius</span> <span class='ocrx_word' id='word_1_89' title='bbox 459 1010 551 1042; x_wconf 77' lang='lat' dir='ltr'>quam</span> <span class='ocrx_word' id='word_1_90' title='bbox 565 999 608 1031; x_wconf 71' lang='lat' dir='ltr'>iis</span> <span class='ocrx_word' id='word_1_91' title='bbox 621 1009 689 1040; x_wconf 79' lang='lat' dir='ltr'>quoe</span> <span class='ocrx_word' id='word_1_92' title='bbox 703 1009 764 1030; x_wconf 80' lang='lat' dir='ltr'>non</span> <span class='ocrx_word' id='word_1_93' title='bbox 784 1003 915 1040; x_wconf 71' lang='lat' dir='ltr'>possunt</span> <span class='ocrx_word' id='word_1_94' title='bbox 937 1005 1098 1029; x_wconf 81' lang='lat' dir='ltr'>occurrere</span> <span class='ocrx_word' id='word_1_95' title='bbox 1111 996 1174 1027; x_wconf 70' lang='lat' dir='ltr'>nisi</span> <span class='ocrx_word' id='word_1_96' title='bbox 1194 995 1228 1026; x_wconf 86' lang='lat' dir='ltr'>in</span> <span class='ocrx_word' id='word_1_97' title='bbox 1247 994 1362 1026; x_wconf 83' lang='lat' dir='ltr'>mensis</span> <span class='ocrx_word' id='word_1_98' title='bbox 1383 994 1527 1026; x_wconf 76' lang='lat' dir='ltr'>divitum.</span> <span class='ocrx_word' id='word_1_99' title='bbox 1572 993 1647 1024; x_wconf 91' lang='lat' dir='ltr'>Ho-</span> 
     </span>
    </p>
   </div>
   <div class='ocr_carea' id='block_1_8' title="bbox 800 1105 918 1118">
    <p class='ocr_par' dir='ltr' id='par_1_8' title="bbox 800 1105 918 1118">
     <span class='ocr_line' id='line_1_14' title="bbox 800 1105 918 1118; baseline -0.017 0"><span class='ocrx_word' id='word_1_100' title='bbox 800 1105 918 1118; x_wconf 69' lang='lat' dir='ltr'>eeeeee</span> 
     </span>
    </p>
   </div>
   <div class='ocr_carea' id='block_1_9' title="bbox 919 1103 1038 1116">
    <p class='ocr_par' dir='ltr' id='par_1_9' title="bbox 919 1103 1038 1116">
     <span class='ocr_line' id='line_1_15' title="bbox 919 1103 1038 1116; baseline -0.008 0"><span class='ocrx_word' id='word_1_101' title='bbox 919 1103 1038 1116; x_wconf 72' lang='lat' dir='ltr'>eeeeee</span> 
     </span>
    </p>
   </div>
   <div class='ocr_carea' id='block_1_10' title="bbox 180 1187 1649 1326">
    <p class='ocr_par' dir='ltr' id='par_1_10' title="bbox 180 1187 1649 1326">
     <span class='ocr_line' id='line_1_16' title="bbox 194 1187 1649 1236; baseline -0.004 -11"><span class='ocrx_word' id='word_1_102' title='bbox 194 1194 302 1225; x_wconf 76' lang='lat' dir='ltr'>mutiis</span> <span class='ocrx_word' id='word_1_103' title='bbox 327 1203 390 1236; x_wconf 90' lang='lat' dir='ltr'>pro</span> <span class='ocrx_word' id='word_1_104' title='bbox 415 1193 632 1235; x_wconf 73' lang='lat' dir='ltr'>mppis.-82</span> <span class='ocrx_word' id='word_1_105' title='bbox 655 1192 753 1224; x_wconf 86' lang='lat' dir='ltr'>Harl.</span> <span class='ocrx_word' id='word_1_106' title='bbox 779 1194 811 1223; x_wconf 88' lang='grc'>6.</span> <span class='ocrx_word' id='word_1_107' title='bbox 827 1190 1002 1229; x_wconf 75' lang='lat' dir='ltr'><strong><em>fastigium</em></strong></span> <span class='ocrx_word' id='word_1_108' title='bbox 1025 1189 1234 1228; x_wconf 80' lang='lat' dir='ltr'>ingens.—87</span> <span class='ocrx_word' id='word_1_109' title='bbox 1259 1189 1339 1219; x_wconf 85' lang='lat' dir='ltr'>Vet.</span> <span class='ocrx_word' id='word_1_110' title='bbox 1364 1187 1485 1219; x_wconf 86' lang='lat' dir='ltr'>Comb.</span> <span class='ocrx_word' id='word_1_111' title='bbox 1507 1187 1649 1219; x_wconf 84' lang='lat' dir='ltr'>Venett.</span> 
     </span>
     <span class='ocr_line' id='line_1_17' title="bbox 195 1229 1649 1277; baseline -0.005 -10"><span class='ocrx_word' id='word_1_112' title='bbox 195 1237 338 1267; x_wconf 83' lang='lat' dir='ltr'>Locher.</span> <span class='ocrx_word' id='word_1_113' title='bbox 354 1241 389 1267; x_wconf 84' lang='lat' dir='ltr'>et</span> <span class='ocrx_word' id='word_1_114' title='bbox 404 1237 480 1267; x_wconf 71' lang='lat' dir='ltr'>alim</span> <span class='ocrx_word' id='word_1_115' title='bbox 495 1236 648 1277; x_wconf 78' lang='lat' dir='ltr'>quaedam</span> <span class='ocrx_word' id='word_1_116' title='bbox 666 1239 750 1266; x_wconf 87' lang='lat' dir='ltr'>vett.</span> <span class='ocrx_word' id='word_1_117' title='bbox 767 1234 844 1264; x_wconf 82' lang='lat' dir='ltr'>edd.</span> <span class='ocrx_word' id='word_1_118' title='bbox 860 1235 1036 1272; x_wconf 67' lang='lat' dir='ltr'>nequeunt:</span> <span class='ocrx_word' id='word_1_119' title='bbox 1051 1230 1110 1262; x_wconf 84' lang='lat' dir='ltr'>sed</span> <span class='ocrx_word' id='word_1_120' title='bbox 1127 1230 1224 1261; x_wconf 84' lang='lat' dir='ltr'>Harl.</span> <span class='ocrx_word' id='word_1_121' title='bbox 1238 1233 1269 1261; x_wconf 80' lang='lat'>2.</span> <span class='ocrx_word' id='word_1_122' title='bbox 1286 1233 1317 1262; x_wconf 79' lang='lat'>3.</span> <span class='ocrx_word' id='word_1_123' title='bbox 1332 1233 1365 1261; x_wconf 85' lang='grc'>4.</span> <span class='ocrx_word' id='word_1_124' title='bbox 1381 1233 1413 1261; x_wconf 83' lang='grc'>6.</span> <span class='ocrx_word' id='word_1_125' title='bbox 1437 1230 1538 1261; x_wconf 85' lang='lat' dir='ltr'>Gott.</span> <span class='ocrx_word' id='word_1_126' title='bbox 1557 1229 1649 1261; x_wconf 83' lang='lat' dir='ltr'>Han.</span> 
     </span>
     <span class='ocr_line' id='line_1_18' title="bbox 180 1272 1648 1326; baseline -0.005 -16"><span class='ocrx_word' id='word_1_127' title='bbox 180 1281 227 1326; x_wconf 60' lang='lat' dir='ltr'>&lt;l.</span> <span class='ocrx_word' id='word_1_128' title='bbox 243 1279 328 1310; x_wconf 86' lang='lat' dir='ltr'>Exc.</span> <span class='ocrx_word' id='word_1_129' title='bbox 344 1278 423 1310; x_wconf 84' lang='lat' dir='ltr'>Sax.</span> <span class='ocrx_word' id='word_1_130' title='bbox 437 1279 537 1310; x_wconf 88' lang='lat' dir='ltr'>codd.</span> <span class='ocrx_word' id='word_1_131' title='bbox 557 1277 710 1309; x_wconf 82' lang='lat' dir='ltr'>Lambini</span> <span class='ocrx_word' id='word_1_132' title='bbox 728 1281 763 1308; x_wconf 82' lang='lat' dir='ltr'>et</span> <span class='ocrx_word' id='word_1_133' title='bbox 778 1275 935 1316; x_wconf 70' lang='lat' dir='ltr'>Cmqufi,</span> <span class='ocrx_word' id='word_1_134' title='bbox 951 1273 1101 1305; x_wconf 86' lang='lat' dir='ltr'>Bentleii</span> <span class='ocrx_word' id='word_1_135' title='bbox 1119 1273 1242 1314; x_wconf 83' lang='lat' dir='ltr'>Regin.</span> <span class='ocrx_word' id='word_1_136' title='bbox 1259 1277 1294 1304; x_wconf 88' lang='lat' dir='ltr'>et</span> <span class='ocrx_word' id='word_1_137' title='bbox 1317 1277 1464 1314; x_wconf 86' lang='lat' dir='ltr'>quatuor</span> <span class='ocrx_word' id='word_1_138' title='bbox 1480 1272 1550 1312; x_wconf 84' lang='lat' dir='ltr'>alii,</span> <span class='ocrx_word' id='word_1_139' title='bbox 1567 1272 1648 1303; x_wconf 84' lang='lat' dir='ltr'>item</span> 
     </span>
    </p>
   </div>
   <div class='ocr_carea' id='block_1_11' title="bbox 854 1391 998 1426">
    <p class='ocr_par' dir='ltr' id='par_1_11' title="bbox 854 1391 998 1426">
     <span class='ocr_line' id='line_1_19' title="bbox 854 1391 998 1426; baseline 0.014 -2"><span class='ocrx_word' id='word_1_140' title='bbox 854 1391 998 1426; x_wconf 81' lang='lat' dir='ltr'>NOTAE</span> 
     </span>
    </p>
   </div>
   <div class='ocr_carea' id='block_1_12' title="bbox 193 1466 895 2298">
    <p class='ocr_par' dir='ltr' id='par_1_12' title="bbox 193 1466 892 1599">
     <span class='ocr_line' id='line_1_20' title="bbox 235 1466 892 1508; baseline -0.002 -10"><span class='ocrx_word' id='word_1_141' title='bbox 235 1469 276 1498; x_wconf 72' lang='lat'>83</span> <span class='ocrx_word' id='word_1_142' title='bbox 298 1466 435 1508; x_wconf 81' lang='lat' dir='ltr'>Lapides</span> <span class='ocrx_word' id='word_1_143' title='bbox 454 1467 571 1507; x_wconf 76' lang='lat' dir='ltr'>varios]</span> <span class='ocrx_word' id='word_1_144' title='bbox 611 1467 850 1499; x_wconf 84' lang='lat' dir='ltr'>Pavimentum</span> <span class='ocrx_word' id='word_1_145' title='bbox 872 1474 892 1497; x_wconf 89' lang='lat' dir='ltr'>e</span> 
     </span>
     <span class='ocr_line' id='line_1_21' title="bbox 193 1515 891 1558; baseline -0.001 -11"><span class='ocrx_word' id='word_1_146' title='bbox 193 1517 449 1548; x_wconf 83' lang='lat' dir='ltr'>versicoloribus</span> <span class='ocrx_word' id='word_1_147' title='bbox 473 1516 642 1558; x_wconf 74' lang='lat' dir='ltr'>lapidibus</span> <span class='ocrx_word' id='word_1_148' title='bbox 666 1521 701 1548; x_wconf 86' lang='lat' dir='ltr'>et</span> <span class='ocrx_word' id='word_1_149' title='bbox 717 1515 891 1547; x_wconf 78' lang='lat' dir='ltr'>marmori-</span> 
     </span>
     <span class='ocr_line' id='line_1_22' title="bbox 194 1566 756 1599; baseline 0.002 -1"><span class='ocrx_word' id='word_1_150' title='bbox 194 1567 267 1598; x_wconf 78' lang='lat' dir='ltr'>bus.</span> <span class='ocrx_word' id='word_1_151' title='bbox 311 1567 401 1598; x_wconf 85' lang='lat' dir='ltr'>Vide</span> <span class='ocrx_word' id='word_1_152' title='bbox 417 1576 461 1599; x_wconf 88' lang='lat'>11.</span> <span class='ocrx_word' id='word_1_153' title='bbox 477 1567 547 1598; x_wconf 86' lang='lat' dir='ltr'>Od.</span> <span class='ocrx_word' id='word_1_154' title='bbox 563 1570 615 1599; x_wconf 82' lang='grc'>14.</span> <span class='ocrx_word' id='word_1_155' title='bbox 626 1567 659 1598; x_wconf 90' lang='lat' dir='ltr'>in</span> <span class='ocrx_word' id='word_1_156' title='bbox 675 1566 756 1599; x_wconf 82' lang='lat' dir='ltr'>fine.</span> 
     </span>
    </p>

    <p class='ocr_par' dir='ltr' id='par_1_13' title="bbox 195 1615 891 1756">
     <span class='ocr_line' id='line_1_23' title="bbox 236 1615 890 1659; baseline -0.005 -10"><span class='ocrx_word' id='word_1_157' title='bbox 236 1617 365 1659; x_wconf 74' lang='lat' dir='ltr'>Pabm]</span> <span class='ocrx_word' id='word_1_158' title='bbox 384 1617 504 1658; x_wconf 81' lang='lat' dir='ltr'>Scopis</span> <span class='ocrx_word' id='word_1_159' title='bbox 520 1626 540 1648; x_wconf 94' lang='lat' dir='ltr'>e</span> <span class='ocrx_word' id='word_1_160' title='bbox 561 1618 685 1658; x_wconf 78' lang='lat' dir='ltr'>palma.</span> <span class='ocrx_word' id='word_1_161' title='bbox 738 1615 890 1647; x_wconf 73' lang='lat' dir='ltr'>Martini.</span> 
     </span>
     <span class='ocr_line' id='line_1_24' title="bbox 195 1666 891 1708; baseline -0.004 -11"><span class='ocrx_word' id='word_1_162' title='bbox 195 1669 341 1698; x_wconf 74' lang='lat' dir='ltr'>xiv.82.</span> <span class='ocrx_word' id='word_1_163' title='bbox 364 1668 374 1685; x_wconf 91' lang='lat'>‘</span> <span class='ocrx_word' id='word_1_164' title='bbox 390 1667 432 1698; x_wconf 89' lang='lat' dir='ltr'>In</span> <span class='ocrx_word' id='word_1_165' title='bbox 458 1666 572 1708; x_wconf 84' lang='lat' dir='ltr'>pretio</span> <span class='ocrx_word' id='word_1_166' title='bbox 598 1675 720 1707; x_wconf 82' lang='lat' dir='ltr'>scopas</span> <span class='ocrx_word' id='word_1_167' title='bbox 744 1670 891 1697; x_wconf 86' lang='lat' dir='ltr'>testatur</span> 
     </span>
     <span class='ocr_line' id='line_1_25' title="bbox 195 1716 452 1756; baseline 0.004 -9"><span class='ocrx_word' id='word_1_168' title='bbox 195 1716 308 1756; x_wconf 80' lang='lat' dir='ltr'>palma</span> <span class='ocrx_word' id='word_1_169' title='bbox 321 1716 452 1748; x_wconf 67' lang='lat' dir='ltr'>fnisse:</span> 
     </span>
    </p>

    <p class='ocr_par' dir='ltr' id='par_1_14' title="bbox 194 1764 892 1946">
     <span class='ocr_line' id='line_1_26' title="bbox 237 1764 892 1807; baseline -0.008 -10"><span class='ocrx_word' id='word_1_170' title='bbox 237 1768 280 1797; x_wconf 73' lang='lat'>84</span> <span class='ocrx_word' id='word_1_171' title='bbox 305 1766 420 1807; x_wconf 68' lang='lat' dir='ltr'>Tyrias</span> <span class='ocrx_word' id='word_1_172' title='bbox 445 1765 561 1806; x_wconf 69' lang='lat' dir='ltr'>vestes]</span> <span class='ocrx_word' id='word_1_173' title='bbox 590 1764 749 1804; x_wconf 81' lang='lat' dir='ltr'>Stragula</span> <span class='ocrx_word' id='word_1_174' title='bbox 772 1767 807 1794; x_wconf 86' lang='lat' dir='ltr'>et</span> <span class='ocrx_word' id='word_1_175' title='bbox 834 1771 892 1803; x_wconf 87' lang='lat' dir='ltr'>pe·</span> 
     </span>
     <span class='ocr_line' id='line_1_27' title="bbox 194 1816 892 1856; baseline -0.007 -9"><span class='ocrx_word' id='word_1_176' title='bbox 194 1817 392 1848; x_wconf 70' lang='lat' dir='ltr'>riuti-emata</span> <span class='ocrx_word' id='word_1_177' title='bbox 408 1816 558 1856; x_wconf 80' lang='lat' dir='ltr'>pretiosa</span> <span class='ocrx_word' id='word_1_178' title='bbox 581 1823 641 1845; x_wconf 86' lang='lat' dir='ltr'>seu</span> <span class='ocrx_word' id='word_1_179' title='bbox 662 1821 833 1855; x_wconf 83' lang='lat' dir='ltr'>purpurea</span> <span class='ocrx_word' id='word_1_180' title='bbox 849 1821 892 1842; x_wconf 86' lang='lat' dir='ltr'>ex</span> 
     </span>
     <span class='ocr_line' id='line_1_28' title="bbox 194 1860 892 1905; baseline -0.007 -9"><span class='ocrx_word' id='word_1_181' title='bbox 194 1864 279 1896; x_wconf 87' lang='lat' dir='ltr'>urbe</span> <span class='ocrx_word' id='word_1_182' title='bbox 307 1865 421 1905; x_wconf 83' lang='lat' dir='ltr'>Tyro;</span> <span class='ocrx_word' id='word_1_183' title='bbox 444 1863 488 1894; x_wconf 85' lang='lat' dir='ltr'>de</span> <span class='ocrx_word' id='word_1_184' title='bbox 512 1873 579 1904; x_wconf 86' lang='lat' dir='ltr'>qua</span> <span class='ocrx_word' id='word_1_185' title='bbox 603 1871 660 1894; x_wconf 87' lang='grc' dir='ltr'>ιιι.</span> <span class='ocrx_word' id='word_1_186' title='bbox 685 1861 752 1894; x_wconf 89' lang='lat' dir='ltr'>Od.</span> <span class='ocrx_word' id='word_1_187' title='bbox 780 1863 833 1892; x_wconf 84' lang='lat'>29.</span> <span class='ocrx_word' id='word_1_188' title='bbox 858 1860 892 1891; x_wconf 92' lang='lat' dir='ltr'>in</span> 
     </span>
     <span class='ocr_line' id='line_1_29' title="bbox 194 1913 276 1946; baseline 0 -1"><span class='ocrx_word' id='word_1_189' title='bbox 194 1913 276 1946; x_wconf 76' lang='lat' dir='ltr'>fine.</span> 
     </span>
    </p>

    <p class='ocr_par' dir='ltr' id='par_1_15' title="bbox 195 1957 895 2298">
     <span class='ocr_line' id='line_1_30' title="bbox 239 1957 892 2002; baseline -0.011 -8"><span class='ocrx_word' id='word_1_190' title='bbox 239 1961 378 2002; x_wconf 69' lang='lat' dir='ltr'>Tou-alia]</span> <span class='ocrx_word' id='word_1_191' title='bbox 398 1962 509 1993; x_wconf 84' lang='lat' dir='ltr'>Torus</span> <span class='ocrx_word' id='word_1_192' title='bbox 533 1969 554 1992; x_wconf 83' lang='lat' dir='ltr'>a</span> <span class='ocrx_word' id='word_1_193' title='bbox 573 1959 674 1992; x_wconf 87' lang='lat' dir='ltr'>tortis</span> <span class='ocrx_word' id='word_1_194' title='bbox 689 1958 804 1990; x_wconf 86' lang='lat' dir='ltr'>herbis</span> <span class='ocrx_word' id='word_1_195' title='bbox 820 1957 892 1988; x_wconf 88' lang='lat' dir='ltr'>dic-</span> 
     </span>
     <span class='ocr_line' id='line_1_31' title="bbox 195 2007 892 2052; baseline -0.006 -10"><span class='ocrx_word' id='word_1_196' title='bbox 195 2015 271 2042; x_wconf 81' lang='lat' dir='ltr'>tus:</span> <span class='ocrx_word' id='word_1_197' title='bbox 295 2011 385 2052; x_wconf 83' lang='lat' dir='ltr'>qnod</span> <span class='ocrx_word' id='word_1_198' title='bbox 400 2011 488 2042; x_wconf 82' lang='lat' dir='ltr'>iniis</span> <span class='ocrx_word' id='word_1_199' title='bbox 509 2009 676 2051; x_wconf 75' lang='lat' dir='ltr'>congestis</span> <span class='ocrx_word' id='word_1_200' title='bbox 699 2009 779 2040; x_wconf 88' lang='lat' dir='ltr'>olim</span> <span class='ocrx_word' id='word_1_201' title='bbox 796 2007 892 2039; x_wconf 86' lang='lat' dir='ltr'>sede-</span> 
     </span>
     <span class='ocr_line' id='line_1_32' title="bbox 196 2056 892 2098; baseline -0.006 -7"><span class='ocrx_word' id='word_1_202' title='bbox 196 2060 279 2091; x_wconf 84' lang='lat' dir='ltr'>bant</span> <span class='ocrx_word' id='word_1_203' title='bbox 303 2070 344 2091; x_wconf 84' lang='lat' dir='ltr'>ac</span> <span class='ocrx_word' id='word_1_204' title='bbox 362 2059 632 2091; x_wconf 82' lang='lat' dir='ltr'>discumbebant.</span> <span class='ocrx_word' id='word_1_205' title='bbox 666 2058 783 2096; x_wconf 75' lang='lat' dir='ltr'>Tomi,</span> <span class='ocrx_word' id='word_1_206' title='bbox 802 2056 892 2098; x_wconf 87' lang='lat' dir='ltr'>quod</span> 
     </span>
     <span class='ocr_line' id='line_1_33' title="bbox 196 2105 894 2146; baseline -0.007 -6"><span class='ocrx_word' id='word_1_207' title='bbox 196 2114 276 2140; x_wconf 85' lang='lat' dir='ltr'>ante</span> <span class='ocrx_word' id='word_1_208' title='bbox 291 2114 400 2140; x_wconf 89' lang='lat' dir='ltr'>torum</span> <span class='ocrx_word' id='word_1_209' title='bbox 417 2114 482 2146; x_wconf 82' lang='lat' dir='ltr'>est,</span> <span class='ocrx_word' id='word_1_210' title='bbox 507 2117 551 2139; x_wconf 82' lang='lat' dir='ltr'>ex</span> <span class='ocrx_word' id='word_1_211' title='bbox 567 2109 721 2138; x_wconf 86' lang='lat' dir='ltr'>Varrone</span> <span class='ocrx_word' id='word_1_212' title='bbox 737 2105 780 2136; x_wconf 87' lang='lat' dir='ltr'>de</span> <span class='ocrx_word' id='word_1_213' title='bbox 797 2106 894 2145; x_wconf 82' lang='lat' dir='ltr'>Ling.</span> 
     </span>
     <span class='ocr_line' id='line_1_34' title="bbox 197 2156 895 2198; baseline -0.007 -8"><span class='ocrx_word' id='word_1_214' title='bbox 197 2159 274 2190; x_wconf 81' lang='lat' dir='ltr'>Lat.</span> <span class='ocrx_word' id='word_1_215' title='bbox 290 2158 313 2190; x_wconf 90' lang='lat' dir='ltr'>l.</span> <span class='ocrx_word' id='word_1_216' title='bbox 332 2166 381 2189; x_wconf 78' lang='lat' dir='ltr'>lv.</span> <span class='ocrx_word' id='word_1_217' title='bbox 399 2162 482 2198; x_wconf 86' lang='lat' dir='ltr'>puta</span> <span class='ocrx_word' id='word_1_218' title='bbox 497 2161 671 2198; x_wconf 80' lang='lat' dir='ltr'>congestae</span> <span class='ocrx_word' id='word_1_219' title='bbox 686 2156 814 2192; x_wconf 83' lang='lat' dir='ltr'>herbae,</span> <span class='ocrx_word' id='word_1_220' title='bbox 835 2165 895 2195; x_wconf 75' lang='lat' dir='ltr'>pa-</span> 
     </span>
     <span class='ocr_line' id='line_1_35' title="bbox 195 2205 895 2247; baseline -0.006 -8"><span class='ocrx_word' id='word_1_221' title='bbox 195 2208 274 2247; x_wconf 75' lang='lat' dir='ltr'>leae,</span> <span class='ocrx_word' id='word_1_222' title='bbox 288 2207 477 2246; x_wconf 72' lang='lat' dir='ltr'>arundinis,</span> <span class='ocrx_word' id='word_1_223' title='bbox 501 2207 584 2238; x_wconf 89' lang='lat' dir='ltr'>item</span> <span class='ocrx_word' id='word_1_224' title='bbox 599 2206 698 2245; x_wconf 84' lang='lat' dir='ltr'>lanoe,</span> <span class='ocrx_word' id='word_1_225' title='bbox 721 2205 775 2236; x_wconf 84' lang='lat' dir='ltr'>vel</span> <span class='ocrx_word' id='word_1_226' title='bbox 791 2205 895 2236; x_wconf 85' lang='lat' dir='ltr'>etiam</span> 
     </span>
     <span class='ocr_line' id='line_1_36' title="bbox 197 2254 893 2298; baseline -0.006 -11"><span class='ocrx_word' id='word_1_227' title='bbox 197 2257 323 2298; x_wconf 79' lang='lat' dir='ltr'>plumae</span> <span class='ocrx_word' id='word_1_228' title='bbox 359 2257 570 2287; x_wconf 87' lang='lat' dir='ltr'>involucrum</span> <span class='ocrx_word' id='word_1_229' title='bbox 608 2264 668 2286; x_wconf 88' lang='lat' dir='ltr'>seu</span> <span class='ocrx_word' id='word_1_230' title='bbox 705 2254 893 2295; x_wconf 79' lang='lat' dir='ltr'>operimen-</span> 
     </span>
    </p>
   </div>
   <div class='ocr_carea' id='block_1_13' title="bbox 197 2305 898 2348">
    <p class='ocr_par' dir='ltr' id='par_1_16' title="bbox 197 2305 898 2348">
     <span class='ocr_line' id='line_1_37' title="bbox 197 2305 898 2348; baseline -0.007 -9"><span class='ocrx_word' id='word_1_231' title='bbox 197 2311 279 2339; x_wconf 88' lang='lat' dir='ltr'><strong>tum.</strong></span> <span class='ocrx_word' id='word_1_232' title='bbox 294 2307 518 2348; x_wconf 87' lang='lat' dir='ltr'>Itaquelecto</span> <span class='ocrx_word' id='word_1_233' title='bbox 529 2305 766 2346; x_wconf 76' lang='lat' dir='ltr'>imponebatur</span> <span class='ocrx_word' id='word_1_234' title='bbox 775 2309 898 2340; x_wconf 80' lang='lat' dir='ltr'>matta,</span> 
     </span>
    </p>
   </div>
   <div class='ocr_carea' id='block_1_14' title="bbox 195 2354 895 2837">
    <p class='ocr_par' dir='ltr' id='par_1_17' title="bbox 195 2354 895 2837">
     <span class='ocr_line' id='line_1_38' title="bbox 196 2354 895 2397; baseline -0.003 -10"><span class='ocrx_word' id='word_1_235' title='bbox 196 2356 334 2397; x_wconf 81' lang='lat' dir='ltr'>culcita,</span> <span class='ocrx_word' id='word_1_236' title='bbox 346 2356 436 2387; x_wconf 84' lang='lat' dir='ltr'>lodix</span> <span class='ocrx_word' id='word_1_237' title='bbox 450 2366 461 2395; x_wconf 73' lang='grc' dir='ltr'><strong><em>ς</em></strong></span> <span class='ocrx_word' id='word_1_238' title='bbox 478 2355 569 2388; x_wconf 84' lang='lat' dir='ltr'>Gall.</span> <span class='ocrx_word' id='word_1_239' title='bbox 582 2354 739 2396; x_wconf 67' lang='lat' dir='ltr'>paulam,</span> <span class='ocrx_word' id='word_1_240' title='bbox 753 2355 895 2392; x_wconf 79' lang='lat' dir='ltr'>matelas,</span> 
     </span>
     <span class='ocr_line' id='line_1_39' title="bbox 195 2406 893 2443; baseline -0.003 -5"><span class='ocrx_word' id='word_1_241' title='bbox 195 2407 326 2440; x_wconf 74' lang='lat' dir='ltr'>loudier.</span> <span class='ocrx_word' id='word_1_242' title='bbox 370 2408 461 2443; x_wconf 66' lang='lat' dir='ltr'>Haec,</span> <span class='ocrx_word' id='word_1_243' title='bbox 485 2416 566 2439; x_wconf 85' lang='lat' dir='ltr'>vero</span> <span class='ocrx_word' id='word_1_244' title='bbox 589 2406 759 2438; x_wconf 87' lang='lat' dir='ltr'>interdum</span> <span class='ocrx_word' id='word_1_245' title='bbox 775 2410 893 2437; x_wconf 87' lang='lat' dir='ltr'>conte-</span> 
     </span>
     <span class='ocr_line' id='line_1_40' title="bbox 197 2456 893 2499; baseline -0.004 -10"><span class='ocrx_word' id='word_1_246' title='bbox 197 2457 362 2498; x_wconf 64' lang='lat' dir='ltr'>gebantur</span> <span class='ocrx_word' id='word_1_247' title='bbox 372 2457 552 2499; x_wconf 81' lang='lat' dir='ltr'>purpureis</span> <span class='ocrx_word' id='word_1_248' title='bbox 562 2457 738 2498; x_wconf 84' lang='lat' dir='ltr'>stragulis,</span> <span class='ocrx_word' id='word_1_249' title='bbox 749 2456 792 2488; x_wconf 89' lang='lat' dir='ltr'>ad</span> <span class='ocrx_word' id='word_1_250' title='bbox 803 2465 893 2497; x_wconf 88' lang='lat' dir='ltr'>pom-</span> 
     </span>
     <span class='ocr_line' id='line_1_41' title="bbox 198 2505 892 2547; baseline 0.001 -10"><span class='ocrx_word' id='word_1_251' title='bbox 198 2515 277 2547; x_wconf 78' lang='lat' dir='ltr'>pam</span> <span class='ocrx_word' id='word_1_252' title='bbox 290 2510 327 2538; x_wconf 87' lang='lat' dir='ltr'>et</span> <span class='ocrx_word' id='word_1_253' title='bbox 340 2505 478 2539; x_wconf 74' lang='lat' dir='ltr'>fantum.</span> <span class='ocrx_word' id='word_1_254' title='bbox 530 2506 604 2539; x_wconf 86' lang='lat' dir='ltr'>Cic.</span> <span class='ocrx_word' id='word_1_255' title='bbox 618 2507 718 2539; x_wconf 81' lang='lat' dir='ltr'>Tuse.</span> <span class='ocrx_word' id='word_1_256' title='bbox 734 2516 767 2538; x_wconf 90' lang='lat' dir='ltr'>v.</span> <span class='ocrx_word' id='word_1_257' title='bbox 792 2507 802 2524; x_wconf 82' lang='lat'>⁸</span> <span class='ocrx_word' id='word_1_258' title='bbox 815 2506 892 2538; x_wconf 85' lang='lat' dir='ltr'>Col-</span> 
     </span>
     <span class='ocr_line' id='line_1_42' title="bbox 198 2555 894 2597; baseline 0.004 -12"><span class='ocrx_word' id='word_1_259' title='bbox 198 2555 304 2587; x_wconf 71' lang='lat' dir='ltr'>locari</span> <span class='ocrx_word' id='word_1_260' title='bbox 320 2556 488 2587; x_wconf 86' lang='lat' dir='ltr'>hominem</span> <span class='ocrx_word' id='word_1_261' title='bbox 504 2556 608 2597; x_wconf 78' lang='lat' dir='ltr'>jussit</span> <span class='ocrx_word' id='word_1_262' title='bbox 622 2557 655 2588; x_wconf 92' lang='lat' dir='ltr'>in</span> <span class='ocrx_word' id='word_1_263' title='bbox 672 2566 776 2588; x_wconf 87' lang='lat' dir='ltr'>aureo</span> <span class='ocrx_word' id='word_1_264' title='bbox 791 2557 894 2595; x_wconf 86' lang='lat' dir='ltr'>lecto,</span> 
     </span>
     <span class='ocr_line' id='line_1_43' title="bbox 199 2605 892 2647; baseline 0.004 -13"><span class='ocrx_word' id='word_1_265' title='bbox 199 2608 307 2635; x_wconf 79' lang='lat' dir='ltr'>strato</span> <span class='ocrx_word' id='word_1_266' title='bbox 336 2605 570 2646; x_wconf 79' lang='lat' dir='ltr'>pulcherrimo,</span> <span class='ocrx_word' id='word_1_267' title='bbox 598 2607 713 2638; x_wconf 85' lang='lat' dir='ltr'>textili</span> <span class='ocrx_word' id='word_1_268' title='bbox 742 2607 892 2647; x_wconf 86' lang='lat' dir='ltr'>stragulo</span> 
     </span>
     <span class='ocr_line' id='line_1_44' title="bbox 201 2652 894 2695; baseline 0.004 -11"><span class='ocrx_word' id='word_1_269' title='bbox 201 2652 391 2694; x_wconf 74' lang='lat' dir='ltr'>magm&#39;ficis</span> <span class='ocrx_word' id='word_1_270' title='bbox 403 2653 559 2694; x_wconf 75' lang='lat' dir='ltr'>operibus</span> <span class='ocrx_word' id='word_1_271' title='bbox 572 2655 690 2695; x_wconf 87' lang='lat' dir='ltr'>picto.&#39;</span> <span class='ocrx_word' id='word_1_272' title='bbox 742 2655 811 2687; x_wconf 86' lang='lat' dir='ltr'>Ubi</span> <span class='ocrx_word' id='word_1_273' title='bbox 826 2655 894 2687; x_wconf 81' lang='lat' dir='ltr'>tria</span> 
     </span>
     <span class='ocr_line' id='line_1_45' title="bbox 199 2702 894 2745; baseline 0.006 -12"><span class='ocrx_word' id='word_1_274' title='bbox 199 2703 306 2742; x_wconf 77' lang='lat' dir='ltr'>vides,</span> <span class='ocrx_word' id='word_1_275' title='bbox 315 2703 451 2742; x_wconf 71' lang='lat' dir='ltr'>Lector,</span> <span class='ocrx_word' id='word_1_276' title='bbox 461 2702 638 2744; x_wconf 79' lang='lat' dir='ltr'>distingui,</span> <span class='ocrx_word' id='word_1_277' title='bbox 645 2706 781 2745; x_wconf 80' lang='lat' dir='ltr'>lectum,</span> <span class='ocrx_word' id='word_1_278' title='bbox 794 2705 894 2744; x_wconf 83' lang='lat' dir='ltr'>toral,</span> 
     </span>
     <span class='ocr_line' id='line_1_46' title="bbox 201 2754 895 2793; baseline 0.004 -9"><span class='ocrx_word' id='word_1_279' title='bbox 201 2754 273 2785; x_wconf 73' lang='lat' dir='ltr'>sive</span> <span class='ocrx_word' id='word_1_280' title='bbox 286 2757 443 2792; x_wconf 72' lang='lat' dir='ltr'>stratum,</span> <span class='ocrx_word' id='word_1_281' title='bbox 454 2754 648 2793; x_wconf 71' lang='lat' dir='ltr'>stragulum.</span> <span class='ocrx_word' id='word_1_282' title='bbox 691 2754 796 2787; x_wconf 85' lang='lat' dir='ltr'>Ovid.</span> <span class='ocrx_word' id='word_1_283' title='bbox 809 2756 895 2787; x_wconf 81' lang='lat' dir='ltr'>Met.</span> 
     </span>
     <span class='ocr_line' id='line_1_47' title="bbox 202 2802 890 2837; baseline 0.001 -1"><span class='ocrx_word' id='word_1_284' title='bbox 202 2810 284 2836; x_wconf 77' lang='lat' dir='ltr'>viti.</span> <span class='ocrx_word' id='word_1_285' title='bbox 298 2803 308 2821; x_wconf 82' lang='lat'><strong><em>⁴</em></strong></span> <span class='ocrx_word' id='word_1_286' title='bbox 321 2803 363 2835; x_wconf 90' lang='lat' dir='ltr'>In</span> <span class='ocrx_word' id='word_1_287' title='bbox 377 2802 488 2835; x_wconf 87' lang='lat' dir='ltr'>medio</span> <span class='ocrx_word' id='word_1_288' title='bbox 503 2806 597 2835; x_wconf 75' lang='lat' dir='ltr'>torus</span> <span class='ocrx_word' id='word_1_289' title='bbox 612 2807 664 2835; x_wconf 77' lang='lat' dir='ltr'>est</span> <span class='ocrx_word' id='word_1_290' title='bbox 679 2803 722 2836; x_wconf 89' lang='lat' dir='ltr'>de</span> <span class='ocrx_word' id='word_1_291' title='bbox 735 2805 890 2837; x_wconf 81' lang='lat' dir='ltr'>mollibus</span> 
     </span>
    </p>
   </div>
   <div class='ocr_carea' id='block_1_15' title="bbox 942 1462 1650 2793">
    <p class='ocr_par' dir='ltr' id='par_1_18' title="bbox 942 1462 1650 2793">
     <span class='ocr_line' id='line_1_48' title="bbox 945 1462 1646 1502; baseline -0.004 -7"><span class='ocrx_word' id='word_1_292' title='bbox 945 1464 1044 1495; x_wconf 81' lang='lat' dir='ltr'>ulvis.</span> <span class='ocrx_word' id='word_1_293' title='bbox 1088 1463 1251 1495; x_wconf 80' lang='lat' dir='ltr'>Vestibus</span> <span class='ocrx_word' id='word_1_294' title='bbox 1282 1463 1371 1493; x_wconf 84' lang='lat' dir='ltr'>hunc</span> <span class='ocrx_word' id='word_1_295' title='bbox 1398 1462 1514 1493; x_wconf 78' lang='lat' dir='ltr'>velant</span> <span class='ocrx_word' id='word_1_296' title='bbox 1530 1471 1541 1500; x_wconf 85' lang='lat'>;</span> <span class='ocrx_word' id='word_1_297' title='bbox 1565 1468 1646 1502; x_wconf 81' lang='lat' dir='ltr'>quas</span> 
     </span>
     <span class='ocr_line' id='line_1_49' title="bbox 944 1512 1647 1554; baseline -0.006 -8"><span class='ocrx_word' id='word_1_298' title='bbox 944 1523 1013 1546; x_wconf 87' lang='lat' dir='ltr'>non</span> <span class='ocrx_word' id='word_1_299' title='bbox 1029 1513 1095 1545; x_wconf 90' lang='lat' dir='ltr'>nisi</span> <span class='ocrx_word' id='word_1_300' title='bbox 1116 1518 1271 1554; x_wconf 90' lang='lat' dir='ltr'>tempore</span> <span class='ocrx_word' id='word_1_301' title='bbox 1287 1512 1375 1544; x_wconf 78' lang='lat' dir='ltr'>festo</span> <span class='ocrx_word' id='word_1_302' title='bbox 1388 1513 1552 1544; x_wconf 89' lang='lat' dir='ltr'>Sternere</span> <span class='ocrx_word' id='word_1_303' title='bbox 1568 1521 1647 1542; x_wconf 91' lang='lat' dir='ltr'>con-</span> 
     </span>
     <span class='ocr_line' id='line_1_50' title="bbox 942 1557 1647 1603; baseline -0.007 -7"><span class='ocrx_word' id='word_1_304' title='bbox 942 1563 1106 1596; x_wconf 56' lang='lat' dir='ltr'>suerant)</span> <span class='ocrx_word' id='word_1_305' title='bbox 1151 1557 1324 1603; x_wconf 82' lang='lat' dir='ltr'>Lamprid.</span> <span class='ocrx_word' id='word_1_306' title='bbox 1348 1562 1408 1593; x_wconf 89' lang='lat' dir='ltr'>cit.</span> <span class='ocrx_word' id='word_1_307' title='bbox 1429 1562 1647 1602; x_wconf 83' lang='lat' dir='ltr'>Heliogabal.</span> 
     </span>
     <span class='ocr_line' id='line_1_51' title="bbox 944 1611 1647 1654; baseline -0.007 -9"><span class='ocrx_word' id='word_1_308' title='bbox 944 1615 954 1632; x_wconf 92' lang='lat'>‘</span> <span class='ocrx_word' id='word_1_309' title='bbox 974 1614 1102 1654; x_wconf 87' lang='lat' dir='ltr'>primus</span> <span class='ocrx_word' id='word_1_310' title='bbox 1128 1614 1276 1644; x_wconf 88' lang='lat' dir='ltr'>omnium</span> <span class='ocrx_word' id='word_1_311' title='bbox 1310 1611 1523 1652; x_wconf 78' lang='lat' dir='ltr'>privatorum</span> <span class='ocrx_word' id='word_1_312' title='bbox 1555 1616 1647 1641; x_wconf 82' lang='lat' dir='ltr'>toros</span> 
     </span>
     <span class='ocr_line' id='line_1_52' title="bbox 945 1659 1648 1694; baseline -0.007 0"><span class='ocrx_word' id='word_1_313' title='bbox 945 1663 1057 1694; x_wconf 81' lang='lat' dir='ltr'>aureis</span> <span class='ocrx_word' id='word_1_314' title='bbox 1074 1661 1239 1693; x_wconf 81' lang='lat' dir='ltr'>toralibus</span> <span class='ocrx_word' id='word_1_315' title='bbox 1256 1660 1368 1691; x_wconf 66' lang='lat' dir='ltr'>texit)</span> <span class='ocrx_word' id='word_1_316' title='bbox 1413 1660 1464 1690; x_wconf 83' lang='lat' dir='ltr'>Ex</span> <span class='ocrx_word' id='word_1_317' title='bbox 1481 1660 1532 1690; x_wconf 83' lang='lat' dir='ltr'>his</span> <span class='ocrx_word' id='word_1_318' title='bbox 1548 1659 1648 1690; x_wconf 90' lang='lat' dir='ltr'>intel-</span> 
     </span>
     <span class='ocr_line' id='line_1_53' title="bbox 946 1708 1648 1752; baseline -0.006 -10"><span class='ocrx_word' id='word_1_319' title='bbox 946 1712 1003 1752; x_wconf 88' lang='lat' dir='ltr'>ligi</span> <span class='ocrx_word' id='word_1_320' title='bbox 1034 1715 1147 1751; x_wconf 73' lang='lat' dir='ltr'>potest</span> <span class='ocrx_word' id='word_1_321' title='bbox 1176 1711 1242 1741; x_wconf 85' lang='lat' dir='ltr'>iste</span> <span class='ocrx_word' id='word_1_322' title='bbox 1278 1709 1414 1741; x_wconf 83' lang='lat' dir='ltr'>Horatii</span> <span class='ocrx_word' id='word_1_323' title='bbox 1443 1709 1536 1739; x_wconf 81' lang='lat' dir='ltr'>locus</span> <span class='ocrx_word' id='word_1_324' title='bbox 1565 1708 1648 1739; x_wconf 75' lang='lat' dir='ltr'>satis</span> 
     </span>
     <span class='ocr_line' id='line_1_54' title="bbox 947 1757 1648 1797; baseline -0.006 -5"><span class='ocrx_word' id='word_1_325' title='bbox 947 1760 1137 1792; x_wconf 89' lang='lat' dir='ltr'>commode.</span> <span class='ocrx_word' id='word_1_326' title='bbox 1181 1760 1311 1790; x_wconf 88' lang='lat' dir='ltr'>Verum</span> <span class='ocrx_word' id='word_1_327' title='bbox 1329 1757 1436 1797; x_wconf 83' lang='lat' dir='ltr'>magis</span> <span class='ocrx_word' id='word_1_328' title='bbox 1453 1758 1495 1789; x_wconf 81' lang='lat' dir='ltr'>ad</span> <span class='ocrx_word' id='word_1_329' title='bbox 1513 1767 1582 1788; x_wconf 85' lang='lat' dir='ltr'>rem</span> <span class='ocrx_word' id='word_1_330' title='bbox 1599 1758 1648 1788; x_wconf 87' lang='lat' dir='ltr'>vi-</span> 
     </span>
     <span class='ocr_line' id='line_1_55' title="bbox 948 1808 1648 1852; baseline -0.006 -10"><span class='ocrx_word' id='word_1_331' title='bbox 948 1811 1048 1842; x_wconf 86' lang='lat' dir='ltr'>detur</span> <span class='ocrx_word' id='word_1_332' title='bbox 1063 1810 1153 1852; x_wconf 91' lang='lat' dir='ltr'>quod</span> <span class='ocrx_word' id='word_1_333' title='bbox 1171 1810 1257 1841; x_wconf 87' lang='lat' dir='ltr'>toral</span> <span class='ocrx_word' id='word_1_334' title='bbox 1283 1808 1452 1849; x_wconf 83' lang='lat' dir='ltr'>significat</span> <span class='ocrx_word' id='word_1_335' title='bbox 1474 1809 1578 1839; x_wconf 78' lang='lat' dir='ltr'>etiam</span> <span class='ocrx_word' id='word_1_336' title='bbox 1595 1817 1648 1838; x_wconf 89' lang='lat' dir='ltr'>se·</span> 
     </span>
     <span class='ocr_line' id='line_1_56' title="bbox 948 1858 1650 1901; baseline -0.006 -9"><span class='ocrx_word' id='word_1_337' title='bbox 948 1860 1092 1901; x_wconf 81' lang='lat' dir='ltr'>gestria,</span> <span class='ocrx_word' id='word_1_338' title='bbox 1104 1861 1176 1890; x_wconf 80' lang='lat' dir='ltr'>sive</span> <span class='ocrx_word' id='word_1_339' title='bbox 1193 1859 1353 1890; x_wconf 88' lang='lat' dir='ltr'>amictum</span> <span class='ocrx_word' id='word_1_340' title='bbox 1366 1859 1420 1889; x_wconf 90' lang='lat' dir='ltr'>vel</span> <span class='ocrx_word' id='word_1_341' title='bbox 1435 1863 1572 1898; x_wconf 89' lang='lat' dir='ltr'>tegmen</span> <span class='ocrx_word' id='word_1_342' title='bbox 1588 1858 1650 1888; x_wconf 90' lang='lat' dir='ltr'>lin-</span> 
     </span>
     <span class='ocr_line' id='line_1_57' title="bbox 946 1907 1646 1949; baseline -0.006 -9"><span class='ocrx_word' id='word_1_343' title='bbox 946 1914 1054 1949; x_wconf 83' lang='lat' dir='ltr'>teum,</span> <span class='ocrx_word' id='word_1_344' title='bbox 1076 1908 1257 1940; x_wconf 86' lang='lat' dir='ltr'>tricliniari</span> <span class='ocrx_word' id='word_1_345' title='bbox 1273 1909 1364 1939; x_wconf 86' lang='lat' dir='ltr'>lecto</span> <span class='ocrx_word' id='word_1_346' title='bbox 1385 1907 1646 1945; x_wconf 83' lang='lat' dir='ltr'>circumdatum,</span> 
     </span>
     <span class='ocr_line' id='line_1_58' title="bbox 945 1956 1646 2000; baseline -0.004 -11"><span class='ocrx_word' id='word_1_347' title='bbox 945 1958 1042 2000; x_wconf 87' lang='lat' dir='ltr'>quasi</span> <span class='ocrx_word' id='word_1_348' title='bbox 1066 1958 1237 1989; x_wconf 86' lang='lat' dir='ltr'>munimen</span> <span class='ocrx_word' id='word_1_349' title='bbox 1265 1957 1426 1988; x_wconf 87' lang='lat' dir='ltr'>adversus</span> <span class='ocrx_word' id='word_1_350' title='bbox 1442 1956 1646 1987; x_wconf 74' lang='lat' dir='ltr'>coenantium</span> 
     </span>
     <span class='ocr_line' id='line_1_59' title="bbox 947 2006 1648 2050; baseline -0.003 -11"><span class='ocrx_word' id='word_1_351' title='bbox 947 2013 1173 2050; x_wconf 79' lang='lat' dir='ltr'>purgamenta</span> <span class='ocrx_word' id='word_1_352' title='bbox 1197 2014 1234 2039; x_wconf 82' lang='lat' dir='ltr'>et</span> <span class='ocrx_word' id='word_1_353' title='bbox 1246 2008 1376 2049; x_wconf 81' lang='lat' dir='ltr'>jactus.</span> <span class='ocrx_word' id='word_1_354' title='bbox 1393 2012 1496 2048; x_wconf 77' lang='lat' dir='ltr'>atque</span> <span class='ocrx_word' id='word_1_355' title='bbox 1513 2006 1555 2038; x_wconf 88' lang='lat' dir='ltr'>ad</span> <span class='ocrx_word' id='word_1_356' title='bbox 1572 2016 1648 2038; x_wconf 84' lang='lat' dir='ltr'>cus-</span> 
     </span>
     <span class='ocr_line' id='line_1_60' title="bbox 946 2057 1647 2097; baseline -0.006 -7"><span class='ocrx_word' id='word_1_357' title='bbox 946 2058 1144 2091; x_wconf 85' lang='lat' dir='ltr'>todiendam</span> <span class='ocrx_word' id='word_1_358' title='bbox 1160 2068 1180 2089; x_wconf 86' lang='lat' dir='ltr'>a</span> <span class='ocrx_word' id='word_1_359' title='bbox 1194 2057 1352 2089; x_wconf 86' lang='lat' dir='ltr'>sordibus</span> <span class='ocrx_word' id='word_1_360' title='bbox 1367 2057 1551 2097; x_wconf 82' lang='lat' dir='ltr'>stragulam</span> <span class='ocrx_word' id='word_1_361' title='bbox 1570 2065 1647 2096; x_wconf 88' lang='lat' dir='ltr'>pre·</span> 
     </span>
     <span class='ocr_line' id='line_1_61' title="bbox 944 2107 1647 2148; baseline -0.003 -10"><span class='ocrx_word' id='word_1_362' title='bbox 944 2108 1086 2139; x_wconf 80' lang='lat' dir='ltr'>tiosam:</span> <span class='ocrx_word' id='word_1_363' title='bbox 1109 2107 1200 2148; x_wconf 85' lang='lat' dir='ltr'>quod</span> <span class='ocrx_word' id='word_1_364' title='bbox 1217 2107 1355 2148; x_wconf 87' lang='lat' dir='ltr'>quidem</span> <span class='ocrx_word' id='word_1_365' title='bbox 1382 2107 1469 2137; x_wconf 88' lang='lat' dir='ltr'>toral</span> <span class='ocrx_word' id='word_1_366' title='bbox 1491 2115 1550 2136; x_wconf 85' lang='lat' dir='ltr'>seu</span> <span class='ocrx_word' id='word_1_367' title='bbox 1574 2110 1647 2147; x_wconf 87' lang='lat' dir='ltr'>teg·</span> 
     </span>
     <span class='ocr_line' id='line_1_62' title="bbox 943 2154 1646 2198; baseline -0.004 -10"><span class='ocrx_word' id='word_1_368' title='bbox 943 2157 1177 2198; x_wconf 82' lang='lat' dir='ltr'>men,quando</span> <span class='ocrx_word' id='word_1_369' title='bbox 1189 2156 1361 2187; x_wconf 88' lang='lat' dir='ltr'>sordidum</span> <span class='ocrx_word' id='word_1_370' title='bbox 1373 2154 1646 2194; x_wconf 78' lang='lat' dir='ltr'>erat‚lavabatur</span> 
     </span>
     <span class='ocr_line' id='line_1_63' title="bbox 947 2203 1645 2245; baseline -0.003 -9"><span class='ocrx_word' id='word_1_371' title='bbox 947 2210 982 2238; x_wconf 88' lang='lat' dir='ltr'>et</span> <span class='ocrx_word' id='word_1_372' title='bbox 1003 2206 1196 2245; x_wconf 77' lang='lat' dir='ltr'>eluebatur,</span> <span class='ocrx_word' id='word_1_373' title='bbox 1209 2215 1251 2236; x_wconf 89' lang='lat' dir='ltr'>ne</span> <span class='ocrx_word' id='word_1_374' title='bbox 1268 2205 1372 2236; x_wconf 85' lang='lat' dir='ltr'>odore</span> <span class='ocrx_word' id='word_1_375' title='bbox 1387 2203 1480 2236; x_wconf 84' lang='lat' dir='ltr'>foedo</span> <span class='ocrx_word' id='word_1_376' title='bbox 1494 2213 1535 2235; x_wconf 75' lang='lat' dir='ltr'>nc</span> <span class='ocrx_word' id='word_1_377' title='bbox 1552 2204 1645 2244; x_wconf 86' lang='lat' dir='ltr'>turpi</span> 
     </span>
     <span class='ocr_line' id='line_1_64' title="bbox 946 2253 1646 2295; baseline -0.001 -9"><span class='ocrx_word' id='word_1_378' title='bbox 946 2264 1043 2286; x_wconf 78' lang='lat' dir='ltr'>nares</span> <span class='ocrx_word' id='word_1_379' title='bbox 1054 2253 1266 2286; x_wconf 84' lang='lat' dir='ltr'>offenderet:</span> <span class='ocrx_word' id='word_1_380' title='bbox 1281 2259 1319 2286; x_wconf 91' lang='lat' dir='ltr'>ut</span> <span class='ocrx_word' id='word_1_381' title='bbox 1330 2254 1483 2286; x_wconf 87' lang='lat' dir='ltr'>innuitur</span> <span class='ocrx_word' id='word_1_382' title='bbox 1495 2263 1519 2286; x_wconf 87' lang='lat'>1.</span> <span class='ocrx_word' id='word_1_383' title='bbox 1532 2254 1646 2295; x_wconf 85' lang='lat' dir='ltr'>Epist.</span> 
     </span>
     <span class='ocr_line' id='line_1_65' title="bbox 946 2301 1645 2345; baseline -0.001 -10"><span class='ocrx_word' id='word_1_384' title='bbox 946 2307 977 2336; x_wconf 82' lang='lat'>5.</span> <span class='ocrx_word' id='word_1_385' title='bbox 999 2301 1059 2335; x_wconf 81' lang='lat' dir='ltr'>‘ne</span> <span class='ocrx_word' id='word_1_386' title='bbox 1076 2309 1177 2345; x_wconf 89' lang='lat' dir='ltr'>turpe</span> <span class='ocrx_word' id='word_1_387' title='bbox 1195 2305 1295 2344; x_wconf 87' lang='lat' dir='ltr'>toral,</span> <span class='ocrx_word' id='word_1_388' title='bbox 1307 2313 1350 2335; x_wconf 88' lang='lat' dir='ltr'>ne</span> <span class='ocrx_word' id='word_1_389' title='bbox 1366 2304 1505 2336; x_wconf 88' lang='lat' dir='ltr'>sordida</span> <span class='ocrx_word' id='word_1_390' title='bbox 1521 2313 1645 2344; x_wconf 85' lang='lat' dir='ltr'>mappa</span> 
     </span>
     <span class='ocr_line' id='line_1_66' title="bbox 947 2353 1644 2395; baseline -0.001 -11"><span class='ocrx_word' id='word_1_391' title='bbox 947 2353 1117 2395; x_wconf 83' lang='lat' dir='ltr'>Corruget</span> <span class='ocrx_word' id='word_1_392' title='bbox 1141 2354 1263 2387; x_wconf 82' lang='lat' dir='ltr'>nares.&#39;</span> <span class='ocrx_word' id='word_1_393' title='bbox 1310 2354 1464 2386; x_wconf 84' lang='lat' dir='ltr'>Isidorus</span> <span class='ocrx_word' id='word_1_394' title='bbox 1487 2362 1566 2385; x_wconf 82' lang='lat' dir='ltr'>x1x.</span> <span class='ocrx_word' id='word_1_395' title='bbox 1588 2356 1644 2384; x_wconf 82' lang='lat'>26.</span> 
     </span>
     <span class='ocr_line' id='line_1_67' title="bbox 945 2404 1644 2445; baseline -0.001 -10"><span class='ocrx_word' id='word_1_396' title='bbox 945 2404 1010 2436; x_wconf 81' lang='lat' dir='ltr'>hoc</span> <span class='ocrx_word' id='word_1_397' title='bbox 1025 2414 1140 2445; x_wconf 86' lang='lat' dir='ltr'>sensu,</span> <span class='ocrx_word' id='word_1_398' title='bbox 1156 2409 1166 2424; x_wconf 84' lang='lat'>‘</span> <span class='ocrx_word' id='word_1_399' title='bbox 1181 2405 1323 2437; x_wconf 86' lang='lat' dir='ltr'>toralia&#39;</span> <span class='ocrx_word' id='word_1_400' title='bbox 1347 2406 1433 2437; x_wconf 87' lang='lat' dir='ltr'>dicit</span> <span class='ocrx_word' id='word_1_401' title='bbox 1449 2414 1524 2436; x_wconf 87' lang='lat' dir='ltr'>esse</span> <span class='ocrx_word' id='word_1_402' title='bbox 1549 2406 1558 2420; x_wconf 92' lang='lat'>‘</span> <span class='ocrx_word' id='word_1_403' title='bbox 1571 2405 1644 2435; x_wconf 92' lang='lat' dir='ltr'>lon-</span> 
     </span>
     <span class='ocr_line' id='line_1_68' title="bbox 946 2459 1643 2497; baseline -0.006 -10"><span class='ocrx_word' id='word_1_404' title='bbox 946 2464 1006 2496; x_wconf 84' lang='lat' dir='ltr'>gas</span> <span class='ocrx_word' id='word_1_405' title='bbox 1023 2460 1272 2497; x_wconf 78' lang='lat' dir='ltr'>perpetuasque</span> <span class='ocrx_word' id='word_1_406' title='bbox 1291 2464 1433 2494; x_wconf 86' lang='lat' dir='ltr'>mappas</span> <span class='ocrx_word' id='word_1_407' title='bbox 1459 2464 1477 2485; x_wconf 85' lang='lat' dir='ltr'>a</span> <span class='ocrx_word' id='word_1_408' title='bbox 1493 2459 1567 2485; x_wconf 89' lang='lat' dir='ltr'>toro</span> <span class='ocrx_word' id='word_1_409' title='bbox 1584 2462 1643 2492; x_wconf 87' lang='lat' dir='ltr'>ap-</span> 
     </span>
     <span class='ocr_line' id='line_1_69' title="bbox 946 2502 1645 2546; baseline -0.006 -10"><span class='ocrx_word' id='word_1_410' title='bbox 946 2505 1116 2546; x_wconf 63' lang='lat' dir='ltr'>peltatas!</span> <span class='ocrx_word' id='word_1_411' title='bbox 1153 2507 1245 2546; x_wconf 86' lang='lat' dir='ltr'>Ergo</span> <span class='ocrx_word' id='word_1_412' title='bbox 1260 2505 1313 2536; x_wconf 87' lang='lat' dir='ltr'>hic</span> <span class='ocrx_word' id='word_1_413' title='bbox 1327 2504 1502 2542; x_wconf 85' lang='lat' dir='ltr'>Horatius,</span> <span class='ocrx_word' id='word_1_414' title='bbox 1515 2502 1567 2533; x_wconf 89' lang='lat' dir='ltr'>vel</span> <span class='ocrx_word' id='word_1_415' title='bbox 1583 2511 1645 2542; x_wconf 85' lang='lat' dir='ltr'>po-</span> 
     </span>
     <span class='ocr_line' id='line_1_70' title="bbox 946 2551 1642 2594; baseline -0.009 -7"><span class='ocrx_word' id='word_1_416' title='bbox 946 2556 1015 2587; x_wconf 86' lang='lat' dir='ltr'>tius</span> <span class='ocrx_word' id='word_1_417' title='bbox 1028 2556 1158 2594; x_wconf 86' lang='lat' dir='ltr'>Catius,</span> <span class='ocrx_word' id='word_1_418' title='bbox 1170 2556 1307 2585; x_wconf 83' lang='lat' dir='ltr'>damnat</span> <span class='ocrx_word' id='word_1_419' title='bbox 1317 2553 1481 2583; x_wconf 86' lang='lat' dir='ltr'>incuriam</span> <span class='ocrx_word' id='word_1_420' title='bbox 1497 2551 1642 2582; x_wconf 78' lang='lat' dir='ltr'>hominis</span> 
     </span>
     <span class='ocr_line' id='line_1_71' title="bbox 946 2599 1644 2644; baseline -0.007 -9"><span class='ocrx_word' id='word_1_421' title='bbox 946 2604 1069 2636; x_wconf 85' lang='lat' dir='ltr'>toralia</span> <span class='ocrx_word' id='word_1_422' title='bbox 1080 2611 1272 2644; x_wconf 87' lang='lat' dir='ltr'>expurgare</span> <span class='ocrx_word' id='word_1_423' title='bbox 1288 2600 1505 2642; x_wconf 80' lang='lat' dir='ltr'>negligentis,</span> <span class='ocrx_word' id='word_1_424' title='bbox 1521 2599 1581 2631; x_wconf 81' lang='lat' dir='ltr'>sed</span> <span class='ocrx_word' id='word_1_425' title='bbox 1603 2609 1644 2630; x_wconf 89' lang='lat' dir='ltr'>ea</span> 
     </span>
     <span class='ocr_line' id='line_1_72' title="bbox 946 2650 1643 2691; baseline -0.009 -5"><span class='ocrx_word' id='word_1_426' title='bbox 946 2655 1043 2686; x_wconf 80' lang='lat' dir='ltr'>illota</span> <span class='ocrx_word' id='word_1_427' title='bbox 1073 2659 1110 2685; x_wconf 91' lang='lat' dir='ltr'>et</span> <span class='ocrx_word' id='word_1_428' title='bbox 1139 2653 1311 2684; x_wconf 86' lang='lat' dir='ltr'>immunda</span> <span class='ocrx_word' id='word_1_429' title='bbox 1341 2652 1489 2682; x_wconf 81' lang='lat' dir='ltr'>vestibus</span> <span class='ocrx_word' id='word_1_430' title='bbox 1516 2650 1643 2691; x_wconf 85' lang='lat' dir='ltr'>Tyriis,</span> 
     </span>
     <span class='ocr_line' id='line_1_73' title="bbox 946 2702 1641 2745; baseline -0.009 -9"><span class='ocrx_word' id='word_1_431' title='bbox 946 2714 1004 2736; x_wconf 81' lang='lat' dir='ltr'>seu</span> <span class='ocrx_word' id='word_1_432' title='bbox 1031 2704 1190 2745; x_wconf 81' lang='lat' dir='ltr'>pretiosae</span> <span class='ocrx_word' id='word_1_433' title='bbox 1209 2702 1368 2742; x_wconf 76' lang='lat' dir='ltr'>stragulae</span> <span class='ocrx_word' id='word_1_434' title='bbox 1398 2710 1439 2733; x_wconf 83' lang='lat' dir='ltr'>ac</span> <span class='ocrx_word' id='word_1_435' title='bbox 1463 2707 1641 2741; x_wconf 63' lang='lat' dir='ltr'>purpurea</span> 
     </span>
     <span class='ocr_line' id='line_1_74' title="bbox 947 2750 1555 2793; baseline -0.01 -6"><span class='ocrx_word' id='word_1_436' title='bbox 947 2753 1191 2787; x_wconf 75' lang='lat' dir='ltr'>circumdantis</span> <span class='ocrx_word' id='word_1_437' title='bbox 1205 2757 1242 2784; x_wconf 85' lang='lat' dir='ltr'>et</span> <span class='ocrx_word' id='word_1_438' title='bbox 1257 2750 1555 2793; x_wconf 72' lang='lat' dir='ltr'>circumponentis.</span> 
     </span>
    </p>
   </div>
  </div>
 </body>
</html>
