1956 3236
586 286 780 319 sERMON
792 288 859 319 υΜ
897 287 1054 318 1.13-1.
1083 275 1126 318 6.

1495 277 1581 319 859

128 382 345 433 Pellibus,
366 388 411 424 et
430 383 570 423 latum
591 381 766 425 demisit
786 387 965 437 pectore
986 382 1188 433 clavum3

126 449 268 492 Audit
288 450 516 498 continuo,
538 447 654 498 Quis
674 450 808 490 homo
828 449 932 490 hic?
963 452 1021 498 et,
1044 448 1147 499 Quo
1166 451 1293 502 patre
1314 450 1444 497 natus
1458 449 1477 488 'l

128 516 191 558 Ut
211 516 251 558 si
271 516 346 570 qui
368 517 548 568 aegrotet
568 527 655 568 quo
676 517 831 556 morbo
854 516 1035 565 Barrus,
1056 514 1207 556 haberi

1523 514 1581 556 30

129 582 193 625 Ut
213 583 364 637 cupiat
385 582 630 632 formosus3
662 587 735 622 eat
756 594 1054 635 quacumque,
1075 580 1239 635 puellis

125 649 304 704 Injiciat
323 662 472 690 curam
492 648 716 702 quaerendi
737 648 920 700 singula,
944 648 1069 700 quali

127 716 197 758 Sit
217 716 348 767 facie,
368 728 470 756 sura
491 715 631 768 quali,
654 714 780 768 pede,
802 714 946 764 dente,
968 715 1155 768 capillo:

126 783 203 825 Sic
223 783 300 836 qni
319 782 544 836 promittit,
566 784 703 830 cives,
722 781 890 822 Urbem
914 780 1002 821 sibi
1023 793 1161 831 curae,

124 849 364 904 Imperium
384 848 493 898 fore,
512 852 555 889 et
575 848 754 889 Italiam
777 853 823 889 et
842 848 1025 889 delubra
1046 848 1266 899 Deorum;

1523 849 1580 891 35

124 915 227 967 Quo
247 922 374 971 patre
393 917 451 958 sit
470 920 611 966 natus,
629 929 732 957 num
754 916 904 969 ignota
921 919 1057 956 matre
1078 914 1350 965 inhonestus,

121 1052 254 1087 inseruit
270 1057 432 1096 cothurno,
453 1059 484 1088 et
505 1056 663 1087 laticlavia
684 1060 792 1096 pectus
814 1055 947 1097 operuit,
957 1055 1067 1088 statim
1082 1054 1183 1092 audit,
1207 1056 1287 1091 Quis
1301 1058 1348 1086 est
1363 1055 1414 1086 vir
1424 1055 1507 1087 iste?
1527 1064 1579 1086 cu-

116 1096 272 1139 jufilius
283 1097 299 1130 :²
345 1099 608 1134 Quemadmodum
621 1099 650 1129 si
664 1099 818 1139 quispiam
836 1100 939 1129 eodem
953 1108 1010 1138 quo
1026 1099 1151 1130 Barrus
1172 1099 1275 1129 morbo
1298 1098 1426 1137 laboret,
1439 1097 1576 1136 velitque

122 1140 242 1170 censeri
265 1141 392 1181 pulcher
402 1151 415 1178 ‚·
437 1141 573 1181 qualibet
595 1144 722 1181 pergat,
743 1141 929 1171 desiderium
946 1141 1058 1180 puellis
1081 1140 1198 1172 creabit
1221 1140 1403 1171 sciscitandi
1426 1140 1550 1179 singula
1566 1149 1579 1175 ,·

124 1182 210 1222 quali
223 1183 267 1213 eit
281 1184 381 1221 vultu,
395 1183 480 1224 quali
494 1193 582 1218 sura,
596 1184 682 1222 pede,
698 1184 802 1220 (lente,
817 1183 927 1223 capillo
939 1193 949 1213 :
969 1184 1016 1214 ita
1028 1183 1080 1223 qui
1093 1183 1257 1222 pollicetur
1276 1186 1458 1214 curaturum
1472 1191 1505 1213 se
1525 1192 1579 1221 po-

118 1224 238 1264 pulum,
253 1225 424 1266 civitatem,
438 1225 612 1266 imperium,
628 1225 770 1266 Italiam,
786 1228 817 1256 et
831 1226 946 1265 templa
960 1226 1120 1256 numinum
1130 1235 1144 1262 ;
1166 1226 1194 1256 is
1208 1228 1333 1256 cunctos
1343 1225 1481 1256 homines
1491 1223 1577 1263 cogit

729 1330 969 1342 eeeeeeeeeeee

121 1406 164 1435 28
187 1403 332 1438 Quidam
349 1403 450 1435 codd.
475 1408 511 1435 et
536 1403 616 1434 edd.
644 1407 726 1435 vett.
752 1405 881 1435 solenni
906 1405 1118 1439 confusione.
1140 1404 1362 1435 dimisit—29
1383 1404 1478 1435 Unus
1494 1404 1576 1435 Vat-

120 1445 273 1477 Raiuuiii
295 1445 396 1477 Card.
411 1445 571 1478 Jannoct.
593 1445 717 1477 Fae'rn.
738 1447 838 1478 'ron-n.
857 1447 1020 1478 Russard.
1037 1447 1158 1478 Cleric.
1175 1447 1294 1477 Nicot.
1311 1452 1346 1476 et
1363 1445 1430 1476 duo
1447 1446 1505 1477 alii
1520 1455 1574 1486 ap.

120 1488 240 1519 Lami».
268 1488 366 1519 Harl.
381 1491 412 1519 2.
428 1490 458 1519 3.
473 1490 506 1519 6.
531 1492 568 1519 et
591 1488 721 1530 aliquot
746 1488 894 1519 Bentleii
916 1489 967 1519 hic
991 1492 1056 1520 est:
1078 1499 1160 1529 qu⁰;
1183 1493 1218 1520 et
1242 1488 1291 1519 ita
1311 1488 1448 1519 Talbot.
1474 1488 1576 1526 Pine,

117 1529 267 1571 sandby.
306 1531 378 1562 hic?
399 1534 467 1567 aut,
486 1530 555 1566 Quo
570 1530 669 1562 Harl.
684 1533 717 1562 4.
742 1530 851 1562 codex
871 1531 1000 1570 Regius
1016 1537 1053 1562 et
1074 1531 1220 1571 optimus
1244 1531 1367 1570 Regin.
1389 1531 1471 1561 item
1494 1530 1574 1562 edd.

119 1577 244 1604 vetust.
257 1572 385 1604 Sanad.
402 1573 550 1610 Francis,
563 1572 701 1605 Wakef.
718 1577 754 1604 et
769 1573 874 1604 Kidd.
896 1574 946 1605 hic
960 1573 1002 1604 sie
1017 1584 1075 1614 quo
1091 1573 1181 1605 Han.
1205 1573 1275 1604 hic?
1289 1576 1320 1604 et
1338 1573 1408 1608 Quo
1431 1573 1529 1604 Harl.
1542 1576 1575 1604 7.

118 1621 155 1646 et
170 1615 251 1647 edd.
266 1618 499 1647 receutt.—3l
524 1615 570 1646 Et
583 1615 689 1655 cupiat
705 1615 874 1656 Cruquius
890 1621 926 1647 et
939 1617 1136 1647 Torrentius
1153 1625 1195 1646 ex
1210 1617 1290 1650 suis,
1307 1615 1471 1653 probante
1488 1615 1577 1650 Baxf

119 1661 205 1689 tero.
253 1657 296 1689 Ue
310 1658 416 1698 cupiat
433 1658 546 1698 plnres
562 1657 663 1689 codd.
681 1658 848 1695 Lambini,
865 1662 901 1689 et
921 1658 1073 1689 Bentleii
1090 1658 1187 1688 Leid.
1202 1657 1283 1687 item
1302 1657 1416 1687 Zarot.
1430 1657 1574 1688 Mediol.

121 1701 217 1732 1477.
239 1699 391 1731 Florem.
418 1703 511 1732 1482.
534 1700 616 1732 Vet.
632 1700 751 1731 Comb.
769 1700 1069 1732 Locher.Venett.
1092 1702 1184 1731 1477.
1202 1701 1296 1730 1478.
1312 1701 1408 1730 1479.
1436 1700 1480 1729 al.
1506 1704 1575 1730 vet.

119 1744 206 1773 —33
229 1742 345 1774 Bentl.
362 1742 564 1782 distinguit:
586 1751 672 1781 sura,
689 1743 774 1782 quali
791 1743 965 1782 peda—35
989 1742 1000 1759 ‘
1016 1742 1056 1773 In
1074 1751 1192 1773 novem
1206 1741 1377 1772 Torrentii
1394 1740 1574 1772 Codicibus

117 1783 253 1816 deletur
275 1788 306 1816 et
339 1790 419 1817 ante
447 1784 596 1816 Italiam:
618 1789 654 1816 et
676 1784 814 1816 videtur
837 1785 937 1826 plane
963 1794 983 1816 a
1000 1784 1310 1817 Grammaticastro
1334 1783 1573 1825 interpositum

769 1893 916 1925 NOTAE

118 1966 323 2000 differebant
339 1979 359 2000 a
374 1968 528 2009 plebeiis.
573 1968 707 2000 Horum
726 1977 816 1999 cras-

118 2018 247 2057 siorem
274 2019 408 2050 illorum
440 2019 610 2050 tenuiores
640 2028 684 2049 ex
711 2019 816 2054 aluta,

119 2077 179 2100 seu
195 2068 336 2100 molliet
351 2068 466 2099 subtili
478 2068 590 2099 corio:
608 2068 724 2108 quales
741 2076 816 2106 ges-

119 2123 238 2149 tavere
254 2117 384 2158 pridem
395 2126 493 2158 reges
506 2116 727 2148 Albanorum.
739 2117 818 2148 Fes-

118 2172 186 2199 tus.
215 2167 367 2199 Martial.
393 2176 432 2199 η.
459 2170 512 2198 29.
548 2169 558 2184 ⁴
580 2167 729 2198 Coccina
750 2176 817 2198 non

117 2217 234 2250 lesum
261 2218 370 2258 pingit
393 2218 484 2249 aluta
502 2216 648 2258 pedem!
691 2217 816 2250 Isidor.

117 2275 198 2299 xix.
225 2269 278 2299 34.
309 2267 357 2298 ait
384 2266 466 2298 istos
491 2266 654 2298 nobilium
682 2267 817 2298 calceos

115 2316 185 2348 alto
199 2315 306 2349 fnisse
322 2317 404 2355 solo,
431 2316 606 2348 cothurnis
620 2317 759 2357 similes,
774 2317 816 2349 ad

71 2398 75 2400 ,
115 2365 262 2399 medium
273 2375 352 2398 crus
365 2366 572 2407 pervenisse,
586 2371 731 2409 quatuor
744 2378 818 2399 cor-

115 2416 210 2459 rigiis
238 2417 399 2458 religatos
428 2420 464 2448 et
489 2415 602 2448 fibulis
629 2417 739 2448 aureis
764 2418 817 2449 vel

117 2467 308 2509 argentela:
332 2471 479 2499 assutam
502 2467 649 2508 denique
671 2467 818 2508 desuper

115 2517 270 2549 habuisse
299 2517 389 2548 lnnae
423 2517 610 2548 crescentis
647 2516 816 2557 effigiem;

119 2575 180 2599 seu
195 2567 307 2607 potius
331 2566 465 2598 literam
490 2567 531 2609 C,
557 2577 632 2609 quae
656 2574 817 2599 centena·

119 2615 205 2647 rium
230 2615 374 2655 primum
404 2625 578 2648 numerum
610 2616 714 2649 fuisse
753 2619 814 2650 Se·

117 2667 275 2695 natorum
303 2663 455 2696 notabat.
509 2666 597 2697 Vide
635 2667 813 2698 Plutarch.

117 2705 248 2748 Qnaesl.
257 2713 394 2744 centur.
407 2714 503 2746 Rom.
521 2715 612 2748 Item
625 2717 712 2749 Coel.
725 2718 814 2748 Rho-

118 2764 188 2803 dig.
206 2771 269 2794 xx.
285 2765 339 2794 28.
381 2762 537 2796 Juvenal.
563 2766 634 2799 Sat.
652 2776 717 2798 vn.
742 2770 815 2799 192.

119 2812 342 2855 ‘Appositam
371 2813 479 2854 nigrae
514 2814 627 2848 lunam
664 2818 816 2851 subtexit

870 1966 998 1998 alntae.’

912 2019 955 2048 28
982 2016 1100 2049 Latum
1138 2015 1263 2047 demisit
1287 2018 1412 2055 pectore
1440 2014 1574 2054 clavum]

872 2066 926 2098 De
942 2075 983 2098 ea
998 2066 1154 2097 interiori
1179 2071 1273 2096 veste
1296 2070 1332 2096 et
1348 2065 1462 2096 tunica
1479 2065 1572 2096 nobi-

869 2115 957 2147 libus
974 2116 1125 2157 propria,
1144 2115 1216 2146 dixi
1233 2114 1307 2147 fuse
1329 2115 1401 2155 Sat.
1422 2114 1571 2156 praeced.

872 2175 921 2197 vs.
937 2169 989 2198 36.

913 2218 956 2247 29
978 2216 1080 2248 Audit
1092 2217 1248 2252 continuo,
1261 2215 1332 2255 ea]
1356 2215 1499 2247 Scilicet
1514 2216 1571 2246 bo-

871 2266 979 2298 mines
1001 2275 1107 2297 novos
1132 2265 1175 2297 ad
1197 2265 1384 2307 dignitates
1399 2266 1495 2298 evehi
1512 2274 1570 2306 po-

872 2317 972 2357 pulus
984 2315 1192 2356 indignatur.

913 2369 955 2398 30
980 2366 1049 2402 Quo
1074 2366 1176 2397 morbo
1206 2367 1346 2407 Barrus]
1386 2366 1571 2398 Mulierum

872 2427 986 2449 amore
1007 2415 1158 2457 effraeni3
1183 2418 1394 2458 proindeque
1417 2413 1571 2445 formosi-

871 2467 953 2499 tatis
980 2466 1210 2498 affectatione.
1245 2467 1316 2497 Sat.
1341 2474 1393 2495 ιν.
1420 2461 1570 2504 praeced.

872 2521 881 2536 ⁸
892 2517 1021 2548 Barrus
1037 2514 1157 2556 inops!

913 2568 954 2597 34
980 2566 1044 2601 Qui
1055 2563 1225 2605 promittit,
1239 2563 1335 2601 cives,
1356 2562 1483 2602 Urbem,
1497 2561 1568 2603 ξω]

868 2615 1038 2656 Cruquius
1049 2614 1210 2645 observat
1217 2613 1270 2645 bic
1279 2613 1457 2644 formulam
1465 2621 1568 2653 qnan-

868 2666 945 2697 dam
967 2663 1155 2706 juramenti
1171 2664 1243 2703 ejus
1258 2663 1315 2705 qui
1331 2663 1567 2704 magistratum

868 2715 1008 2756 accipit.
1054 2714 1159 2746 Certe
1182 2712 1402 2744 senatoribus
1431 2721 1471 2743 ac
1497 2721 1566 2742 rna-

868 2764 1067 2807 gistratibus
1083 2762 1250 2795 incumbit
1262 2772 1345 2795 cura
1359 2761 1463 2800 urbis,
1484 2761 1567 2794 civi·

869 2827 938 2858 um,
955 2815 1102 2858 imperii,
1118 2814 1300 2856 religionis,
1314 2816 1379 2848 &c-
