1956 3236
472 255 556 296 832
935 271 976 306 Q.
1007 267 1207 298 noRA‘ru
1243 266 1411 296 FnAool

472 357 510 397 E
529 358 686 410 quibus
706 370 813 398 unus
833 362 929 397 avet
950 358 1105 408 quavis
1124 370 1346 409 aspergere
1365 362 1560 405 cunctos,

472 423 635 463 Praeter
651 435 747 464 eum
769 423 840 473 qui
861 422 1020 472 praebet
1039 433 1220 474 aquam:
1251 427 1362 474 post,
1382 423 1493 463 hunc
1515 434 1684 475 quoque
1701 424 1844 475 potus,

472 487 660 528 Condita
679 498 774 526 cum
795 496 929 524 verax
947 487 1088 538 aperit
1107 489 1346 539 praecordia
1367 488 1507 528 Liber.

473 552 563 592 Hic
583 551 659 591 tibi
674 549 832 598 comis,
854 553 896 589 et
916 551 1125 598 urbanus,
1143 552 1334 604 liberque
1355 553 1535 600 videtur,

472 616 636 656 Infesto
656 614 813 665 nigris:
844 626 924 666 ego
942 615 980 654 si
999 616 1089 664 risi,
1109 616 1225 668 quod
1244 617 1409 669 ineptus

471 679 681 720 Pastillos
701 677 889 719 Rufillus
909 679 1010 728 olet,
1032 680 1272 732 Gorgonius
1291 683 1464 730 hircum,

472 743 652 785 Lividus
673 748 719 783 et
736 744 918 784 mordax
938 745 1090 785 videor
1110 746 1218 785 tibi?
1250 745 1411 786 Mentio
1431 748 1575 798 siqua

472 811 540 850 De
563 808 796 861 Capitolini
815 809 940 850 furtis
959 810 1117 862 injecta
1137 810 1284 851 Petilli
1326 800 1330 803 ’

470 876 534 915 Te
554 886 700 915 coram
721 874 871 925 fuerit;
902 875 1119 924 defendas,
1139 880 1185 917 ut
1203 880 1302 917 tuus
1321 880 1388 916 est
1406 888 1501 916 mos
1518 889 1527 915 ε

1822 549 1878 590 90

1823 875 1880 914 95

474 999 608 1031 scindere
633 1010 814 1041 quacumque
840 1003 969 1040 ratione,
991 1006 1113 1042 excepto
1133 1012 1165 1033 eo
1180 1003 1232 1042 qui
1255 1012 1363 1042 aquam
1381 1003 1572 1042 suppeditat:
1595 1004 1683 1041 utque
1695 1001 1774 1031 hunc
1787 1001 1878 1031 etiam

469 1042 561 1079 paulo
573 1045 640 1081 post
655 1042 769 1081 ebrius,
781 1044 898 1082 quando
912 1043 1054 1073 Bacchus
1068 1044 1215 1074 veridicus
1235 1045 1348 1074 revelat
1365 1047 1480 1074 secreta
1495 1043 1616 1073 mentis.
1658 1042 1805 1072 Attamen
1820 1042 1877 1071 iate

473 1083 566 1112 comis
580 1086 608 1113 et
624 1083 740 1122 lepidus
754 1086 783 1114 et
797 1084 930 1114 sincerus
944 1085 1140 1114 existimatur
1155 1084 1213 1114 tibi
1235 1084 1356 1114 inimico
1368 1085 1483 1123 pravis.
1529 1084 1596 1122 Ego
1609 1092 1679 1113 vero
1691 1083 1719 1112 si
1732 1083 1789 1112 riui
1802 1083 1879 1121 quoa

472 1122 606 1154 insulsus
633 1124 762 1165 Rufillus
777 1126 887 1155 redolet
901 1124 1053 1164 pastillos,
1070 1125 1245 1163 Gorgonius
1259 1127 1361 1155 autem
1373 1134 1495 1164 caprum
1503 1134 1515 1160 ;
1538 1134 1557 1154 a
1579 1127 1610 1154 te
1623 1122 1807 1162 predicabor
1818 1131 1881 1151 mu-

472 1163 576 1201 lignus
589 1168 619 1195 et
633 1166 734 1196 dicax.
780 1165 864 1201 Quin
879 1166 969 1196 immo
982 1165 1067 1196 audi.
1109 1165 1146 1196 Si
1159 1165 1271 1196 mentio
1285 1165 1492 1206 quoedamfiat
1509 1166 1545 1195 cle
1552 1164 1652 1202 furtis
1664 1162 1773 1194 Petilii
1790 1162 1883 1210 Cupi-

474 1205 574 1241 tolim',
590 1209 620 1237 te
632 1209 782 1246 proesente
792 1217 805 1244 ,·
824 1207 977 1246 protinus,
990 1210 1024 1238 ut
1045 1207 1132 1246 soles,
1154 1206 1272 1242 tueris,-
1293 1207 1416 1246 aisque:
1438 1206 1494 1237 Me
1515 1205 1706 1245 Capitolinus
1718 1213 1737 1234 u
1748 1204 1881 1244 pueritia

476 1340 541 1372 duo
555 1339 733 1380 Torrentii‚
746 1345 781 1371 et
794 1341 948 1372 Glarean.
962 1341 1049 1381 quod
1065 1341 1195 1380 recepit
1210 1341 1407 1372 Reum—87
1430 1341 1438 1358 ‘
1454 1340 1626 1371 Bentleius
1642 1340 1674 1370 in
1690 1348 1754 1370 uno
1771 1348 1882 1370 exem-

476 1381 558 1421 plari
575 1381 674 1411 scribi
690 1381 775 1412 dicit
789 1385 869 1412 amet
894 1391 955 1420 pro
968 1385 1050 1419 avet,
1071 1382 1159 1420 quod
1185 1382 1228 1411 ob
1250 1391 1319 1411 eam
1345 1391 1413 1411 rem
1437 1382 1491 1411 ille
1516 1380 1758 1420 praefcrendum
1775 1385 1884 1419 putat,

476 1431 541 1452 non
557 1421 640 1461 ego?
663 1422 761 1452 Baxt.
805 1423 814 1439 ‘
829 1421 1022 1452 Praeferunt
1037 1425 1117 1452 amet
1129 1431 1204 1452 cum
1219 1423 1371 1453 Bentleio
1383 1422 1608 1461 Cuningamus
1624 1426 1659 1451 et
1675 1421 1880 1459 Sanadouus,

475 1463 562 1503 quod
578 1462 807 1502 conjunctivus
822 1463 874 1493 hic
886 1462 1036 1493 videatur
1050 1462 1264 1494 commodior.
1293 1463 1410 1498 Quavis
1425 1467 1535 1502 potest
1545 1462 1732 1501 significare
1746 1462 1755 1478 ‘
1769 1462 1883 1501 quavis

475 1503 618 1535 ratione'
640 1508 678 1533 ut
694 1505 703 1521 ‘
716 1503 863 1544 qualibet
876 1503 898 1533 ι’
920 1503 980 1533 nisi
995 1503 1088 1534 malis
1104 1505 1217 1542 legere
1229 1514 1302 1534 cum
1317 1505 1463 1541 Mureto,
1485 1504 1590 1543 quavis
1605 1525 1612 1534 .
1623 1525 1631 1534 .
1645 1525 1653 1533 .
1675 1512 1765 1542 aqua,
1781 1507 1816 1532 ut
1831 1503 1883 1541 qui

472 1544 588 1584 prebet
604 1545 647 1574 sit
660 1544 842 1584 descriptio
852 1545 1087 1575 convivatoris.
1129 1545 1254 1583 Siquid
1267 1545 1459 1575 mutandum
1476 1546 1531 1583 sit,
1548 1554 1611 1583 ego
1622 1548 1734 1583 optem
1747 1544 1780 1573 in
1797 1543 1883 1573 bono

476 1586 560 1616 libro
575 1586 642 1624 legi
654 1595 662 1614 :
685 1594 760 1615 unus
771 1607 779 1616 .
790 1606 799 1614 .
810 1607 818 1616 .
833 1585 948 1624 quivis,
964 1585 997 1615 id
1011 1590 1075 1623 est,
1085 1587 1296 1625 unusquisque.
1326 1586 1388 1620 Qui
1400 1585 1514 1624 praebet
1527 1594 1635 1624 uquam
1649 1584 1756 1624 (Vm.
1769 1583 1884 1614 Sat-2.

475 1625 545 1666 68.)
557 1635 596 1656 eo
610 1634 733 1665 genere
744 1626 988 1656 extenuationis
1001 1625 1066 1656 dici
1083 1626 1228 1663 videtur,
1243 1631 1278 1655 ut
1296 1627 1305 1642 ‘
1316 1626 1356 1655 ad
1373 1626 1587 1657 sorbitionem
1598 1625 1606 1638 ’
1620 1625 1762 1655 invitant
1774 1624 1883 1663 hodie,

476 1667 530 1706 qui
557 1667 662 1697 lau'tas
689 1667 804 1706 epulas
830 1666 1040 1697 instruxere:
1063 1667 1242 1698 Geram—88
1267 1668 1404 1697 Venett.
1422 1676 1474 1706 ap.
1491 1666 1595 1697 Zeun.
1618 1666 1719 1697 etiam
1733 1675 1820 1705 aqua.
1839 1665 1883 1695 ef.

477 1708 603 1738 Muret-
629 1707 671 1738 ad
698 1708 834 1739 Terent.
859 1709 944 1739 Eun.
961 1716 993 1738 v.
1017 1710 1049 1738 8.
1071 1711 1208 1738 57--89
1229 1709 1239 1725 ‘
1258 1708 1358 1739 Liber
1373 1717 1455 1738 nnus
1478 1717 1496 1738 e
1519 1708 1640 1738 nostris
1657 1707 1807 1746 Candida,
1823 1715 1884 1746 pro

478 1749 622 1785 Condita,
638 1749 725 1789 quod
752 1749 830 1779 nihil
853 1748 985 1779 moror!
1030 1749 1173 1780 Turrem.
1206 1750 1305 1788 aperit
1322 1749 1490 1788 praecordia
1516 1749 1655 1780 Bacchus
1678 1748 1884 1779 Sanam—92

474 1790 623 1820 Bentleii
641 1790 757 1830 Regin.
772 1795 806 1820 et
818 1790 966 1828 Magdal.
985 1790 1172 1828 Gargonius.
1215 1791 1302 1821 Vide
1318 1791 1358 1820 ad
1375 1799 1398 1820 ι.
1413 1791 1483 1821 Sat.
1497 1793 1528 1821 2.
1552 1792 1686 1820 27.—-93
1710 1789 1836 1820 Invidus
1853 1791 1882 1818 et

473 1832 605 1861 mordax
620 1831 716 1862 Harl.
728 1834 845 1862 6.--94
861 1831 1046 1870 Capitolinis
1061 1831 1241 1862 Gom—9⁵
1261 1832 1304 1862 Te
1317 1831 1509 1868 coramsuris
1523 1831 1636 1862 Zarot.
1651 1829 1787 1867 defensus
1801 1829 1883 1860 Exc.

1109 1923 1250 1955 NOTAE

472 1987 636 2029 jacebant
658 1986 769 2017 tertii:
792 1986 905 2026 sicque
927 1986 1045 2016 tertius
1069 1986 1155 2026 pari·
1207 1985 1311 2016 cendo
1349 1985 1630 2026 temperandoque
1670 1985 1755 2014 vino.
1800 1982 1885 2014 Vide

475 2043 531 2067 ter
547 2041 581 2067 et
596 2039 744 2075 quartus.
764 2035 850 2066 Quoe
870 2034 978 2064 omnia
993 2043 1051 2064 suo
1066 2043 1155 2064 more
1207 2042 1265 2064 nr-
1282 2033 1349 2064 Od.
1365 2037 1416 2064 19.

476 2085 566 2117 Jnn.
585 2083 715 2123 Lipsius
731 2084 917 2114 luculenter
929 2082 1075 2123 explicat
1089 2081 1156 2112 An-

478 2134 536 2174 tiq.
552 2134 644 2164 Lect.
659 2132 715 2163 lib.
732 2141 785 2164 ιιι.

520 2185 560 2213 87
583 2182 614 2212 Ε
628 2181 735 2221 quibus
754 2190 831 2211 unus
853 2180 1011 2220 avet,85c.]
1032 2180 1060 2210 E
1082 2188 1158 2210 con-

480 2231 562 2262 vivis
584 2230 648 2260 illis
663 2229 836 2260 duodecim
852 2238 934 2260 unus
950 2229 1031 2260 alios
1047 2237 1159 2258 omnes

477 2279 630 2310 dicteriis
651 2279 789 2316 lacerat,
816 2287 878 2308 nec
908 2278 1018 2318 parcit
1043 2277 1159 2317 epulas

481 2326 667 2366 praebenti:
691 2331 726 2357 et
750 2330 861 2356 tamen
887 2326 914 2356 is
936 2326 1080 2356 urbanus
1101 2334 1159 2355 ex-

482 2375 659 2413 istimatur,
698 2383 906 2414 nequaquam
947 2383 1024 2404 vero
1064 2382 1160 2413 syco-

483 2425 608 2465 phanta
623 2423 676 2454 vel
697 2423 846 2454 mordax.
889 2422 958 2454 Cur
980 2422 1081 2462 igitur
1096 2430 1159 2460 ego

482 2472 656 2507 Horatius,
670 2473 734 2502 διο.

524 2523 565 2552 88
589 2520 652 2555 Qui
670 2520 784 2560 prabet
805 2519 928 2559 aquam]
951 2519 1007 2550 Ita
1020 2517 1162 2550 convivii

482 2570 644 2610 magister
669 2569 755 2600 solet
780 2569 961 2609 designari,
974 2568 1061 2609 qnod
1079 2577 1161 2607 prae-

483 2618 564 2649 beat
578 2618 730 2649 balneum
747 2617 899 2655 lavando,
913 2622 949 2648 ut
961 2617 1012 2657 fit,
1027 2616 1159 2656 corpori

480 2671 561 2696 ante
575 2676 714 2702 coenam,
730 2675 846 2706 aquam
863 2666 1034 2697 abluendis
1055 2664 1158 2696 mani-

485 2713 558 2754 bus,
568 2714 647 2745 item
656 2715 799 2746 calidam
815 2718 916 2755 atque
929 2713 1079 2755 frigidam
1087 2712 1160 2744 mis·

1250 2084 1291 2112 92
1314 2082 1459 2113 Pastillos
1484 2082 1615 2123 Rufillus
1628 2082 1700 2119 olet,
1714 2079 1782 2120 aya]
1804 2081 1886 2111 ver-

1210 2139 1280 2160 sum
1297 2131 1382 2161 hunc
1397 2131 1610 2171 explanatum
1632 2129 1706 2160 vide
1726 2137 1838 2168 supra,
1852 2128 1886 2158 in

1210 2179 1281 2210 Sat.
1294 2187 1335 2209 ιι.

1250 2229 1290 2257 94
1314 2227 1363 2256 De
1381 2226 1547 2264 Capitolini
1553 2224 1654 2263 furtin
1669 2222 1790 2262 Petim]
1818 2223 1885 2253 No-

1210 2283 1285 2305 men
1301 2273 1389 2304 istud
1415 2273 1541 2313 pariter
1564 2278 1600 2303 et
1622 2280 1804 2311 cognomen
1822 2272 1886 2302 Ro-

1209 2332 1271 2355 mae
1297 2321 1420 2353 nobilia
1442 2320 1547 2352 >fuisse
1573 2321 1740 2351 novimus:
1763 2324 1799 2350 at
1821 2329 1885 2350 non

1208 2372 1256 2403 ita
1272 2370 1480 2411 perspicuum
1496 2369 1569 2410 quis
1584 2369 1653 2404 ille.
1665 2378 1782 2409 quaeve
1797 2368 1886 2399 furta

1209 2421 1296 2460 ejus;
1333 2428 1374 2448 an
1405 2418 1589 2457 peculator,
1618 2426 1660 2447 an
1687 2417 1887 2455 sacrilegus?

1210 2469 1326 2507 Aiunt,
1340 2477 1382 2498 ex
1394 2466 1498 2498 veteri
1509 2466 1713 2505 Interprete,
1727 2465 1887 2495 Petilium

1210 2517 1307 2554 hunc,
1322 2515 1399 2546 dum
1412 2514 1580 2554 Capitolio
1593 2513 1772 2554 praefectus
1785 2519 1888 2552 esset,

1208 2565 1302 2606 Jovis
1315 2563 1493 2603 Capitolini
1508 2571 1641 2594 auream
1653 2570 1807 2593 coronam
1820 2559 1887 2593 suf-

1210 2612 1375 2650 furatum
1399 2610 1479 2642 furti
1499 2610 1631 2652 quidem
1651 2619 1742 2642 reum
1757 2619 1887 2642 causam

1195 2661 1354 2699 ‘'dixisse;
1385 2671 1403 2691 a
1421 2659 1597 2692 Judicibus
1622 2663 1733 2691 autem
1759 2659 1886 2690 absolu-

1211 2715 1279 2744 tum
1289 2704 1411 2751 ‘utpote
1427 2709 1572 2750 Augusti
1585 2707 1790 2740 familiarem.
