1890 3256
615 307 968 340 emm-omnum
1005 308 1098 339 121⁸.
1131 309 1163 340 ι.
1194 299 1263 340 11.

1548 299 1661 342 1139

211 404 300 446 Per
318 405 516 445 brumam
535 402 727 453 Tiberis,
748 402 907 445 Sextili
924 414 1075 444 mense
1094 402 1312 444 caminus,

212 471 330 513 Dum
351 471 474 520 licet,
495 483 548 511 ac
567 470 735 511 vultum
755 473 900 511 servat
914 470 1087 511 fortuna
1104 470 1350 523 benignum,

1604 470 1661 511 20

212 537 372 579 Romae
391 536 589 578 laudetur
608 536 780 586 SamoS,
799 540 845 578 et
864 536 1015 587 Chios,
1035 541 1079 579 et
1101 536 1286 578 Rhodos
1306 537 1478 578 absens.

211 603 297 654 Tu,
316 615 638 658 quamcumque
661 603 785 644 Deus
808 603 890 645 tibi
908 603 1196 646 fortunaverit
1216 603 1384 653 horam,

213 670 353 713 Grata
373 682 498 711 sume
520 682 678 722 manu;
709 683 792 712 neu
813 670 962 711 dulcia
982 669 1105 711 differ
1123 671 1168 711 in
1189 683 1374 722 annum3

213 737 293 788 Ut,
313 749 596 791 quocumque
615 736 717 778 loco
738 737 892 788 fueris,
912 737 1082 780 vixisse
1097 736 1282 779 libenter

213 804 279 846 Te
300 804 448 845 dicas:
479 816 580 844 nam
603 804 640 844 si
661 804 776 845 ratio
795 808 839 845 et
857 802 1091 858 prudentia
1111 815 1255 854 curas,

1609 805 1667 846 25

213 871 317 913 Non
332 870 461 912 locus
479 869 609 911 effusi
629 870 718 911 late
739 871 871 911 maris
894 870 1069 921 arbiter,
1089 871 1258 922 aufert3

211 994 277 1022 tato
291 990 402 1031 nivali,
419 991 550 1032 Tyberis
564 991 682 1033 hyeme,
698 990 791 1030 focus
805 1000 907 1022 meme
921 992 1077 1030 Augusto.

1124 991 1210 1022 Dum
1233 993 1330 1031 potes,
1356 994 1388 1022 et
1409 1000 1477 1021 sors
1498 991 1666 1031 propitiam

211 1033 335 1066 exhibet
349 1034 481 1072 faciem,
497 1035 603 1064 Romae
618 1034 712 1065 lauda
727 1034 866 1072 Samum,
880 1036 912 1063 et
929 1033 1056 1071 Chium,
1071 1035 1102 1063 et
1122 1033 1264 1063 Rhodum
1278 1033 1385 1072 procul
1395 1033 1523 1073 positas.
1563 1034 1667 1069 Quod-

210 1075 285 1106 libet
309 1085 380 1106 vero
404 1079 524 1115 tempus
538 1075 625 1114 felix
651 1075 712 1106 ciba·
738 1076 827 1107 Deus
848 1075 1046 1114 concesserit,
1064 1078 1161 1114 grata
1176 1084 1270 1106 manu
1288 1075 1413 1114 act-ipa
1433 1085 1489 1106 nec
1503 1075 1537 1106 in
1550 1085 1667 1106 annum

212 1115 309 1157 differ
333 1116 502 1154 1aetitiam;
523 1121 558 1148 ut
584 1118 691 1158 quavis
716 1117 750 1148 iu
774 1117 902 1156 regione
928 1118 1037 1158 degas,
1063 1119 1094 1147 te
1118 1120 1227 1157 sponte
1250 1116 1295 1147 ibz·
1315 1117 1497 1148 commorari
1518 1118 1667 1149 declares.

211 1159 381 1191 Enimvero
395 1160 423 1191 si
438 1141 521 1191 rat'io
537 1163 567 1191 et
581 1159 748 1201 snpientia,
759 1169 820 1190 non
836 1163 939 1191 autem
952 1161 1034 1190 situs
1044 1169 1152 1191 arcens
1166 1169 1251 1190 mare
1267 1160 1439 1201 exundans,
1447 1160 1550 1199 abigit
1563 1161 1667 1191 solici-

825 1253 1063 1268 OOWNNJO

211 1318 396 1351 immanibus
410 1318 511 1351 auaris.
535 1318 615 1350 Vat.
634 1322 664 1350 l.
689 1319 771 1351 Vat.
787 1320 884 1351 Rom.
897 1322 930 1350 8.
946 1323 982 1350 et
997 1319 1082 1350 Exc.
1096 1319 1178 1351 Sax.
1201 1319 1356 1351 nivalibus
1370 1319 1586 1351 auserim—19
1612 1320 1666 1351 Τι’-

212 1362 298 1393 buria
309 1360 540 1393 Schoeuborn.
556 1364 673 1393 3.-20
689 1362 777 1393 Dum
793 1363 866 1393 licet
881 1365 911 1394 et
926 1363 1046 1393 vultum
1061 1361 1291 1394 Schoenborn.
1306 1364 1339 1393 4.
1363 1362 1461 1394 Harl.
1480 1365 1511 1394 1.
1525 1365 1558 1393 6.
1574 1365 1606 1394 7.
1623 1364 1667 1393 al.

211 1409 250 1436 et
277 1403 356 1436 edd.
382 1408 463 1436 ante
491 1404 609 1436 Bentl.
630 1414 667 1435 ac
691 1405 811 1436 vultum
843 1404 940 1436 Harl.
961 1406 993 1436 2.
1009 1406 1088 1435 3.4.
1114 1404 1250 1445 plurimi
1274 1404 1374 1437 codd.
1399 1414 1454 1444 ap.
1471 1405 1586 1443 Feam,
1607 1405 1666 1436 alii

213 1455 269 1487 ap.
297 1446 409 1478 Pulm.
437 1450 590 1477 notatum
621 1455 665 1477 ex
691 1447 766 1478 cod.
799 1448 834 1477 in
865 1456 925 1478 ora
951 1445 1007 1477 ed.
1038 1445 1119 1478 Ald.
1150 1449 1245 1477 1509.
1276 1447 1311 1478 in
1337 1446 1501 1478 Biblioth.
1534 1446 1664 1478 Barbe-

211 1489 274 1520 riu.
302 1492 339 1520 et
361 1489 411 1520 sie
435 1487 514 1519 edd.
540 1488 678 1529 Tulbot,
703 1489 820 1520 Bentl.
848 1488 994 1528 Cuning.
1017 1487 1143 1520 Sanad.
1167 1488 1322 1527 Francis,
1351 1487 1502 1529 Sandby‚
1528 1489 1663 1520 Valart.

213 1531 318 1563 Genu.
332 1533 364 1563 8.
386 1531 495 1563 Zeun.
512 1531 679 1571 Dunster,
692 1530 799 1562 Kidd.
816 1531 898 1567 Fen,
913 1531 1038 1569 Bothe,
1052 1534 1090 1561 et
1104 1530 1224 1562 Jaeck.
1226 1533 1309 1562 -21
1333 1531 1562 1563 Schoenborn.
1577 1534 1609 1563 4.
1628 1535 1664 1562 et

212 1573 281 1604 duo
297 1573 353 1605 alii
370 1572 531 1614 coddfflp
535 1573 673 1605 .Pnim.
696 1574 851 1605 laudatur.
854 1574 970 1604 -22ι
986 1572 1088 1614 Deae,
1103 1582 1157 1604 seu
1169 1574 1242 1612 fors
1254 1573 1416 1604 donaverit
1432 1573 1568 1613 Cuning
1546 1582 1579 1613 g.
1604 1583 1662 1604 au-

212 1615 347 1654 dacter,
362 1620 398 1650 et
412 1583 571 1647 indocte.¹
597 1616 672 1647 Fen.
675 1618 758 1646 -23
783 1616 886 1647 Multi
903 1614 1003 1646 codd.
1017 1620 1054 1646 et
1075 1596 1153 1648 edd.
1171 1620 1252 1647 aute
1269 1616 1382 1647 Benu.
1398 1615 1478 1646 item
1499 1615 1664 1655 Dunster,

213 1657 356 1698 Bipont.
372 1661 407 1695 et
423 1659 574 1697 Doering.
598 1668 653 1689 nec
666 1659 781 1689 dulcia.
826 1658 924 1688 vatt-
940 1657 1038 1688 Rom.
1054 1659 1084 1687 4.
1099 1659 1131 1688 7.
1147 1659 1178 1688 8.
1193 1661 1225 1689 9.
1247 1657 1440 1688 chisian.1.
1464 1657 1542 1697 Aug
1545 1658 1619 1688 elic.
1634 1661 1663 1688 l.

212 1702 244 1730 2.
269 1699 448 1730 Barberiu.
465 1703 497 1732 2.
519 1700 617 1731 Harl.
635 1703 666 1731 1.
682 1702 713 1730 2.
729 1702 758 1731 3.
775 1702 807 1731 7.
831 1699 931 1731 Gott.
955 1699 1012 1730 alii
1034 1699 1136 1730 codd.
1157 1708 1200 1739 ap
1203 1699 1354 1730 ,Lamb
1369 1700 1480 1730 Pulm.
1497 1667 1542 1730 etg
1548 1700 1663 1731 Bentl.

214 1741 272 1782 qui
297 1742 447 1773 restituit
470 1742 503 1772 in
531 1747 642 1777 textu,
658 1751 803 1782 eumque
831 1741 941 1773 secuti
965 1745 1043 1772 sunt
1066 1750 1250 1782 anonymus
1269 1741 1360 1781 Traj.
1382 1741 1424 1771 ad
1443 1741 1550 1773 Rhen.
1570 1745 1663 1773 1713.

213 1783 465 1822 Baxt.Cuning.
478 1784 602 1815 Sanad.
617 1784 770 1822 Francis,
782 1783 926 1815 Wetzel.
938 1783 1072 1815 Wakef.
1086 1782 1191 1814 Kidd.
1207 1784 1286 1821 Fea,
1297 1783 1420 1822 Bothe,
1432 1783 1538 1815 Gesn.
1553 1784 1661 1815 Zeun.

215 1825 335 1857 Comb.
350 1830 386 1858 et
401 1825 524 1868 Jaeck,
536 1835 596 1858 neu
610 1827 723 1859 dulcia.
735 1826 916 1858 Barberin.
932 1828 961 1857 l.
977 1836 996 1857 a
1010 1835 1053 1857 m.
1069 1835 1137 1857 sec.
1149 1835 1188 1857 ne
1202 1826 1403 1857 αἰσίῳ-24
1418 1825 1465 1856 Tu
1479 1836 1664 1867 quocumque

863 1932 1005 1966 NOTAE

216 2004 284 2037 qua
311 1993 423 2026 induti
445 1994 590 2035 juvene·
614 2005 694 2028 sese
723 1995 759 2027 in
787 2003 913 2036 campo

216 2045 344 2077 Martio
356 2044 582 2076 exemebant.

261 2098 302 2127 19
326 2095 539 2127 Pei-brumam
556 2094 694 2136 Tiberis]
719 2095 823 2127 Quasi
835 2103 915 2126 vero

216 2146 394 2188 quisquam
409 2146 530 2186 hyeme
551 2145 669 2185 cupiat
687 2143 811 2176 flumen
835 2145 915 2176 sub·

217 2197 282 2235 ire,
296 2205 400 2237 seque
415 2196 449 2226 in
466 2205 506 2227 eo
522 2196 650 2234 lavare,
667 2199 726 2226 aut
741 2198 872 2226 natare.

261 2246 381 2278 Sextili
394 2244 511 2285 mense]
528 2245 682 2276 Ardente
698 2245 783 2276 coelo
801 2249 836 2276 et
848 2244 916 2276 Ca-

217 2295 343 2327 nicula.
372 2294 459 2325 Vide
476 2304 579 2336 supra
596 2295 704 2335 Epist.
719 2297 751 2325 7.

264 2344 430 2386 caminus]
446 2344 523 2375 Vox
540 2343 666 2376 Graeca
677 2350 728 2375 est
743 2344 916 2376 fornacem

217 2393 410 2435 significans
426 2405 433 2425 :
450 2393 578 2425 ἀπὸτοῦ
588 2393 756 2434 καύματος,
771 2405 790 2426 ιι
803 2396 915 2426 calore.

218 2444 344 2476 Isidor.

261 2495 302 2524 21
319 2493 428 2524 Rom
441 2494 582 2526 lam
598 2494 719 2533 Samos,
734 2494 804 2534 dmm]
830 2493 916 2526 Haee

222 2543 411 2574 Bullatium
429 2544 545 2575 Roma
567 2544 627 2575 sim
642 2545 755 2580 modo,
773 2545 916 2576 laudabo

221 2597 342 2633 sponte
358 2593 506 2630 Samum,
529 2594 695 2634 Rhodum,
709 2597 774 2626 ὅτε.
811 2594 858 2626 At
873 2593 915 2626 ad

223 2652 280 2674 eas
295 2642 397 2674 urbes
414 2646 450 2673 et
465 2642 589 2674 insulas
604 2645 761 2685 navigare
778 2655 819 2676 ne
836 2644 916 2676 mihi

222 2691 399 2731 contingat
410 2690 445 2722 in
463 2696 646 2732 posterum.
689 2695 753 2726 Vel
768 2695 842 2726 haec
860 2704 917 2735 pa-

222 2741 307 2772 riter
329 2745 364 2772 et
386 2750 460 2782 quae
488 2746 677 2783 sequuntur
699 2744 852 2784 intellige
875 2744 918 2775 ab

223 2790 370 2823 Horatio
385 2790 490 2831 dieta,
507 2793 787 2834 quemadmodum
809 2795 918 2836 expli-

225 2840 299 2873 cavi
313 2841 414 2882 paulo
429 2846 519 2873 ante.

1009 1996 1052 2026 22
1077 1995 1135 2030 Tu,
1151 2003 1370 2034 quamcumque
1388 1994 1489 2033 Deus,
1502 1993 1573 2035 qm]
1597 1994 1662 2026 Re-

968 2044 1066 2084 pouit
1095 2043 1283 2075 Horatius:
1323 2043 1432 2074 Immo
1455 2053 1666 2086 quacumque

967 2093 1052 2124 hora
1080 2096 1117 2124 et
1141 2102 1355 2134 quocunque
1385 2093 1461 2124 loco
1494 2094 1594 2125 Iaetus
1626 2105 1666 2126 ac

966 2143 1090 2176 *beatus
1104 2153 1179 2175 esse
1196 2148 1308 2184 potes,
1320 2144 1348 2175 si
1367 2145 1453 2175 ratio
1469 2149 1504 2176 et
1519 2146 1664 2186 pruden-

971 2194 1019 2226 tia
1035 2194 1139 2226 duces
1156 2194 1217 2226 tibi
1231 2193 1309 2226 sint.
1346 2195 1423 2233 Vel,
1437 2195 1571 2226 interim
1586 2195 1664 2228 dum

967 2244 1010 2276 ad
1034 2254 1096 2276 nos
1121 2244 1239 2275 redeas
1261 2243 1352 2275 horis
1370 2243 1524 2276 felicibus
1540 2245 1665 2285 fruere,

965 2295 1092 2336 ubique
1117 2294 1217 2326 laetus
1239 2299 1337 2326 esto:
1363 2299 1400 2326 et
1427 2304 1524 2336 aequo
1550 2296 1663 2328 animo

965 2345 1095 2387 quaevis
1111 2341 1242 2386 acci'pe.

1007 2395 1049 2426 23
1064 2395 1137 2426 Neu
1147 2394 1250 2426 dulcia
1261 2394 1373 2436 differ]
1386 2395 1512 2426 Noster
1522 2403 1578 2426 ιιι.
1592 2394 1663 2425 od.

966 2448 998 2477 8.
1009 2445 1020 2463 ‘
1030 2446 1128 2477 Dona
1143 2445 1322 2486 praesentis
1338 2453 1422 2484 cape
1437 2445 1537 2475 laetus
1548 2443 1666 2475 liorae.'

1010 2499 1053 2528 26
1081 2496 1182 2527 Lem
1210 2494 1304 2536 effusi
1328 2496 1390 2526 late
1418 2494 1514 2525 maris
1536 2492 1668 2534 arbiter]

970 2546 1063 2579 Urbs
1077 2547 1205 2588 qnaevis
1222 2546 1264 2577 ad
1280 2555 1373 2576 mare
1393 2545 1619 2586 pulcherrima
1634 2548 1670 2576 et

971 2596 1221 2638 potentissima,
1240 2599 1340 2635 portu
1363 2594 1552 2634 commoda,
1577 2594 1671 2625 navi-

972 2646 1107 2687 gatione
1121 2645 1282 2684 celebris,
1298 2645 1436 2686 egregie
1459 2644 1590 2675 munita
1612 2653 1670 2684 ag-

972 2696 1123 2738 geribus,
1144 2695 1267 2737 quibus
1299 2695 1395 2725 velut
1421 2694 1463 2726 ad
1492 2693 1667 2725 arbitrium

970 2744 1095 2777 fluctus
1125 2745 1226 2777 maris
1255 2745 1446 2777 assilientes
1474 2743 1599 2786 frangit
1628 2752 1667 2775 ae

972 2796 1102 2828 domat.
