1890 3256
400 259 512 302 1072

402 365 451 406 Si
470 368 583 406 recte
602 364 752 405 facies.

811 364 902 404 Hic
922 376 1070 404 murus
1087 362 1246 404 aeneus
1265 367 1378 413 esto,

394 430 482 473 vNil
499 431 688 470 conscire
708 429 808 478 sibi,
827 430 948 469 nulla
967 429 1202 482 pallescere
1222 429 1370 482 culpa.

864 274 907 311 Q.
939 272 1147 302 HORA'ru
1181 270 1353 301 FhAccl

403 495 583 544 Roscia,
602 495 673 535 dic
694 495 838 544 sodeS‚
859 494 1006 535 melior
1018 496 1108 544 lex,
1129 508 1183 536 an
1201 508 1432 550 puerorum
1451 500 1521 536 est

403 560 580 610 Naenia,
598 573 697 613 quae
717 572 891 612 regnum
911 566 1025 601 recte
1045 561 1309 602 facientibus
1330 561 1475 611 offert,

403 624 461 665 Et
478 626 670 666 maribus
692 625 832 666 Curiis
852 629 894 666 et
913 626 1144 667 decantata
1164 627 1393 668 Camillis?

403 691 504 733 Isne
520 691 599 732 tibi
618 691 772 731 melius
793 691 962 740 suadet,
982 693 1071 745 qui,
1088 705 1176 732 rem
1195 693 1362 744 sacias;
1398 705 1485 733 rem
1530 742 1533 744 ,

403 756 452 796 Si
471 758 615 809 possis
634 761 770 809 recte3
806 758 845 798 si
864 771 965 807 non,
985 771 1257 812 quocumque
1281 758 1409 799 modo
1427 769 1541 808 rem;

404 822 468 863 Ut
485 823 664 875 propius
687 829 857 876 spectes
876 824 1122 876 lacrymosa
1143 824 1349 877 polimata
1370 823 1511 876 Pupi3

405 949 477 980 Rex
501 951 574 986 eris,
597 951 625 981 si
649 954 731 982 recte
752 954 848 989 agas?
891 951 944 982 Ita
960 960 1043 981 sane.
1087 950 1154 982 Hic
1168 950 1226 981 tibi
1245 959 1348 981 murus
1360 950 1403 981 sit
1419 959 1550 985 τερα.-
1572 949 1684 980 nullius
1706 948 1822 988 peccati

401 991 552 1021 conscium
573 1001 647 1027 esse,
672 993 786 1022 nullius
797 991 922 1031 flagitii
943 992 1087 1031 probrum
1109 993 1227 1023 timere.
1270 991 1352 1030 Age,
1374 993 1528 1030 responde,
1556 991 1607 1021 An
1634 990 1746 1021 Roscia
1770 991 1821 1019 tex

401 1032 622 1069 praestantior,·
643 1043 684 1063 on
703 1042 862 1072 puerorum
881 1034 1023 1072 edictum,
1045 1043 1102 1072 quo
1118 1033 1190 1064 bene
1210 1033 1371 1069 agentibus
1384 1041 1513 1070 regnum
1525 1031 1674 1068 defertur,
1685 1030 1822 1069 sortibus

406 1073 512 1103 Curiis
526 1079 553 1103 ee
574 1074 713 1104 Camillis
726 1074 908 1104 celebratum
918 1077 931 1104 ?
969 1074 1021 1105 An
1035 1074 1086 1104 ille
1099 1073 1157 1104 tibi
1169 1074 1294 1103 meliora
1309 1074 1461 1112 suggerit,
1474 1073 1526 1112 qui
1540 1074 1693 1110 admonet,
1706 1074 1740 1102 ιιι
1755 1080 1823 1110 opes

403 1114 544 1153 acquiras
556 1114 643 1152 juste
663 1116 795 1155 quidem,
807 1115 836 1146 si
848 1115 925 1155 fieri
937 1118 1057 1155 postest,-
1072 1115 1122 1146 sin
1135 1118 1248 1153 autem,
1261 1124 1441 1154 quacumque
1455 1114 1572 1144 ratione
1585 1121 1655 1154 opes
1667 1121 1824 1150 congeras.

403 1157 438 1185 ue
460 1156 586 1196 propius
609 1160 727 1196 spectes
739 1157 863 1198 flebilia
876 1157 1011 1187 carmina
1029 1156 1122 1196 Pupii
1133 1166 1146 1194 ,·
1167 1165 1208 1186 tm
1221 1157 1274 1196 qui
1291 1165 1427 1196 proesens
1440 1156 1548 1187 suadet
1560 1164 1596 1186 nc
1609 1154 1771 1194 desiderat,
1787 1156 1823 1183 ut

995 1248 1228 1260 eeeeeeeeeeee

409 1312 453 1343 Ut
474 1313 560 1351 pueri
575 1313 672 1344 codd.
689 1312 937 1344 Lambini.—-62
956 1312 1050 1343 Rosia
1066 1311 1132 1342 dno
1146 1311 1242 1342 vait.
1262 1321 1421 1352 puerorum
1433 1313 1480 1342 est
1495 1310 1627 1350 plurimi
1642 1309 1823 1351 ap2Feam,

404 1353 461 1383 alii
477 1363 530 1394 ap.
547 1355 660 1385 Lamb.
678 1355 787 1386 Pulm.
805 1355 906 1394 Crnq.
925 1354 1052 1393 recepit
1069 1353 1183 1384 Lamb.
1203 1352 1280 1384 inde
1301 1353 1399 1383 Baxt.
1416 1353 1527 1383 Bentl.
1542 1352 1682 1388 Cuning.
1697 1351 1823 1383 Sanad.

405 1395 510 1425 Gesn.
527 1396 631 1426 Zeun.
647 1396 798 1427 Oberlin.
822 1396 961 1435 Bipont.
983 1394 1119 1426 Wakef.
1136 1395 1271 1425 Wetzel.
1287 1394 1392 1425 Kidd.
1407 1395 1486 1433 Fea,
1504 1393 1627 1433 Bothe,
1648 1393 1769 1430 Jaeck,
1789 1398 1824 1423 et

403 1436 558 1475 Doering.
592 1446 764 1478 puerorum,
787 1437 858 1467 sine
872 1439 930 1475 est,
950 1435 1178 1466 Schoenborn.
1200 1435 1296 1466 Harl.
1310 1438 1340 1467 4.
1355 1438 1385 1466 6.
1409 1444 1494 1466 unus
1510 1435 1610 1475 Cruq.
1629 1435 1672 1465 al.
1695 1439 1731 1465 et
1745 1434 1823 1464 edd.

405 1478 595 1517 πύῳ-63
618 1479 695 1508 Vat.
723 1479 816 1508 Rom.
842 1481 873 1508 7.
897 1481 978 1508 recte
999 1486 1146 1516 regnum:
1169 1476 1216 1507 ita
1239 1485 1370 1517 quoque
1393 1477 1507 1508 Zarot.
1524 1475 1600 1506 Ald.
1615 1477 1708 1507 1501.
1728 1475 1825 1507 Junt.

405 1521 499 1549 1503.
521 1519 637 1549 Basili.
654 1522 746 1550 1527.
765 1521 859 1550 1531.
884 1518 974 1549 Frib.
989 1521 1083 1550 1536.
1100 1523 1135 1548 et
1150 1517 1249 1548 Dion.
1264 1518 1305 1548 ab
1322 1517 1446 1548 Han-sio
1462 1518 1757 1557 Lngd.1538.—64
1774 1517 1825 1547 Ne

402 1560 500 1589 curiis
519 1560 652 1590 maribus
673 1561 899 1591 Sclioenborn.
915 1562 1031 1590 3.—-65
1054 1559 1149 1592 Junt.
1173 1561 1264 1589 1503.
1286 1559 1424 1590 Venett.
1442 1561 1533 1589 1509.
1551 1561 1643 1589 1552.
1667 1558 1765 1589 Dion.
1782 1558 1823 1588 ab

404 1599 528 1631 Harsio
544 1601 650 1640 Lugd.
667 1603 760 1632 1538.
780 1602 824 1631 Η.
840 1601 956 1640 Steph.
974 1602 1066 1631 1544.
1089 1600 1218 1639 Gryph.
1235 1600 1340 1639 Lugd.
1354 1603 1447 1631 1566.
1461 1599 1564 1630 Basil.
1579 1602 1672 1631 1580.
1688 1603 1724 1629 et
1735 1599 1824 1629 Dan.

405 1641 525 1673 Heius.
546 1642 598 1682 qui
621 1645 655 1672 ut
676 1645 836 1673 rem—66
858 1641 1085 1673 Schoenborn.
1101 1644 1131 1672 3.
1154 1651 1208 1672 seu
1223 1643 1373 1672 nom—67
1398 1640 1482 1680 Pupi
1505 1640 1636 1680 plurimi
1652 1639 1753 1670 codd.
1768 1648 1823 1678 ap.
1872 1676 1875 1679 Ι

405 1683 520 1722 Feam,
535 1684 591 1714 alii
607 1693 659 1723 ap.
674 1684 827 1714 Torrent.
843 1688 878 1714 et
894 1684 1006 1713 Bentl.
1023 1683 1103 1713 item
1119 1683 1255 1712 Veneit.
1273 1684 1366 1713 1492.
1382 1684 1474 1713 1495.
1491 1684 1584 1712 1498.
1607 1680 1747 1722 probant
1765 1679 1824 1710 Al-

404 1724 467 1755 dns
483 1725 516 1755 in
533 1725 694 1764 Ortliogr.
710 1726 863 1756 Torrent.
877 1729 911 1755 et
922 1725 1035 1754 Bentl.
1051 1723 1225 1754 Drakenb.
1241 1723 1281 1754 ad
1299 1723 1372 1754 Liv.
1389 1731 1438 1754 iv.
1453 1726 1504 1754 33.
1519 1727 1550 1754 8.
1566 1731 1609 1753 ex
1625 1722 1697 1753 aliis
1712 1727 1829 1752 aucto-

404 1765 509 1810 ribus,
521 1767 674 1805 nummis,
689 1772 724 1798 et
738 1767 906 1807 inscriptt.
940 1767 1133 1806 Sequuntur
1148 1765 1249 1796 ant.
1266 1766 1406 1805 Cuning.
1421 1765 1544 1795 Sanad.
1559 1763 1708 1802 Francis,
1722 1762 1824 1794 Gesn.

1046 1838 1188 1869 NOTAE

446 1901 489 1929 59
503 1899 548 1930 At
558 1900 647 1938 pueri
658 1901 809 1940 ludentes]
833 1899 1027 1931 confutatio
1038 1903 1091 1930 est

404 1948 581 1978 stultorum
599 1952 845 1987 praeceptorum
867 1947 960 1985 Jani,
976 1957 1018 1977 ex
1033 1956 1090 1977 na-

405 1995 503 2026 turali
520 1996 640 2026 lumine
663 2001 698 2027 et
719 2001 813 2026 recto
835 2005 1014 2035 puerorum
1034 1996 1088 2034 ju-

406 2043 505 2074 dicio.
528 2044 573 2074 Hi
590 2044 741 2074 nimirum
752 2053 842 2080 vere,
859 2044 1089 2083 sancte,juste

406 2092 605 2132 sentientes,
619 2092 706 2122 inter
726 2092 907 2123 ludendum
924 2091 1091 2132 spondent

407 2141 631 2180 principatum
661 2141 691 2171 ei
722 2141 778 2181 qui
815 2141 938 2171 rectius
969 2141 1088 2180 egerit,

406 2198 472 2220 non
497 2189 527 2220 ei
546 2190 599 2229 qui
627 2191 668 2221 sit
690 2190 868 2229 pulchrior,
889 2190 1090 2230 opulentior,

407 2236 562 2268 nobilior.
607 2237 695 2268 Vide
715 2238 784 2269 Jul.
800 2239 888 2270 Poll.
914 2247 965 2269 lx.
980 2241 1010 2270 7.
1034 2238 1091 2269 ubi

409 2285 452 2316 de
482 2285 664 2327 Basilinda,
694 2288 844 2328 aliisque‘
864 2288 950 2318 ludis
975 2297 1091 2328 puero-

408 2344 492 2365 rum.

450 2387 492 2415 60
519 2384 585 2415 Hic
607 2394 711 2416 murus
723 2384 832 2416 aeneus
846 2385 925 2424 esto]
950 2385 1091 2416 Prover-

409 2434 506 2465 bialis
522 2434 637 2465 dictio.
680 2435 803 2466 Sensus
827 2439 897 2465 est:
923 2435 1015 2466 Nihil
1037 2435 1092 2466 fir-

409 2483 495 2514 mius
508 2487 585 2514 tene
594 2493 691 2524 quam
707 2483 890 2515 doctrinam
902 2485 1006 2515 lianc:
1028 2485 1093 2524 vel,

408 2537 447 2563 ut
462 2532 609 2572 explicat
620 2533 792 2564 Erasmus:
818 2533 892 2564 Hoc
909 2537 1034 2564 certum
1046 2533 1091 2564 sit

409 2581 472 2612 tibi
497 2585 532 2612 et
556 2581 759 2612 immutabile
783 2583 882 2612 animi
907 2582 1092 2614 decretum.

409 2629 509 2669 Item,
524 2639 618 2661 muro
638 2631 788 2670 quolibet
804 2631 906 2661 ae'neo
922 2630 1042 2662 fortior
1057 2636 1093 2662 et

409 2678 698 2718 inexpugnabilior
714 2683 766 2710 est
780 2680 973 2711 innocentia
988 2684 1023 2710 et
1044 2680 1092 2710 in-

410 2729 564 2768 tegritas.
609 2729 694 2760 Haec
712 2729 772 2761 tibi
786 2729 828 2760 sit
841 2729 933 2760 velut
947 2737 1093 2769 propug-

1143 1898 1295 1928 naculum
1311 1907 1378 1928 aere
1396 1896 1547 1928 validius.

1184 1949 1224 1977 62
1243 1946 1354 1976 Roscia
1369 1947 1433 1986 lex]
1456 1946 1526 1976 Lex
1538 1943 1709 1976 theatralis
1723 1944 1792 1974 lata
1806 1954 1825 1974 a

1142 1995 1262 2026 Roscio
1279 1994 1429 2031 Othone,
1449 1994 1542 2024 Trib.
1563 1993 1661 2024 Pleb.
1682 2003 1748 2033 qna
1772 2002 1824 2023 ve-

1142 2044 1206 2074 tuit
1222 2043 1379 2083 Equitem
1399 2042 1493 2073 Rom.
1510 2042 1582 2073 fieri
1597 2042 1659 2072 nisi
1676 2042 1732 2082 qui
1748 2050 1824 2081 pos-

1141 2092 1268 2123 sideret
1296 2091 1541 2131 quadringenta
1570 2090 1674 2121 millia
1703 2097 1825 2120 sester-

1143 2141 1236 2171 tium.
1278 2140 1366 2170 Vide
1387 2139 1495 2180 Epod.
1519 2149 1570 2172 iv.
1586 2143 1638 2171 16.
1663 2139 1745 2180 ibiq.
1769 2147 1826 2168 an·

1142 2195 1211 2221 not.

1185 2241 1224 2269 63
1249 2237 1379 2277 Noenia]
1413 2238 1552 2277 Proprie
1577 2237 1725 2277 lugubris
1747 2246 1823 2267 can-

1144 2287 1212 2318 tio:
1236 2286 1295 2317 sed
1319 2287 1359 2317 ad
1383 2287 1448 2317 alia
1464 2296 1593 2327 quoque
1610 2285 1823 2317 transfertur.

1145 2337 1211 2368 Hic
1227 2335 1391 2375 significat
1405 2336 1540 2365 solenne
1561 2334 1687 2366 dictum
1704 2343 1823 2375 puero-

1145 2395 1228 2425 rum,
1242 2385 1283 2415 de
1300 2394 1365 2425 quo
1377 2393 1466 2415 mox.

1185 2436 1225 2464 64
1252 2432 1392 2463 Muribus
1407 2431 1510 2462 Curiis
1523 2435 1554 2463 et
1569 2432 1722 2472 Camillis]
1745 2433 1824 2464 For·

1144 2482 1279 2513 tissimis
1296 2482 1516 2512 Romanorum
1532 2482 1679 2516 mascula
1699 2483 1824 2514 virtute

1144 2530 1306 2573 praeditis.
1335 2539 1360 2561 1.
1379 2530 1444 2562 Od.
1462 2533 1510 2561 12.

1183 2583 1223 2611 65
1253 2580 1325 2610 Ieme
1351 2579 1408 2610 tibi
1430 2579 1552 2619 melius]
1588 2579 1731 2612 Roscius
1767 2581 1823 2612 ille

1145 2629 1313 2661 theatralis
1336 2629 1420 2668 legis
1443 2634 1571 2665 auctor,
1596 2629 1655 2660 tibi
1680 2630 1822 2662 suadens

1144 2685 1181 2710 ut
1197 2678 1331 2709 studeas
1347 2679 1438 2709 lucro
1454 2686 1512 2719 per
1525 2677 1575 2709 fas
1588 2682 1622 2709 et
1635 2677 1741 2710 nefas.

1185 2731 1226 2759 67
1258 2729 1301 2759 Ut
1321 2728 1447 2769 propius
1459 2731 1582 2768 spectes,
1602 2726 1672 2768 ilfa]
1699 2728 1821 2770 Eques-
