1904 3256
367 271 450 315 688

837 287 879 324 Q.
910 285 1111 316 HoRATn
1147 283 1314 314 resecr

1782 339 1810 366 ᾗ.

1003 373 1146 405 No'rAE

369 437 568 468 vindicatur.
607 439 658 469 De
686 437 832 468 nefanda
864 437 922 467 illa
955 435 1051 467 Remi

370 486 462 518 caede
475 487 565 517 varie
581 485 742 524 scribunt,
761 485 850 515 Flor.
863 494 888 516 1.
905 486 934 515 1.
969 484 978 501 ‘
996 483 1050 514 Ad

371 535 510 566 tutelam
526 543 621 565 novae
639 533 727 564 urbis
750 531 902 564 sufficere
928 532 1050 563 vallum

367 583 569 620 videbatur;
592 582 684 622 cujus
699 581 777 612 dum
794 581 912 612 irridet
930 590 1050 622 angus-

370 632 434 663 tias
464 631 602 670 Remus,
637 629 737 670 idque
767 631 921 672 increpat
949 632 1049 672 saltu,

370 681 505 711 dubium
522 689 562 710 an
582 679 676 718 jussu
695 677 821 719 fratris,
837 681 968 712 occisus
983 686 1050 714 est.

369 730 483 761 Prima
511 734 603 760 certe
630 727 764 759 victima
790 728 867 768 fnit,
895 730 1049 762 munitio-

369 787 511 819 nemque
541 776 631 807 urbis
667 786 764 808 novae
801 787 861 809 suo
889 779 1051 820 sauguine

369 825 601 859 consecravit.’
634 825 705 856 Liv.
730 835 755 857 1.
774 829 805 858 6.
834 827 995 859 Romulus
1010 838 1050 860 ac

370 877 493 908 Remus
514 875 669 907 certatim
694 885 810 907 nomeu
837 882 873 908 et
901 878 1051 918 auspicia

368 926 480 957 daturi
506 934 600 956 novae
630 924 702 955 urbi
729 926 866 965 auguria
889 931 1047 967 captant:

370 975 552 1006 intervenit
571 975 580 991 ‘
596 973 720 1005 avitum
735 975 868 1015 malum,
884 976 977 1016 regni
991 986 1049 1008 cu-

369 1023 460 1064 pido,
489 1028 589 1064 atque
615 1022 693 1054 iude
721 1021 846 1054 faedum
877 1029 1048 1056 certamen

370 1078 519 1104 coortum
541 1082 559 1102 a
574 1073 654 1103 satis
667 1072 740 1104 miti
756 1073 935 1114 principio.
956 1074 1047 1106 Quo-

365 1122 454 1152 niam
469 1122 591 1162 gemini
612 1126 736 1158 essent,
752 1131 814 1153 nec
828 1123 938 1154 aetatis
956 1132 1048 1154 vere-

367 1170 490 1201 cundia
515 1170 693 1201 discrimen
718 1169 831 1202 facere
858 1176 980 1212 posset,
1011 1175 1049 1203 ut

365 1219 440 1258 Dii,
461 1228 596 1259 qnorum
622 1220 738 1251 tutelae
763 1229 803 1251 ea
825 1221 900 1251 loca
922 1225 1048 1260 essent,

367 1268 512 1308 auguriis
536 1268 686 1308 legerent
713 1269 769 1310 qui
798 1278 918 1301 nomen
951 1278 1048 1301 novoe

366 1317 441 1348 urbi
455 1317 566 1357 daret,
579 1318 635 1358 qui
655 1318 824 1350 conditam
839 1319 981 1359 imperio
997 1327 1048 1349 re-

1103 438 1212 476 geret,
1241 435 1434 469 Palatinum
1458 438 1628 479 Romulus,
1654 441 1780 473 Remus
1802 443 1805 445 ’

1102 483 1304 516 Aventinum
1319 484 1361 516 ad
1380 485 1642 526 inaugurandum
1656 490 1782 529 templa

1102 532 1251 573 capiunt.
1282 530 1393 566 Priori
1415 534 1523 566 Remo
1543 535 1712 576 augurium
1727 546 1782 568 ve-

1101 581 1191 613 nisse
1217 581 1324 614 fertur
1354 592 1415 614 sex
1441 584 1607 617 vultures:
1634 585 1781 626 jamque.
1818 590 1822 595 '

1101 632 1254 664 nuntiato
1269 634 1419 673 augurio,
1439 643 1514 666 cum
1529 633 1655 675 duplex
1670 644 1783 666 nume-

1101 690 1157 711 rus
1173 681 1312 714 Romulo
1327 691 1362 713 se
1375 682 1590 722 ostendisset,
1605 687 1782 725 utrumque

1103 731 1226 770 Regem
1239 740 1298 762 sua
1307 731 1483 763 multitudo
1490 732 1759 764 consalutaverat
1771 743 1780 762 :

1103 782 1254 820 tempore
1270 779 1320 811 illi
1335 785 1522 821 proecepto,
1537 785 1573 811 at
1589 780 1622 811 hi
1642 789 1782 812 numero

1103 828 1212 860 avium
1228 838 1365 870 regnum
1380 829 1571 861 trahebant.
1595 829 1690 870 Inde,
1706 840 1782 861 cum

1102 877 1320 909 altercatione
1335 878 1707 918 congressi‚certamine
1721 878 1783 909 ira-

1102 935 1174 957 rum
1188 926 1230 957 ad
1243 925 1370 958 caedem
1386 930 1573 957 vertuntur.
1602 926 1655 956 Ibi
1667 926 1699 957 in
1713 930 1782 957 tur-

1101 976 1146 1008 ba
1171 977 1255 1008 ictus
1282 977 1404 1008 Remus
1433 976 1565 1008 cecidit.
1605 976 1784 1016 Vulgatior

1099 1026 1190 1058 fama
1203 1030 1266 1067 est,
1282 1026 1424 1058 ludibrio
1439 1025 1552 1057 fratris
1569 1025 1709 1057 Remum
1725 1034 1782 1056 no-

1099 1084 1158 1106 vos
1173 1075 1378 1106 transiluisse
1392 1083 1525 1105 muros:
1546 1073 1624 1106 inde
1637 1074 1680 1106 ab
1694 1074 1782 1105 irato

1099 1123 1239 1154 Romulo
1253 1122 1586 1161 interfectum‚....ita
1595 1123 1684 1154 solus
1695 1123 1782 1163 poti-

1101 1176 1155 1203 tus
1175 1170 1316 1210 imperio
1338 1169 1520 1206 Romulus?
1534 1172 1598 1201 ὅτε.
1640 1171 1727 1203 Vide
1747 1176 1784 1202 et

1102 1218 1220 1251 Aul-el.
1235 1218 1404 1250 Victorem
1416 1217 1590 1249 Plutarch.
1600 1217 1632 1248 in
1647 1218 1785 1250 Romulo

1101 1267 1202 1299 Oros.
1216 1265 1272 1298 lib.
1289 1274 1331 1297 11.
1346 1266 1381 1297 S.
1395 1264 1541 1306 August.
1565 1265 1608 1297 de
1621 1265 1784 1313 civ-*Dei²

1101 1326 1158 1350 111.
1172 1319 1204 1348 6.
1220 1315 1320 1350 Ovid.
1334 1316 1424 1348 Fast.
1440 1324 1490 1347 ιν.

924 1499 1051 1541 ODE
1089 1499 1226 1540 VIII.

778 1609 830 1638 IN
862 1608 1005 1638 ANUM
1038 1605 1381 1637 LIBIDINOSAM.

369 1693 409 1723 In
433 1692 575 1736 vetulam
595 1691 759 1732 quandam
774 1691 921 1732 beatam,
941 1701 1086 1724 amorem
1108 1691 1179 1723 sine
1196 1691 1320 1723 viribus
1340 1682 1784 1730 affectantem‚amarulenta

998 1744 1156 1775 invectio.

590 1815 799 1856 ROGARE
820 1817 946 1869 longo
966 1816 1157 1869 putidam
1176 1819 1219 1857 te
1239 1815 1421 1863 saeculo,

644 1878 777 1920 Vires
795 1881 898 1934 quid
917 1885 1094 1921 enervet
1113 1881 1253 1920 meas!

589 1943 698 1985 Cum
719 1945 776 1986 sit
794 1945 876 1986 tibi
895 1944 1003 1985 dens
1021 1947 1128 1993 ater,
1149 1948 1192 1985 et
1210 1944 1327 1996 rugis
1346 1946 1466 1984 vetus

647 2009 850 2050 Frontem
871 2013 1069 2050 senectus
1088 2014 1264 2061 exaret3

595 2074 786 2128 Hietque
802 2075 935 2129 turpis
956 2076 1064 2116 inter
1083 2075 1227 2116 aridas
1246 2078 1370 2116 nates
1555 2126 1559 2130 ff
1755 2074 1784 2112 5

645 2139 815 2189 Podex,
833 2140 955 2182 velut
973 2141 1118 2182 crudae
1137 2140 1279 2182 bovis.

413 2257 455 2288 Te
468 2258 612 2288 diuturno
625 2267 689 2288 oevo
701 2258 860 2295 foetentem
874 2259 995 2289 decetne
1009 2268 1143 2299 quoerere
1166 2259 1239 2298 quid
1261 2258 1424 2289 exhauriat
1439 2259 1521 2289 vires
1535 2260 1636 2288 meas?
1677 2253 1782 2293 Siqui·

369 2298 437 2330 dem
450 2299 534 2339 nigri
547 2303 617 2331 sunt
631 2299 689 2330 tibi
701 2301 817 2340 dentes,
832 2304 861 2331 et
877 2300 966 2336 frons
988 2301 1106 2331 sulcata
1125 2301 1213 2339 rugis
1234 2300 1319 2331 senii.
1362 2299 1381 2317 ⁴⁸*
1425 2300 1442 2317 ¹*
1485 2299 1504 2317 '¹‘

963 2392 1077 2405 ιιιιιι

1080 2392 1194 2405 eeeeee

412 2455 522 2486 Deest
537 2454 685 2485 Editioni
697 2454 818 2486 Sanad.
863 2454 1053 2495 Epigraplre
1069 2454 1102 2484 in
1118 2463 1184 2485 uno
1197 2454 1275 2484 cod.
1289 2451 1459 2484 Torrentii
1474 2455 1537 2487 est,
1553 2451 1592 2482 In
1606 2459 1697 2481 onum
1711 2449 1781 2496 libi-

369 2496 518 2534 dimum,
529 2496 739 2536 prostitutam,
750 2497 902 2536 putidam,
919 2495 1096 2526 Gratidiam
1108 2505 1120 2531 ,·
1140 2505 1230 2535 quam
1243 2498 1433 2534 aspernatur,
1452 2493 1538 2532 cujus
1557 2493 1636 2523 vicia
1649 2500 1782 2531 corporis

370 2539 612 2569 detestatum—1
637 2537 750 2569 Codex
774 2538 984 2578 Bersmanni,
1002 2537 1230 2577 putridum—2
1252 2537 1403 2569 Quatuor
1418 2534 1518 2567 codd.
1533 2535 1689 2565 Torrent.
1713 2541 1782 2563 om·

1005 2630 1146 2662 NOTAE

411 2691 558 2722 Mettum
573 2692 679 2723 simile
695 2693 802 2733 Epod.
818 2702 844 2725 ι.

366 2766 367 2769 ,
414 2742 430 2770 1
454 2740 590 2781 Rogare,
613 2741 682 2781 ξω]
703 2742 840 2782 Ellipsis
860 2745 895 2773 et
911 2740 1050 2782 Apoaio-

1102 2692 1191 2732 pesis
1206 2690 1429 2730 indignationi
1445 2691 1602 2723 serviens.
1636 2692 1781 2723 Paeidm

1101 2744 1133 2772 te
1149 2750 1215 2772 non
1231 2741 1348 2782 pudet,
1363 2743 1426 2771 ἃς.
