1930 3242
339 258 423 299 936
801 273 843 309 Q.
876 271 1077 301 floRArn
1114 269 1283 300 snAccr

340 361 370 402 J
373 361 500 403 udice
517 375 527 404 z
557 376 653 404 nam
679 364 832 404 frustra
850 363 999 403 vitium
1017 363 1219 404 vitaveris
1238 363 1361 412 illud,

339 426 389 467 Si
410 431 452 467 te
473 428 559 468 alio
580 441 756 480 pravum
777 427 1024 468 detorseris.
1080 426 1335 478 Avidienus,

341 490 422 532 Cui
442 492 572 533 Canis
594 506 648 532 ex
667 503 766 531 vcro
786 491 962 532 ductum
982 505 1217 545 cognomen
1238 494 1444 543 adhaeret,

341 555 646 609 Quinquennes
666 557 787 596 olea-s
806 562 883 606 est,
904 563 947 598 et
967 559 1196 612 sylvestria
1214 572 1368 610 corna3

338 621 422 670 Ac,
443 622 524 660 nisi
546 625 768 671 mutatum,
787 623 928 674 parcit
945 622 1177 664 defundere
1196 624 1366 674 vinum3
1397 626 1440 663 et

339 685 478 738 Cujus
497 685 669 726 odorem
690 687 775 727 olei
796 700 983 740 nequeas
1003 689 1184 742 perferre
1212 689 1383 744 (licebit

341 754 422 794 Ille
441 752 624 802 repotia,
641 752 821 801 natales,'
837 754 999 795 aliosve
1020 755 1183 795 dierum

1694 429 1816 499 55-

1695 755 1751 796 60

337 878 426 925 didus
441 879 524 927 cibus
533 889 551 910 a
556 879 681 919 frugali
695 881 815 921 differt,
833 881 932 920 Ofello
947 883 1075 915 Judice:
1091 883 1242 914 enimvero
1250 883 1374 920 frustra
1387 883 1498 913 vitium
1511 881 1563 912 hoc
1578 879 1754 918 declinabis,

338 928 363 948 ει
378 922 407 950 te
427 922 466 951 ud
479 922 564 952 almd
578 923 655 953 mule
667 927 834 955 convertas.
878 924 1049 955 Avidienus
1064 925 1159 955 Canis
1175 925 1283 955 merito
1304 925 1470 964 appellatus
1483 924 1547 954 edit
1560 923 1654 954 otim
1667 921 1754 961 quin-

337 970 466 998 quennes
482 965 512 992 et
526 972 617 994 corna
630 965 790 1004 sylvestria
800 976 810 996 .·
831 975 886 995 nec
900 965 1027 995 libenter
1041 965 1179 1002 defundit
1193 966 1306 1004 vinum,
1324 965 1384 995 nisi
1397 968 1587 1004 corruptum:
1606 964 1670 1004 ipse
1683 971 1753 993 vero

337 1010 353 1030 e
369 1011 438 1033 vase
457 1012 563 1035 corneo
584 1005 660 1036 duas
674 1006 768 1037 libras
781 1007 954 1037 continente
969 1006 1118 1036 brassicas
1132 1007 1267 1046 aspergit
1282 1007 1344 1036 oleo
1357 1006 1465 1046 veteri,
1477 1005 1562 1044 cnjus
1575 1006 1692 1035 odorem
1705 1006 1752 1033 to-

338 1042 434 1075 lerare
448 1054 508 1075 non
519 1046 632 1087 possis,
645 1048 730 1087 large
743 1048 863 1088 quidem
879 1048 1016 1085 fundens
1028 1050 1147 1078 acetum
1155 1057 1167 1084 ‚·
1189 1048 1326 1087 quamvis
1340 1048 1468 1087 repotia,
1480 1047 1610 1085 natales,
1623 1044 1754 1084 aliosque

928 1139 965 1151 O‘
969 1137 1082 1151 ,ΝΙΟΟ
1086 1138 1163 1151 0000

338 1210 394 1241 leii
420 1211 516 1242 Leid.
542 1211 661 1250 Regin.
686 1217 721 1243 et
745 1217 886 1253 quatuor·
901 1212 1053 1243 alii.-55
1077 1211 1249 1243 Bentleius
1274 1220 1315 1242 ex
1339 1220 1403 1241 uno
1426 1209 1543 1241 codiee
1563 1208 1758 1240 Bersmanni

336 1252 433 1291 legit,
456 1253 493 1284 Si
514 1257 544 1285 te
567 1254 628 1284 atio
646 1263 780 1294 pmcne,-
803 1255 983 1292 nonmale,
999 1254 1108 1294 inquit
1123 1253 1316 1284 Zeun.—-56
1338 1253 1425 1283 Han.
1444 1254 1473 1282 1.
1495 1261 1535 1282 ex
1546 1259 1617 1282 vero
1630 1251 1757 1281 dicrum.

337 1293 432 1324 Harl.
447 1297 478 1325 3.
493 1297 524 1326 4.
540 1298 571 1325 6.
593 1295 790 1326 Bersmanni
806 1295 906 1326 codd.
928 1300 1083 1336 quatuor,
1109 1304 1191 1325 unus
1217 1294 1407 1331 Pulmanni,
1432 1293 1515 1324 Exc.
1538 1292 1755 1324 Sax.venet.·

337 1337 431 1365 1559.
453 1336 531 1366 Vet.
558 1337 675 1367 Comb.
704 1338 862 1368 Glarean.
892 1341 926 1367 et
951 1336 1066 1367 Lamb.
1100 1345 1265 1374 cognomen
1289 1335 1514 1366 arthesia—5⁷
1539 1333 1757 1373 Quinquenm

337 1375 421 1406 Exc.
436 1376 515 1407 Sax.
531 1382 566 1408 et
581 1378 778 1408 Zarot.—68
794 1377 938 1410 Quidam
955 1377 1052 1410 codd.
1069 1377 1233 1415 Lambini,
1246 1377 1344 1408 Gott.
1359 1375 1498 1406 Mediol.
1511 1376 1604 1406 1477.
1636 1374 1758 1404 Venet-

338 1419 431 1447 1559.
454 1422 490 1448 et
516 1418 674 1449 Glarean.
700 1429 754 1458 ap.
781 1419 886 1449 Zeun.
915 1418 1101 1458 diffundere.
1145 1417 1214 1448 Alii
1241 1417 1426 1454 defunderm
1457 1417 1467 1434 ‘
1486 1415 1592 1452 bene;
1616 1415 1758 1445 deerant

335 1458 423 1488 enim
439 1459 618 1490 Veteribus
633 1459 813 1499 siphones.'
834 1460 934 1491 Baxt.
977 1460 988 1477 ‘
1003 1460 1037 1490 Si
1054 1459 1127 1500 quis
1139 1458 1311 1499 diffundere
1325 1458 1452 1496 mallet,
1466 1455 1674 1487 referendum
1689 1456 1759 1486 erit

337 1499 378 1529 ad
396 1499 493 1530 aliam
507 1501 806 1532 consuetudinem:
831 1501 873 1531 de
893 1510 960 1541 qua
983 1500 1131 1531 dicemus
1152 1500 1195 1530 ad
1215 1500 1306 1530 illum
1327 1500 1434 1530 locum
1456 1500 1465 1516 ‘
1482 1498 1571 1528 Vina
1586 1497 1679 1528 bibes
1694 1496 1757 1527 ite-

336 1549 409 1570 rum
437 1541 551 1571 Tauro
576 1540 717 1572 diffusa’
743 1542 853 1581 Epist.
878 1551 902 1572 1.
923 1545 954 1572 5.
977 1541 1020 1573 4.’
1043 1541 1236 1572 Lamb.—-59
1257 1541 1343 1570 Tres
1369 1539 1467 1570 codd.
1491 1538 1658 1570 Torrentii
1681 1547 1757 1568 cum

337 1581 485 1611 Bentleii
508 1582 718 1620 colbertino,
742 1583 838 1620 Cuius
861 1583 983 1612 odorem
1006 1583 1114 1612 oleum.
1159 1582 1168 1598 ‘
1186 1581 1353 1612 Putabam
1378 1581 1436 1611 olei
1470 1579 1655 1610 Graecismo
1679 1578 1759 1618 poni

336 1630 398 1661 pro
413 1623 529 1653 oleum.-
552 1623 686 1662 Oleum,
701 1623 796 1663 cujus
813 1623 878 1654 olei
899 1622 1034 1653 odorem
1051 1631 1196 1664 nequeas
1211 1620 1375 1662 perferre,
1389 1620 1547 1651 instillat:
1571 1624 1608 1650 nt
1621 1619 1759 1650 Terent.

336 1662 427 1694 And.
455 1664 541 1704 prol.
567 1673 615 1695 vs.
639 1667 671 1696 3.
705 1665 715 1682 ⁴
737 1665 866 1705 Populo
891 1669 930 1695 ut
959 1664 1145 1704 placerent,
1175 1672 1255 1704 quas
1281 1661 1419 1694 fecisset
1446 1659 1597 1693 fabulas?
1619 1660 1759 1692 Gen.—

981 1757 1118 1789 NOTAE

340 1823 391 1849 tra
405 1819 581 1850 honestum
597 1819 732 1858 dignum
745 1818 854 1850 laude.

379 1870 419 1896 55
443 1867 623 1906 Avidienus,
634 1866 702 1906 εμπ]
714 1868 876 1906 Exemplo
888 1867 1023 1897 demon-

337 1919 422 1946 strat
439 1915 517 1954 quid
544 1914 588 1945 sit
612 1915 720 1945 victus
736 1914 900 1945 sordidus.
944 1914 1024 1944 Avi-

338 1963 456 1994 dienus
470 1973 489 1994 a
503 1963 653 1994 sordibus
664 1968 699 1994 et
710 1962 918 1994 immunditia
931 1963 1024 1993 canis

338 2012 591 2054 cognominatus
622 2020 697 2042 vere
725 2017 789 2050 est,
817 2011 942 2052 quippe
968 2011 1025 2051 qui

339 2064 487 2094 vescitur
501 2063 582 2093 oleis
603 2066 771 2093 vetustate
794 2061 976 2101 corruptis,
992 2065 1027 2091 et

340 2114 450 2144 cornis
477 2112 712 2153 sylvestribus:
743 2111 855 2142 caules
875 2120 952 2141 vero
974 2119 1026 2141 as-

341 2161 454 2202 pergit
469 2161 588 2200 exiguo
613 2161 688 2192 oleo
711 2164 826 2191 vetere
842 2159 975 2200 quidem
991 2163 1027 2190 et

339 2210 493 2248 foetente,
525 2214 657 2240 acetum
694 2209 856 2240 duntaxat
893 2209 1026 2239 abunde

341 2257 527 2291 affundens.
571 2258 655 2289 Haec
681 2263 774 2290 certe
791 2257 924 2290 vivendi
939 2257 1026 2288 ratio

342 2308 479 2339 sordida
492 2313 556 2339 est.

383 2359 425 2387 58
446 2356 506 2395 Ac,
514 2356 576 2387 nisi
586 2359 748 2395 mitiorum,
755 2356 855 2395 parcit
865 2355 1028 2392 defundere

339 2405 459 2445 einum]
483 2405 591 2436 Etiam
617 2406 650 2436 iu
675 2405 890 2436 libationibus
912 2404 953 2434 ad
971 2404 1029 2434 ho-

342 2463 457 2484 norem
474 2454 621 2484 Deorum
646 2452 719 2484 fieri
740 2453 846 2483 solitis
868 2451 924 2482 ille
947 2461 1028 2492 vap·

343 2510 420 2541 pam
437 2500 594 2540 adluibet;
619 2510 680 2532 nec
703 2501 815 2531 vinum
839 2504 956 2540 patera
972 2499 1029 2531 de-

343 2549 454 2581 fundit
470 2550 533 2581 nisi
549 2559 718 2581 acescens.

385 2600 426 2627 60
442 2597 588 2638 Περσεία]
602 2598 738 2629 Festus:
751 2601 760 2614 ‘
770 2596 939 2628 Postridie
946 2605 1029 2636 nup-

344 2645 408 2676 tias
430 2647 518 2686 apud
544 2657 664 2678 novum
688 2646 844 2678 maritum
869 2650 1032 2685 coenatur,

345 2699 380 2724 et
395 2695 489 2734 quasi
505 2695 655 2726 reficitur
677 2695 806 2736 potatio
817 2694 839 2734 ς’
863 2704 936 2736 quae
952 2693 1030 2725 inde

345 2744 475 2777 ἑπανλία
497 2744 630 2784 dicitur,
659 2744 767 2785 pridie
797 2754 875 2776 vero
899 2744 1029 2785 nuptia-

1077 1828 1148 1849 rum
1165 1817 1326 1857 προαυλία,
1350 1817 1458 1857 inquit
1481 1816 1603 1847 Caelins
1626 1823 1686 1847 xv.
1708 1816 1759 1846 18.

1077 1870 1111 1896 et
1125 1868 1176 1896 24.
1201 1865 1297 1896 Alex.
1314 1864 1357 1895 ab
1371 1864 1470 1895 Alex.
1486 1872 1526 1894 ιι.
1544 1867 1574 1894 5.
1606 1862 1761 1903 Περσῆα,

1076 1915 1195 1955 inquit,
1211 1914 1374 1955 postridie
1389 1914 1524 1954 nuptias
1535 1913 1666 1943 laetiore
1682 1919 1760 1943 con-¹

1078 1964 1168 1994 victu
1197 1962 1308 1994 affines
1333 1963 1423 2003 apud
1455 1971 1578 1993 novum
1607 1961 1762 1992 maritum

1078 2012 1317 2052 percolebant:
1344 2021 1410 2052 qua
1426 2011 1481 2042 die
1500 2019 1585 2042 nova
1606 2015 1713 2051 nupta
1726 2010 1760 2042 in

1078 2059 1138 2090 viri
1154 2059 1287 2090 domum
1310 2059 1501 2090 libertatem
1529 2057 1707 2099 auspicari,
1727 2056 1763 2089 et

1077 2109 1242 2139 dominam
1265 2117 1366 2148 agere
1395 2107 1503 2146 simul,
1528 2111 1563 2138 et
1586 2115 1656 2138 rem
1677 2106 1762 2138 divi-

1078 2167 1151 2189 nam
1167 2157 1279 2188 facere
1295 2162 1458 2188 assuerat.

1120 2205 1266 2244 Natales]
1299 2205 1387 2235 Vide
1411 2205 1506 2235 Pers.
1529 2203 1604 2234 init.
1625 2204 1695 2234 Sat.
1718 2211 1761 2233 ιι.

1077 2255 1134 2285 nbi
1163 2253 1306 2284 natalem
1342 2252 1432 2283 diem
1464 2252 1619 2282 ‘meliore
1647 2248 1761 2291 lapillo

1078 2300 1335 2339 numerandam,¹
1350 2300 1560 2339 hilariterque
1574 2298 1762 2338 transigen-v

1079 2351 1167 2390 dam,
1183 2355 1282 2390 atque
1296 2349 1327 2379 in
1343 2357 1384 2378 ea
1407 2350 1417 2364 ‘
1431 2345 1635 2377 fundendum
1652 2345 1762 2377 Genio

1078 2400 1228 2439 merum,’
1245 2398 1413 2440 praecipit.

1121 2449 1244 2482 Aliusne
1267 2447 1384 2478 dierum
1410 2445 1534 2484 Festos]
1569 2444 1676 2475 Iuliis
1691 2452 1764 2475 mos

1081 2503 1156 2528 erat
1170 2497 1330 2538 optimum
1345 2495 1453 2525 vinum
1472 2502 1625 2534 promere
1640 2497 1676 2524 et
1691 2492 1764 2534 qui-

1080 2547 1157 2578 dem
1172 2545 1365 2582 liberaliter,
1379 2542 1421 2574 ad
1437 2543 1590 2573 laetitiam
1612 2542 1764 2572 excitan-

1081 2596 1176 2626 dam:
1200 2603 1275 2624 nam
1301 2593 1453 2623 ‘laetitiae
1477 2591 1630 2622 Bacchus
1646 2588 1765 2629 dator-,⁹

1082 2653 1124 2675 ex
1140 2643 1255 2682 Virgil.
1273 2643 1345 2674 lEn.
1362 2650 1386 2674 1.
1402 2643 1476 2674 ⁷38.
1520 2639 1568 2673 At
1579 2638 1764 2672 Avidienus

1082 2697 1201 2724 contra
