1904 3256
714 329 903 363 EponnN
939 328 1105 360 mussn.
1545 315 1634 358 693

355 427 462 469 Fert
481 425 650 467 vallum
668 429 712 467 et
735 437 857 467 arma
875 423 1020 474 miles,
1042 428 1086 466 et
1104 420 1378 476 spadonibus

414 494 588 535 Sei-vire
607 493 777 545 rugosis
798 495 977 546 potest:

357 561 565 613 Interque
587 559 713 612 signa
732 563 860 612 turpe
882 556 1090 600 militaria

414 626 494 668 Sol
513 626 680 679 aspicit
700 626 960 679 conopium.

357 691 430 734 Ad
450 693 535 734 hoc
554 692 789 734 frementes
808 696 1033 734 verterunt
1051 692 1123 732 bis
1143 691 1263 732 mille
1283 701 1427 744 equos

416 758 539 801 Galli
558 764 766 801 canentes
787 758 1038 809 Caesarem3

1580 553 1638 595 15

187 867 314 907 cipium,
325 867 414 898 miles
432 869 539 907 portat
549 868 654 907 palum
666 869 758 907 atque
772 875 871 901 arma,
886 875 941 896 nec
956 864 1106 896 erubescit
1121 863 1238 895 servire
1250 863 1397 895 eunuchis
1409 863 1542 902 rugosis.
1586 863 1641 894 In-

189 913 298 950 terque
315 909 431 941 ves-iiia
459 909 567 940 bellica
588 909 684 949 (proh
698 909 819 947 foedoem
837 906 942 948 reml)
965 907 1022 938 Sol
1046 907 1131 938 videt
1151 906 1323 946 canapium.
1366 904 1525 937 Adam-m
1547 905 1644 936 istum

192 952 282 983 Gaui
305 952 517 992 indignantes,
541 951 722 991 Augustum
746 951 952 986 inclamando,
976 953 1193 981 converterunt
1215 950 1274 980 duo
1299 945 1400 979 millia
1426 957 1590 988 equorum:
1613 950 1644 978 et

798 1033 840 1046 Ν
843 1033 1017 1047 000000000
1020 1033 1042 1046 O

192 1100 388 1134 indm—16
401 1101 511 1133 Codd.
524 1105 560 1133 et
575 1100 654 1133 edd.
672 1106 756 1134 vett.
769 1111 934 1142 conopeum
945 1111 958 1138 ‚0
974 1100 1033 1132 sed
1050 1099 1168 1132 Bentl.
1179 1097 1314 1130 emend.
1328 1096 1508 1137 conopium5
1531 1094 1647 1128 Graeci

191 1143 282 1175 enim
298 1148 480 1185 utrumque
496 1144 643 1175 babent:
666 1145 841 1175 κωνωπεΐον
855 1150 890 1175 et
905 1143 1072 1175 κωνώπων.
1117 1143 1209 1182 Ergo
1232 1150 1308 1172 cum
1334 1139 1503 1181 producta
1518 1143 1573 1170 eat
1587 1147 1647 1178 pe-

193 1186 339 1217 nultima
354 1186 496 1226 syllaba,
511 1186 728 1218 scribendum
743 1196 928 1228 conopeum,-
951 1191 989 1218 ut
1005 1195 1062 1226 ap.
1077 1184 1237 1217 Juvenal.
1254 1192 1304 1215 vr.
1318 1185 1371 1214 80.
1394 1191 1470 1213 cum
1485 1185 1648 1221 correpta

194 1232 261 1266 est,
274 1228 456 1268 conopiam;
480 1232 518 1260 ut
532 1229 599 1267 hic,
614 1233 651 1260 et
667 1229 757 1269 apud
776 1228 1008 1270 Propert.'1u.
1026 1231 1077 1259 11.
1091 1230 1145 1259 45.
1190 1225 1306 1267 Atque
1321 1224 1386 1256 hoc
1400 1223 1529 1264 placuit
1544 1222 1649 1254 etiam

196 1269 277 1301 Nic.
293 1270 534 1301 nemum—17
550 1270 661 1302 Adhuc
676 1271 771 1303 Leid.
788 1281 808 1302 a
823 1281 869 1302 m.
883 1280 934 1311 pr.
951 1276 987 1302 et
997 1270 1099 1302 Bodl.
1113 1269 1273 1307 Bentleii,
1287 1267 1429 1299 Venett.
1442 1267 1537 1298 1477.
1553 1267 1648 1296 1478.

196 1313 294 1344 1479.
314 1312 458 1343 Mediol.
476 1315 570 1344 1486.
585 1318 622 1344 et
641 1316 735 1345 1502.
759 1318 795 1345 et
817 1314 954 1345 Servius
976 1313 1019 1344 ad
1040 1313 1140 1352 Virg.
1155 1320 1207 1342 vr.
1222 1313 1298 1342 613.
1342 1309 1396 1341 Aa
1410 1309 1489 1339 hunc
1505 1307 1601 1339 Harl.
1618 1309 1650 1338 l.

195 1356 228 1385 2.
244 1356 274 1384 3.
287 1355 321 1396 4:
334 1356 365 1385 6.
388 1354 503 1386 Graev.
521 1360 556 1385 et
572 1355 692 1395 Regin.
707 1365 784 1386 cum
802 1366 861 1385 sex
879 1355 952 1386 aliis
969 1364 1026 1393 ap.
1044 1354 1156 1384 Bentl.
1175 1353 1322 1383 Locher.
1339 1351 1421 1381 vet.
1439 1350 1559 1381 Comb.
1603 1348 1651 1379 Ae

197 1395 256 1426 Ιιιιι·
271 1396 409 1436 Cruquii
426 1397 566 1436 aliquot,
583 1406 658 1427 curn
676 1397 805 1427 duobus
830 1397 1024 1433 Pulmanni,
1041 1401 1077 1426 et
1099 1394 1233 1425 Zulicli.
1249 1398 1286 1424 et
1301 1393 1445 1431 Vigorn·
1461 1401 1517 1430 ap.
1534 1390 1652 1421 Bentl.

195 1437 243 1468 At
264 1436 344 1468 hunc
370 1437 404 1468 in
421 1437 620 1478 quibusdam
647 1438 733 1468 aliis.
775 1437 829 1468 Aa
852 1438 908 1468 hoc
934 1436 1068 1467 emend.
1094 1435 1210 1466 Bentl.
1239 1439 1274 1464 et
1301 1437 1505 1473 receperunt
1527 1432 1651 1462 Sanad.

194 1477 345 1515 sowere.
360 1479 514 1517 Francis,
530 1479 637 1511 Gesn.
653 1479 761 1511 Zeun.
776 1479 917 1510 Wetzel.
936 1477 1074 1510 Wakef.
1091 1475 1231 1508 Miisch.
1246 1475 1353 1507 Kidd.
1369 1475 1487 1506 ceteri.
1520 1474 1572 1506 Ad
1587 1474 1653 1504 haec

195 1520 299 1552 etiam
326 1522 418 1562 conj.
434 1522 550 1553 Benu.
595 1527 604 1540 ‘
623 1522 684 1553 Est
707 1521 843 1553 omnino
866 1520 1047 1562 legendum
1064 1529 1140 1551 cum
1159 1518 1327 1557 Bentleio,
1348 1517 1401 1549 Aa
1423 1517 1492 1556 hoc,
1514 1517 1586 1548 scil.
1606 1526 1655 1547 co-

193 1562 334 1604 mpium.-
356 1563 399 1595 td
415 1563 478 1594 hoc
495 1570 598 1604 turpe
613 1564 846 1605 spectaculum
862 1575 870 1594 :
894 1567 903 1581 ⁸
918 1563 1097 1604 dedignati
1124 1562 1189 1593 hoc
1211 1559 1326 1599 Galli:
1348 1560 1433 1591 dicit
1448 1560 1526 1591 Vet.
1540 1559 1654 1590 Schol.

193 1603 229 1642 id
245 1609 311 1643 est,
325 1606 378 1638 Aa
389 1606 635 1643 hoc-frementes.
680 1607 818 1638 Dicitur
835 1615 915 1637 vero
932 1606 1009 1642 hoc,
1026 1610 1064 1636 nt
1078 1604 1205 1635 dicitur
1220 1614 1227 1634 :
1252 1604 1262 1621 ‘
1280 1603 1435 1643 prosilire
1452 1602 1494 1633 ad
1510 1599 1656 1639 nomen,’

192 1650 202 1665 ‘
217 1650 355 1690 stupere
370 1649 412 1680 ad
430 1649 563 1680 ratem.¹
588 1649 658 1681 vid.
675 1649 791 1681 Burm-
808 1649 849 1680 ad
868 1649 942 1680 Val.
960 1649 1055 1680 Flac.
1071 1656 1129 1678 ιιι.
1141 1649 1218 1678 264.
1235 1650 1272 1676 et
1290 1645 1452 1676 Muuker.
1469 1644 1512 1676 ad
1528 1642 1656 1684 Hygiu.

858 1744 1000 1776 NOTAE

956 1809 1045 1842 Quia
1061 1807 1216 1849 plurimae
1235 1806 1303 1838 illis
1324 1815 1433 1846 rngae,
1454 1804 1498 1836 ob
1514 1803 1657 1837 virilita-

955 1859 1000 1889 tis
1015 1858 1173 1899 adeoque
1189 1857 1312 1888 caloris
1328 1856 1553 1888 amissionem.

196 1810 296 1843 neclae
315 1809 543 1841 Romanorum
560 1809 732 1850 permulti.

241 1863 282 1892 12
310 1859 474 1899 Foeminae]
497 1859 707 1900 Cleopatrae,
727 1859 771 1891 de
787 1869 855 1901 qua
874 1867 900 1890 ι.

198 1910 268 1943 Od.
284 1912 339 1941 3⁷.

242 1963 283 1992 13
308 1960 386 1992 Fert
399 1959 525 1998 vallum,
539 1958 611 2000 qma]
635 1959 754 1998 Virgil.
769 1958 900 2000 Georg-

200 2019 244 2042 ιι.
258 2013 313 2042 25.
328 2009 339 2027 ‘
353 2009 639 2050 Quadrifidasqne
652 2009 754 2040 sudes
771 2014 806 2040 et
821 2018 901 2040 ncu-

202 2064 238 2091 to
253 2058 376 2091 robore
390 2058 521 2091 vanos!
547 2059 603 2090 nbi
620 2058 759 2089 Servius
776 2062 902 2098 monet,

203 2107 256 2139 bie
269 2107 358 2139 idem
373 2107 526 2139 dictum:
550 2117 629 2138 nam
652 2112 688 2138 et
703 2108 780 2138 valli
797 2113 831 2138 et
849 2117 902 2138 su-

203 2155 266 2189 de·
279 2156 369 2188 idem
384 2162 485 2188 eunt:
509 2156 601 2188 Gall.
620 2158 675 2188 des
692 2157 799 2196 picum.
835 2157 903 2187 Ve-

204 2207 316 2249 getins
330 2216 386 2239 ru.
402 2209 434 2239 8.
459 2208 509 2238 ita
531 2216 601 2238 rem
616 2207 787 2248 explicat:
813 2208 823 2224 ‘
841 2208 904 2239 Su·

205 2267 268 2299 per
283 2266 444 2299 aggerem
459 2258 552 2297 valli,
566 2258 629 2289 hoc
645 2261 710 2297 est,
732 2258 834 2290 sudes
851 2259 905 2289 vel

205 2308 325 2339 tribuli
350 2308 453 2347 lignei
481 2307 684 2349 digeruntur
694 2307 715 2347 ;'
747 2308 905 2339 nimirum

205 2360 248 2392 ad
274 2361 457 2392 munienda
478 2366 604 2392 castra.
651 2361 760 2392 Porro
784 2361 905 2392 Roma-

205 2421 268 2444 nus
283 2412 427 2454 quisque
453 2412 548 2443 mileu
568 2412 718 2444 debebat
736 2410 829 2443 ferre
853 2420 905 2442 se-

205 2470 282 2494 cum
297 2461 473 2493 duodecim
485 2462 601 2500 sudes,
613 2471 719 2500 arma,
732 2461 906 2499 viaticum,

206 2511 318 2554 ollam,
345 2521 441 2554 veru,
467 2513 626 2554 securim,
651 2513 813 2554 ligonem,
842 2510 905 2542 fal-

208 2569 296 2600 cem,
309 2564 372 2593 &c.

215 2617 220 2623 ·
253 2609 447 2650 spadonibus
461 2610 603 2652 Servii-e]
620 2611 840 2651 Cleopatram
857 2609 907 2639 illi

212 2659 476 2700 comitabantur,
507 2661 661 2703 adeoque
692 2660 908 2701 imperabant

212 2706 372 2739 Romanis
407 2709 630 2743 militantibus
661 2710 724 2742 sub
754 2710 826 2750 ejus
853 2709 908 2739 vel

213 2755 352 2787 Antonii
367 2756 491 2797 signia:
515 2761 604 2800 qnod
620 2761 671 2792 eis
688 2765 790 2800 turpe
807 2763 842 2790 et
858 2758 908 2788 in-

999 1911 1040 1940 16
1065 1907 1252 1948 compium]
1281 1907 1444 1938 Licenter
1471 1905 1660 1947 corripitur

956 1959 1145 2000 penultima
1164 1958 1264 1999 hujus
1290 1957 1381 1989 vocis
1406 1966 1450 1987 ex
1471 1966 1509 1988 se
1534 1957 1658 1997 longa:

956 2009 1146 2048 κωνωπεῒον,
1163 2006 1303 2039 tentorii
1317 2016 1424 2046 genus
1439 2015 1505 2047 quo
1517 2004 1662 2036 uteban-

955 2065 1012 2091 tur
1037 2058 1209 2100 AEgyptiae
1236 2057 1397 2088 mulieres
1425 2055 1469 2087 ad
1496 2054 1661 2086 arcendos

957 2110 1098 2145 culices,
1122 2108 1180 2150 qui
1207 2106 1349 2138 κώνωπες
1376 2110 1616 2146 nuncupantur
1643 2114 1662 2135 a

958 2160 1104 2192 Graecis.
1150 2158 1198 2190 Hi
1215 2161 1294 2189 sunt
1309 2157 1398 2187 enim
1414 2153 1663 2195 illicfrequen-

959 2214 1012 2241 tes
1036 2208 1080 2240 ob
1101 2207 1202 2239 maris
1221 2207 1387 2238 viciniam.
1431 2204 1598 2236 Horatius
1614 2203 1664 2233 in-

960 2259 1163 2299 dignitatem
1185 2262 1290 2296 auget
1311 2266 1355 2287 ex
1373 2265 1415 2287 eo
1431 2254 1522 2297 qnod
1547 2253 1664 2285 mulie-

959 2308 1020 2340 bre
1037 2308 1299 2340 tabernaculum
1318 2310 1395 2338 erat
1411 2315 1474 2347 pro
1494 2304 1664 2337 Praetorio

959 2367 1019 2390 seu
1039 2356 1265 2398 Imperatorio
1283 2355 1445 2387 tentorio.

1004 2410 1044 2439 17
1055 2407 1110 2438 Aa
1123 2407 1179 2438 hoc
1193 2406 1500 2447 [hunc]srementes,
1511 2403 1580 2443 &tt-J
1594 2402 1665 2433 Ad-

960 2467 1077 2490 versus
1086 2456 1273 2490 Antonium
1287 2464 1381 2486 arma
1391 2457 1570 2484 verterunt
1582 2452 1666 2483 Gal-

960 2508 996 2549 li,
1014 2507 1072 2549 qni
1086 2507 1120 2538 in
1137 2507 1210 2547 ejus
1224 2505 1382 2536 exercitu
1394 2501 1586 2541 merebant,
1600 2500 1667 2532 sci-

959 2558 1042 2588 licet
1052 2555 1220 2596 indignati
1241 2552 1332 2594 quod
1356 2551 1484 2582 servire
1501 2551 1665 2591 juberen-

962 2611 1016 2637 tur
1037 2604 1201 2641 foeminae,
1216 2606 1252 2633 et
1267 2599 1499 2640 effoeminatis,
1518 2600 1527 2616 ‘
1542 2599 1664 2641 spado-

962 2654 1061 2685 nibus
1075 2650 1229 2692 rugosis!

1009 2705 1177 2738 Venerunt
1201 2701 1249 2733 bis
1270 2701 1355 2732 mille
1380 2698 1487 2741 equos]
1511 2699 1666 2741 Scaliger

964 2764 1025 2786 sno
1051 2763 1155 2793 more,
1177 2755 1186 2770 ‘
1204 2750 1294 2791 Illa‚'
1317 2750 1444 2791 inquit,
1469 2751 1479 2768 ‘
1496 2749 1587 2782 ferre
1609 2760 1668 2782 ne-

215 2805 368 2845 dlgnum.
411 2806 501 2838 Vide
522 2817 548 2840 1.
563 2809 632 2841 Od.
652 2813 707 2842 37.
728 2813 762 2842 9.
796 2808 912 2849 Spado
966 2814 1072 2846 queo:
1097 2812 1173 2834 nam
1189 2806 1225 2833 et
1241 2801 1395 2832 insuavia
1406 2804 1576 2840 sunt‚nec
1588 2810 1667 2832 con-

216 2865 236 2886 a
265 2855 364 2896 σπᾷν,
394 2855 533 2892 evellere,
570 2858 694 2890 dictus.

757 2857 913 2899 Rugosis]
967 2856 1108 2887 veniunt
1134 2862 1258 2895 pugnae
1282 2851 1418 2884 navali:
1450 2851 1570 2889 ,Immo
1587 2851 1668 2884 Gal-
