1890 3256
634 295 911 327 sannionum
950 294 1047 327 Lm.
1079 294 1133 326 11.
1163 284 1204 323 5.

1539 280 1650 323 101⁷

199 393 406 436 Accedas
426 392 606 434 socius:
636 391 805 442 laudes,
823 389 1020 432 lauderis
1040 392 1091 431 ut
1111 389 1274 431 absens
1293 400 1303 427 ε

199 459 398 513 Adjuvat
415 459 497 500 hoc
518 469 724 512 quoque;
756 457 836 498 sed
857 457 996 499 vincit
1013 456 1145 509 longe
1167 455 1288 519 prius
1309 453 1458 506 ipsum

197 526 467 580 Expugnare
487 528 646 578 caput:
679 524 845 566 scribet
863 524 983 565 mala
1001 523 1198 565 carmina
1217 531 1374 563 vecors
1394 519 1414 559 'l

197 592 422 633 Laudato:
453 593 669 632 scortator
688 590 804 632 erit'l
835 602 944 632 cave
965 593 1007 631 te
1025 592 1173 643 roget:
1204 588 1318 631 ultro

197 658 451 712 Penelopen
469 656 618 698 facilis
639 657 802 711 potiori
823 656 964 699 trade.

1022 655 1059 706 ἹῘ
1083 656 1292 705 Putasne,

196 723 391 765 Perduci
410 723 575 777 poterit
593 726 680 766 tam
701 723 813 777 frugi
832 727 1011 777 tamque
1031 722 1215 776 pudica,

196 789 342 841 Quam
360 790 565 844 nequiere
584 791 709 844 proci
729 795 852 832 recto
872 790 1090 843 depellere
1111 802 1242 831 cursu
1260 790 1278 830 ‘l

196 856 232 905 ἹῘ
254 855 390 898 Venit
409 857 526 898 enim
547 868 751 909 magnum
772 855 967 898 donandi
988 868 1122 910 parca
1135 856 1359 910 juventus,

194 922 293 964 Nec
313 926 481 965 tantum
501 921 692 965 Veneris
713 925 926 976 quantum
948 921 1154 964 studiosa
1176 921 1338 963 culinae
1358 935 1366 960 :

1588 922 1647 963 80

195 989 271 1031 Sic
291 989 373 1030 tibi
391 989 619 1044 Penelope
638 989 751 1042 frugi
772 991 855 1039 est,
876 1002 992 1042 quae,
1014 989 1053 1030 si
1075 989 1215 1030 semel
1237 1001 1326 1030 uno

194 1055 266 1098 De
285 1069 391 1097 sene
410 1057 592 1110 gustarit
610 1059 751 1098 tecum
773 1056 941 1110 partita
966 1056 1193 1106 lucellum,

195 1121 262 1163 Ut
281 1123 422 1173 canis,
442 1135 470 1164 a
489 1123 610 1164 corio
629 1135 852 1176 nunquam
872 1123 1184 1165 absterrebitur
1204 1127 1351 1165 uncto.

197 1188 275 1229 Me
297 1201 419 1238 sene,
441 1188 559 1243 quod
580 1188 744 1239 dicam,
762 1188 929 1231 factum
950 1194 1048 1241 est;
1079 1202 1188 1231 anus
1210 1190 1412 1244 improba
1431 1189 1598 1232 Thebis

194 1297 288 1328 laudo
302 1307 364 1336 eos,
378 1301 411 1328 ul
427 1297 584 1329 absentem
598 1298 624 1329 ii
638 1301 668 1329 te
682 1298 821 1330 laudent.
867 1299 953 1330 Nam
979 1302 1009 1331 et
1034 1299 1091 1330 hoc
1114 1300 1249 1339 prodest.
1299 1299 1414 1331 Verum
1432 1299 1528 1330 multo
1543 1297 1655 1329 utilius

194 1343 243 1370 est
267 1339 368 1380 ipsum
389 1340 542 1371 hominem
561 1343 699 1380 captare.
747 1341 813 1376 Qui
839 1340 866 1371 si
890 1342 1014 1372 demens
1035 1342 1211 1373 inconditos
1224 1341 1331 1380 faciut
1346 1351 1463 1379 vasus,
1488 1341 1651 1380 applaude.

196 1381 236 1412 Si
251 1381 392 1412 Moeclms
403 1381 520 1418 sterit.
535 1391 574 1413 ne
588 1386 619 1413 te
631 1385 711 1420 oret,
725 1392 819 1413 cave:
839 1386 948 1422 sponte
963 1383 991 1414 ei
1012 1383 1129 1423 potiori
1144 1387 1230 1415 tuam
1244 1383 1418 1423 Penelopen
1431 1382 1544 1419 facilis
1557 1382 1648 1412 dona.

195 1423 322 1454 Umrss.
340 1422 393 1455 An
405 1424 507 1454 credis
520 1426 586 1455 tam
596 1423 725 1464 probum
739 1427 771 1455 et
785 1427 903 1455 castam
922 1434 1012 1464 posse
1026 1425 1133 1466 flecti,
1146 1435 1242 1474 quant
1250 1425 1339 1465 proci
1353 1435 1374 1456 α
1388 1428 1475 1455 recta
1488 1425 1541 1455 via
1554 1423 1653 1454 dimo·

193 1475 266 1496 vere
285 1474 347 1496 non
367 1463 560 1505 potuerunt?
601 1466 728 1497 Tmzs.
753 1465 882 1497 Scilicet
905 1467 946 1497 ad
967 1476 1035 1497 euni
1056 1476 1209 1499 accessere
1222 1466 1354 1506 ,iuvenes
1375 1467 1458 1497 haud
1479 1465 1654 1496 liberaliter

193 1506 345 1556 munifici,
357 1516 455 1547 neque
469 1510 535 1538 tam
548 1507 664 1538 umoris
676 1517 769 1548 quum
781 1509 866 1547 galoe
881 1511 1060 1540 sectatores.
1100 1509 1190 1540 Hinc
1201 1509 1347 1549 pudicam
1362 1508 1454 1539 habes
1465 1508 1653 1548 Penelopen.

195 1549 276 1585 Quoe
289 1549 319 1581 si
332 1550 425 1581 sente!
438 1549 584 1581 delibaret
598 1559 639 1582 ex
651 1560 712 1581 nno
725 1560 810 1589 sene,
822 1550 901 1581 luen·
913 1554 1036 1591 partem
1048 1555 1140 1583 nacta
1155 1555 1268 1590 tecum,
1281 1552 1339 1582 vix
1353 1559 1487 1592 unquam
1499 1549 1651 1582 amovebi-

194 1595 258 1629 tur,
272 1592 357 1625 velut
371 1591 458 1624 canis
471 1592 511 1624 ab
524 1595 616 1624 uncto
630 1602 725 1624 cono.
768 1593 856 1624 Dum
866 1602 963 1624 senex
977 1603 1063 1624 eram
1076 1594 1210 1635 contigit
1225 1594 1258 1625 id
1272 1594 1353 1634 quod
1368 1592 1528 1625 enarrabo.
1557 1592 1653 1633 Apud

803 1686 844 1699 Ν
845 1685 1044 1700 ΟΟΟΟΟΟΟΟΟΟ

193 1753 280 1783 -76
302 1751 490 1791 Penelopam
505 1750 604 1784 codd.
620 1751 762 1792 Cruqnii
778 1755 814 1784 et
831 1752 998 1792 Lambini,
1016 1752 1100 1784 item
1116 1752 1238 1793 Regin.
1253 1755 1289 1783 et
1307 1751 1450 1792 Franeq.
1466 1759 1521 1791 ap.
1537 1750 1652 1781 Bentl.

194 1793 369 1833 Penelopen
383 1802 500 1825 omnes
513 1793 591 1824 edd.
605 1798 684 1826 ante
698 1795 813 1827 Bentl.
842 1795 961 1835 potiori
975 1795 1049 1827 tolle
1064 1795 1162 1826 Harl.
1176 1798 1207 1826 4.
1209 1797 1294 1826 -79
1312 1794 1406 1825 Venit
1421 1793 1503 1824 enim
1517 1802 1652 1832 magno.-

192 1835 340 1871 donandi,
355 1837 409 1876 4⁴0:-
425 1837 446 1867 i.
463 1845 492 1867 e.
507 1835 638 1867 Penelo
666 1837 826 1868 evenalis
840 1842 906 1877 est,
922 1837 1044 1869 Bosius
1060 1847 1116 1878 ap.
1134 1836 1346 1868 Lambinnm.
1375 1835 1468 1867 Venit
1483 1835 1566 1866 enim
1586 1835 1653 1875 (in-

192 1878 323 1918 dignum
332 1837 381 1918 ,1)8)Α
390 1877 527 1909 donandi
546 1846 663 1910 ΒοηῑΓ
713 1879 807 1910 Venit
825 1879 908 1910 enim
950 1889 1028 1911 vero
1050 1879 1103 1921 id)
1127 1877 1299 1919 magnum!
1322 1878 1465 1916 ironice,
1485 1876 1654 1916 Tunstall‚

193 1920 304 1962 Epist.
319 1919 362 1952 ad
379 1919 588 1962 Middleton‚
604 1930 639 1963 p.
655 1922 709 1952 82.
711 1924 797 1954 -83
814 1921 909 1953 Libri
951 1931 993 1954 uo
1007 1921 1233 1965 antiquissimi
1249 1921 1652 1964 ap.'1·orrent.nunquam

843 2015 987 2049 NOTAE

946 2080 1142 2112 detractum
1165 2084 1201 2113 et
1223 2079 1535 2121 sanguinolentum,
1551 2078 1651 2120 cujus

948 2130 1220 2170 appetentissimi
1235 2133 1500 2169 cognoscuntur.

230 2080 273 2110 76
288 2079 441 2115 Putasne,
457 2080 592 2112 Pei-duci
599 2080 729 2120 poterit]
743 2079 892 2111 Persua-

196 2129 284 2168 deri,
300 2139 340 2161 ac
356 2129 471 2171 pellici
487 2130 520 2160 in
535 2130 750 2161 adulterium.
782 2130 892 2160 Pene-

196 2179 292 2220 lopes
308 2179 424 2210 uxoris
437 2179 570 2220 Ulyssis
586 2178 747 2210 invictam
760 2177 893 2218 pudici·
990 2182 1032 2211 84
1055 2179 1111 2211 Me
1130 2188 1214 2218 sene,
1230 2179 1310 2219 quod
1325 2178 1439 2217 dicum,
1454 2175 1524 2218 lym]
1548 2175 1650 2209 Aliud

195 2229 277 2261 tiam
301 2233 394 2261 tolus
421 2229 590 2261 Homerus
612 2232 740 2260 cantat.
784 2228 894 2259 Porro

196 2279 286 2310 sicut
302 2279 396 2320 prius
415 2279 536 2310 Damae
553 2278 642 2310 latus
659 2282 778 2318 tegere
794 2278 893 2318 Ulys-

195 2338 247 2360 ses
270 2328 454 2367 recusavit,
470 2329 519 2359 ita
535 2333 571 2360 et
587 2337 679 2360 suam
695 2328 894 2368 Penelopen

194 2378 343 2420 turpiter
354 2377 518 2410 addicere
530 2378 636 2410 multo
648 2378 756 2419 magis
769 2387 896 2419 negare

195 2428 451 2469 intelligendus.

239 2481 282 2509 79
296 2478 390 2510 Venit
404 2478 487 2510 enim
500 2488 648 2518 niagnum
661 2478 810 2518 donandi,
822 2477 895 2519 ξω]

195 2527 396 2559 Muneribus
403 2529 592 2570 expugnari
599 2537 691 2570 saepe
699 2528 894 2561 castitatem

197 2582 307 2610 not-t.

238 2630 281 2659 80
314 2626 462 2660 δικαίοισι
494 2629 620 2670 culina]
666 2630 778 2672 Supra
807 2631 891 2663 Not.

198 2687 247 2709 vs.
263 2680 296 2709 7.

240 2730 282 2759 83
310 2727 353 2758 Ue
376 2726 476 2767 canis,
498 2737 519 2759 a
538 2728 632 2766 corio,
647 2729 718 2771 ξω]
743 2730 892 2763 Canibus

198 2777 362 2810 venaticis
392 2777 435 2808 ad
462 2777 673 2811 venationem
701 2780 892 2812 excitandis

197 2829 272 2861 dari
287 2828 375 2861 solet
389 2831 499 2869 captae
519 2826 602 2860 serae
625 2829 752 2862 corium
775 2829 893 2864 recens

947 2227 1089 2260 Tiresiae
1121 2227 1286 2259 monitum
1325 2227 1367 2259 ad
1405 2227 1650 2259 demerendum

948 2277 1123 2310 testatoris
1148 2277 1310 2317 animum,
1334 2276 1466 2309 scilicet
1490 2275 1651 2318 frequen-

947 2327 1092 2359 tioribus
1118 2336 1159 2359 ac
1186 2327 1297 2360 nimiis
1327 2325 1448 2360 officiis
1477 2336 1544 2359 non
1575 2336 1650 2359 esse

947 2377 1147 2418 urgendum.

989 2429 1079 2460 Anus
1106 2427 1246 2469 improba
1273 2425 1402 2466 Thebis]
1432 2425 1528 2457 Anus
1556 2434 1650 2466 qnae-

947 2477 1022 2510 dam
1046 2478 1097 2510 ita
1116 2482 1171 2510 est
1193 2482 1345 2518 captata.
1371 2480 1409 2507 ut
1432 2479 1648 2515 captatorem

946 2528 1177 2569 importunum
1202 2536 1243 2558 ac
1270 2526 1450 2558 molestum
1474 2533 1650 2558 aversare·

948 2583 1015 2610 tur.
1059 2578 1184 2618 ltaque
1212 2585 1289 2608 cum
1320 2584 1387 2606 non
1418 2579 1536 2615 posset
1558 2574 1649 2616 viva,

946 2628 1068 2659 saltem
1092 2629 1226 2659 mortua
1248 2623 1365 2656 ulcisci
1388 2623 1504 2656 voluit.
1549 2624 1650 2658 Cavit

946 2677 1103 2708 nimirum
1120 2684 1179 2706 suo
1199 2678 1421 2712 testamento,
1437 2678 1475 2705 ut
1498 2674 1648 2707 cadaver

947 2728 1054 2759 multo
1076 2729 1278 2768 perunctum
1294 2724 1369 2756 oleo
1385 2724 1484 2755 nudis
1500 2724 1648 2758 humeris

946 2779 1057 2810 haeres
1086 2776 1219 2817 efferet,
1247 2775 1344 2817 qnasi
1372 2775 1462 2807 elabi
1491 2777 1647 2817 cupiens,

945 2829 1108 2870 illumque
1124 2826 1247 2868 legatis
1262 2824 1432 2858 fraudare.
1455 2826 1507 2859 Ea
1519 2826 1646 2868 qnippe
