1930 3242
397 291 483 333 966

863 309 904 345 Q.
937 307 1140 336 ΗοΒΑἰ-ιι
1174 307 1345 338 ηΑοοι

397 394 545 444 Hanc,
565 394 764 447 Furiam
794 397 918 444 hunc,
939 398 1072 446 aliud,
1083 398 1216 450 jussit
1235 399 1350 451 quod
1364 400 1593 453 splendida
1610 402 1726 443 bilis.

395 458 572 512 Pauper
591 461 789 513 Opimius
811 462 974 512 argenti
994 463 1128 514 positi
1148 465 1262 504 intus
1282 468 1324 504 et
1344 465 1452 514 auri,

397 523 490 573 Qui
510 525 796 565 Veientanum
817 525 941 566 festis
962 532 1109 579 potare
1131 528 1282 569 diebus

397 588 624 641 Campana
644 590 797 629 solitus
817 591 956 639 trulla,
973 604 1245 644 vappamque
1265 593 1483 646 profestis,

399 653 631 703 Quondam
651 655 844 706 lethargo
863 657 1010 708 grandi
1031 660 1097 696 est
1116 669 1366 710 oppressus,
1386 663 1432 699 ut
1450 659 1588 699 haeres

1725 658 1810 698 145

397 718 427 759 J
431 731 499 758 am
521 719 678 758 circum
700 720 867 760 loculos
889 727 931 761 et
951 723 1094 762 claves
1115 723 1239 764 laetus
1259 736 1478 777 ovansque

399 782 623 824 Curreret:
654 784 768 824 hunc
787 785 986 826 medicus
1007 788 1187 827 multum
1209 789 1319 829 celer
1339 794 1470 842 atque
1490 789 1631 830 fidelis

398 847 574 889 Excitat
593 849 677 889 hoc
698 854 852 902 pacto;
882 864 1071 892 mensam
1091 853 1193 904 poni
1216 853 1356 905 jubet,
1377 860 1506 906 atque

398 911 571 953 Effundi
593 927 749 956 saccos
770 929 1052 964 nummorum,
1074 918 1278 959 accedere
1297 920 1445 972 plures

398 976 470 1018 Ad
492 981 800 1021 numerandum
819 994 829 1021 :
859 981 1070 1022 hominem
1093 983 1158 1022 sic
1177 983 1322 1035 erigit:
1354 985 1476 1024 addit
1494 987 1536 1023 et
1552 984 1674 1033 illud,
1730 984 1812 1025 150

400 1043 462 1083 Ni
483 1048 557 1085 tua
578 1046 783 1094 custodis,
805 1047 958 1086 avidus
981 1047 1073 1099 jam
1094 1048 1190 1088 haec
1211 1049 1373 1088 auferet
1390 1049 1542 1088 haeres.

402 1107 437 1156 ἹῙ
459 1109 579 1151 Men'
600 1112 730 1153 vivo?
772 1112 806 1160 ἹῙ
830 1112 889 1153 Ut
909 1113 1033 1154 vivas
1053 1114 1201 1165 igitur,
1222 1114 1379 1166 vigila:
1398 1114 1483 1154 hoc
1506 1126 1601 1166 age.
1644 1113 1679 1161 ἿῙ
1693 1112 1811 1163 Quid

567 1176 635 1216 vis
650 1177 667 1216 ‘l

400 1292 459 1322 riis
471 1293 622 1325 duntaxat
636 1294 770 1334 incessit,
787 1297 864 1327 hanc
889 1306 999 1327 vocans
1011 1297 1146 1336 suriam,
1171 1298 1257 1328 illum
1281 1301 1383 1328 autem
1406 1297 1503 1342 alindo'
1519 1295 1598 1336 quod
1619 1295 1734 1326 micans
1746 1293 1816 1324 bitis

401 1335 570 1371 suggessit.
617 1336 758 1374 Opimius
770 1338 911 1375 indigens
927 1347 1001 1368 auro
1015 1342 1046 1369 et
1061 1342 1189 1377 argento
1202 1339 1282 1369 domi
1297 1339 1473 1376 reconditis,
1491 1337 1544 1377 qui
1565 1337 1669 1376 poculo
1682 1335 1780 1375 fictili
1800 1344 1816 1365 e

406 1375 575 1414 Campania
596 1375 694 1407 bibere
715 1378 913 1409 Veientanum
938 1383 1131 1410 consuet-erat
1143 1380 1239 1415 sestis
1263 1379 1379 1417 diebus,
1398 1387 1524 1418 vappam
1550 1380 1653 1408 autem
1675 1375 1817 1414 nefastis,

403 1415 475 1445 alim
497 1425 656 1455 oppressus
677 1421 721 1448 est
742 1422 864 1448 veterno
879 1419 1032 1454 maxim⁰;
1053 1421 1127 1449 adeo
1153 1423 1186 1450 ut
1208 1421 1302 1450 lueres
1323 1421 1464 1450 exultans
1483 1428 1519 1449 ac
1542 1418 1732 1457 triumphans
1747 1417 1816 1455 jam

402 1460 539 1503 curreret
552 1458 592 1487 ad
607 1467 710 1489 arcam
724 1463 753 1489 et
768 1461 875 1490 claves.
917 1459 962 1490 At
976 1461 1054 1490 hunc
1068 1461 1200 1491 medicus
1212 1461 1298 1502 fidus
1312 1464 1342 1491 et
1355 1462 1440 1491 velox
1460 1459 1666 1500 expergefecit
1684 1458 1746 1489 ista
1765 1467 1817 1488 ra·

404 1500 484 1527 inme
495 1507 506 1527 .·
533 1507 666 1530 mensam
681 1501 834 1531 admoveri
849 1501 1022 1539 imperavit,
1037 1501 1211 1541 effundique
1233 1511 1333 1532 saccos
1346 1511 1544 1535 nummorum,
1557 1510 1593 1531 ac
1603 1500 1706 1540 plures
1717 1499 1817 1531 accin-

401 1538 438 1575 gi
453 1539 492 1568 ad
507 1542 738 1578 supputandum.
781 1542 834 1571 Ila
849 1542 949 1572 virum
963 1543 1123 1581 excitavit,
1136 1542 1304 1580 adjungens
1315 1543 1379 1573 Iiaec
1393 1543 1485 1573 etiam
1499 1541 1609 1573 verba:
1623 1541 1683 1572 nisi
1699 1544 1752 1572 tua
1764 1541 1816 1571 de-

397 1577 515 1618 fendis,
541 1588 576 1609 ea
598 1590 668 1611 mox
689 1582 786 1611 heres
808 1583 932 1613 inhians
952 1583 1130 1621 asportabit.
1173 1585 1227 1613 Me
1247 1583 1363 1614 scilicet
1387 1581 1531 1614 virente?
1552 1583 1701 1613 exclamat
1724 1590 1818 1620 eger.

405 1619 491 1658 Ergo
507 1622 541 1650 ut
555 1621 651 1652 vitam
663 1623 807 1662 retineas,
819 1623 921 1663 inquit
935 1624 1078 1662 medicus,
1091 1625 1316 1664 expergiscere.-
1332 1625 1416 1655 istud
1429 1633 1513 1655 cura.
1559 1623 1643 1659 Quid
1654 1621 1794 1663 proecipis
1806 1625 1820 1652 2

995 1726 1226 1739 oooooooooooo

407 1797 514 1829 Bentl.
557 1798 623 1829 Sed
640 1799 814 1831 Bentleius
831 1799 872 1831 ad
888 1801 1011 1832 Lucan.
1026 1808 1050 1831 ι.
1063 1802 1136 1831 146.
1158 1803 1202 1831 est
1217 1800 1441 1831 omisit—151
1458 1787 1617 1831 Heinsius
1631 1802 1666 1829 et
1678 1797 1818 1838 Cuning.

1044 1914 1185 1946 NOTAE

451 1996 508 2024 141
521 1993 727 2033 Alind,jussit
741 1996 820 2035 quod
831 1995 989 2035 splendida
1002 1995 1087 2035 bilis]

406 2042 509 2074 Aliud
537 2043 731 2082 convicium,
767 2044 852 2083 quod
889 2044 1088 2083 suggerebat

407 2091 589 2130 iracundia,
605 2101 663 2122 seu
678 2091 767 2122 furor
782 2101 800 2122 e
815 2091 902 2123 flava
917 2092 984 2123 bili.
1021 2092 1090 2123 Alii

407 2147 513 2171 atram
549 2140 647 2171 bilem
677 2141 953 2181 interpretantur.
997 2141 1090 2172 Pers.

410 2190 480 2220 Sat.
495 2198 550 2220 ιιι.
566 2192 597 2219 8.
625 2189 635 2206 ⁴
648 2190 767 2220 Vitrea
787 2190 883 2220 bilis?

452 2241 513 2269 142
535 2238 661 2277 Pauper
677 2238 830 2279 Opimius]
851 2238 987 2279 Opimia
1010 2247 1090 2279 gens

409 2287 525 2317 Romae
554 2287 716 2326 praeclara
742 2287 974 2318 celebritatem
996 2287 1091 2318 dedit

411 2335 589 2376 Opimiano
618 2336 717 2366 etiam
754 2336 831 2366 vino
860 2341 895 2366 et
924 2335 1090 2366 marmori.

410 2385 478 2416 Hic
489 2394 604 2425 pauper
626 2385 749 2415 dicitur
769 2385 811 2415 ob
833 2384 1000 2415 sordidam
1017 2394 1091 2415 ava-

410 2434 532 2470 ritiam,
561 2434 615 2464 cui
643 2433 738 2464 deest
771 2438 838 2464 tam
873 2434 960 2474 quod
988 2433 1092 2464 habet

411 2492 510 2522 quam
527 2481 616 2523 quod
629 2491 694 2512 non
708 2482 810 2513 habet
822 2493 832 2512 z
854 2486 891 2513 nt
902 2483 1004 2513 habet
1014 2482 1091 2514 ada·-

411 2541 510 2572 grum.

467 2584 527 2612 143
568 2579 783 2619 Veientanum]
818 2579 941 2611 Vinum
979 2579 1094 2619 insipi-

413 2631 491 2660 dum
519 2634 554 2661 et
582 2630 659 2669 vile,
685 2639 704 2660 e
738 2629 924 2660 Veientano
949 2629 1094 2660 Etruriae

413 2688 504 2719 agro.
541 2679 698 2710 Meminit
734 2679 829 2710 Pers.
862 2679 934 2709 Sat.
962 2687 995 2709 v.
1024 2680 1095 2709 147.

412 2727 722 2768 ‘Veientanumque
755 2727 919 2758 rubellum
952 2727 1094 2758 Exlialet

412 2775 534 2817 vapida
548 2776 663 2807 laesum
680 2775 754 2816 pice
766 2776 890 2807 sessilis
904 2775 1012 2807 obba-⁹

1183 1997 1286 2027 Fastis
1309 1996 1427 2035 diebus]
1449 1995 1578 2028 Quibus
1601 1999 1708 2026 tamen
1734 1995 1819 2026 laeti-

1142 2045 1199 2076 tiae
1243 2054 1342 2075 causa
1379 2046 1487 2075 vinum
1522 2044 1686 2084 optimum
1718 2043 1821 2076 debet

1142 2103 1231 2134 poni.

1186 2145 1245 2173 144
1271 2143 1426 2182 Campana
1440 2141 1549 2181 trulla]
1570 2141 1658 2172 Vase
1677 2140 1775 2172 fictili
1800 2150 1820 2172 e

1142 2191 1336 2230 Campania.

1190 2239 1339 2279 Vappam]
1383 2240 1586 2280 Coi-ruptum
1628 2239 1750 2269 vinum.
1793 2247 1818 2269 1.

1142 2288 1214 2319 Sat.
1232 2291 1260 2319 1.

1185 2339 1246 2367 146
1269 2335 1390 2375 Claves]
1413 2334 1466 2366 Ad
1494 2343 1588 2365 arcas
1611 2333 1822 2374 aperiendas,

1142 2385 1406 2425 auferendosque
1422 2392 1570 2414 nummos
1586 2382 1724 2423 Opimii.

1189 2438 1247 2466 152
1270 2432 1356 2464 Men'
1365 2431 1448 2471 vivo]
1462 2431 1576 2472 Inquit
1587 2431 1822 2471 expergiscens

1145 2484 1200 2515 ille
1229 2492 1247 2514 e
1269 2486 1418 2520 veterno,
1443 2481 1483 2511 ad
1507 2479 1648 2511 sonitum
1670 2481 1822 2520 pecnnia

1145 2535 1329 2570 commotoe,
1344 2535 1379 2561 et
1394 2530 1434 2560 ad
1451 2538 1549 2560 voces
1557 2529 1725 2569 jacturam
1737 2529 1823 2561 illius

1145 2580 1319 2612 minantes.

1192 2627 1258 2661 Hoc
1270 2636 1338 2666 age.
1362 2627 1387 2663 ῚῘ
1403 2625 1486 2661 Quid
1499 2625 1563 2665 vis]
1584 2625 1824 2657 Sermocinatio

1145 2679 1197 2707 est
1210 2675 1386 2714 lethargici
1407 2674 1461 2705 vix
1477 2674 1677 2714 evigilantis,
1697 2677 1732 2705 et
1755 2682 1823 2705 me·

1145 2725 1211 2756 dici
1224 2724 1359 2755 letalem
1373 2731 1527 2764 soporem
1549 2722 1718 2756 discutere
1735 2726 1825 2753 sstu-

1146 2772 1265 2814 gentis.
