1930 3230
317 297 400 337 550
787 310 830 346 Q.
859 309 1063 338 HORAru
1097 309 1265 339 FLAGGI

428 399 628 451 Namque
649 402 691 439 et
710 399 867 439 nobilis
887 403 930 440 et
949 401 1104 440 decens

483 463 539 502 Et
558 477 635 516 pro
654 465 837 504 solicitis
856 478 943 505 non
962 465 1124 506 tacitus
1143 466 1241 514 reis,

426 527 481 568 Et
502 532 672 569 centum
692 543 800 582 puer
819 531 986 580 artium,

481 593 589 634 Late
609 595 731 646 signa
748 596 855 635 feret
874 596 1041 637 militiae
1062 601 1173 637 tuae:

429 659 485 698 Et
504 659 759 712 quandoque
778 661 990 712 potentior

483 723 635 776 Largis
655 726 900 766 muneribus
918 727 1059 767 riserit
1078 726 1233 774 aemuli,

429 787 628 829 Albanos
649 802 785 842 prope
807 793 848 830 te
868 791 996 831 lacus

486 853 627 895 Ponet
644 868 938 906 marmoream,
958 857 1038 897 sub
1057 857 1174 897 trabe
1194 855 1370 909 Cypria.

1680 530 1735 571 15

1676 855 1734 896 20

311 965 447 1005 juvenis,
463 971 493 998 et
508 969 627 1005 nobilis,
643 974 671 1000 et
683 971 818 1009 pulcher,
832 975 861 1001 et
880 981 935 1008 pro
948 971 1011 1002 reis
1023 972 1126 1002 anxiis
1140 971 1219 1002 haud
1233 974 1346 1010 mutus,
1359 980 1395 1000 ac
1408 969 1571 1009 multiplici
1585 968 1737 1000 industria

315 1008 476 1046 proeditus,
492 1011 580 1047 longe
598 1011 734 1050 portabit
747 1012 860 1042 ceoeilla
875 1016 937 1042 tuae
951 1013 1084 1044 militiam
1128 1014 1173 1043 Et
1187 1022 1254 1043 cum
1277 1012 1384 1042 rivalis
1397 1013 1485 1042 donis
1497 1011 1605 1051 amplis
1617 1009 1737 1050 superbi

316 1049 416 1079 victor
424 1051 583 1091 gaudebit,
601 1061 694 1092 prope
708 1054 790 1084 lacus
805 1053 939 1084 Albanos
951 1057 980 1084 te
994 1063 1010 1084 e
1025 1063 1175 1085 marmore
1190 1055 1319 1095 effictam
1330 1052 1438 1084 locabit
1449 1053 1503 1084 sub
1518 1051 1603 1083 trabe
1617 1062 1633 1083 e
1645 1051 1735 1082 citro.

909 1145 947 1156 σο

1087 1145 1146 1157 m

320 1203 417 1235 Harl.
435 1207 466 1235 2.
483 1208 512 1236 3.
525 1209 555 1237 4.
569 1210 599 1237 5.
614 1210 644 1238 6.
677 1208 866 1238 Comitabere
887 1208 983 1239 Harl.
1001 1211 1115 1239 1.—-13
1138 1208 1234 1238 Harl.
1249 1211 1281 1239 2.
1300 1210 1332 1238 et
1353 1207 1463 1237 nobilis
1483 1210 1514 1237 et
1533 1208 1736 1246 potem—1⁷

316 1244 396 1274 Duo
410 1246 588 1284 Tor-rentii,
601 1257 682 1277 unus
691 1249 901 1286 Bersmanni,
915 1249 1062 1278 Bentleii
1075 1249 1189 1278 Graev.
1207 1257 1226 1278 a
1237 1257 1280 1278 m.
1295 1256 1363 1277 sec.
1374 1248 1460 1286 Reg.
1470 1247 1545 1276 Soc.
1553 1247 1738 1285 etVigorn.

317 1285 410 1324 Lips.
424 1289 455 1316 4.
477 1287 592 1317 Bentl.
609 1288 751 1326 Cnning.
766 1288 901 1317 Wakef.
922 1293 958 1317 et
973 1288 1077 1318 Kidd.
1099 1288 1222 1325 largi,-
1243 1288 1348 1317 ceteri
1363 1296 1479 1316 omnes
1494 1286 1595 1318 codd.
1608 1290 1643 1317 et
1658 1286 1736 1318 edd.

318 1325 526 1362 Largis—20
547 1327 558 1342 ²
576 1327 692 1367 Cypria
707 1327 772 1357 duo
787 1328 883 1357 vait.
900 1332 935 1357 et
949 1327 1098 1358 nonnulli
1115 1328 1171 1358 alii
1189 1327 1304 1357 Lamb.
1321 1328 1386 1357 duo
1400 1327 1531 1357 Bersm.
1544 1327 1626 1356 item
1641 1328 1737 1358 multi

319 1366 422 1406 Cruq‚
442 1367 594 1398 Torrent.
612 1368 723 1398 Pulm.
739 1372 775 1398 et
791 1369 903 1398 aliorr.
919 1377 962 1398 ex
989 1368 1110 1398 nostris
1126 1368 1217 1407 Lips.
1231 1370 1262 1399 2.
1280 1377 1340 1407 pro
1363 1377 1434 1398 var.
1449 1368 1527 1398 lect.
1551 1367 1644 1407 Lips.
1660 1369 1690 1398 2.
1704 1371 1736 1399 4.

319 1406 466 1437 Helmst.
495 1408 593 1438 Dess.
606 1411 638 1438 2.
661 1408 732 1439 Alt.
750 1411 779 1439 1.
824 1409 909 1439 Item
925 1410 972 1440 sic
986 1410 1122 1440 Venett.
1146 1409 1286 1440 Locher.
1310 1409 1426 1439 Basill.
1447 1407 1588 1439 Ascens.
1611 1409 1737 1440 Mutet.

319 1447 424 1478 Land-
452 1449 548 1479 Fabr.
574 1449 692 1480 Heius.
721 1450 877 1487 Rutgers.
894 1451 1034 1481 Vascos.
1050 1451 1152 1481 Baxt.
1169 1450 1272 1481 Gesn,
1318 1449 1466 1480 Praefert
1479 1450 1580 1480 etiam
1594 1450 1738 1481 Turneb.

321 1488 520 1520 Adversarr.
539 1498 670 1521 xxvru.
688 1494 739 1521 10.
783 1492 942 1532 Cypriam
969 1492 1096 1523 trabem
1122 1490 1196 1522 fere
1222 1491 1393 1531 explicant
1417 1490 1459 1520 de
1486 1491 1575 1530 ligno
1602 1491 1739 1531 Cyprio,

321 1530 409 1570 inpr.
433 1531 534 1561 cedro
550 1531 635 1572 (vid.
652 1532 764 1564 Strab.
781 1541 855 1564 xiv.
868 1538 955 1564 extr.
972 1534 1061 1564 Plin.
1078 1541 1154 1564 xvi.
1168 1532 1258 1573 40.):
1276 1542 1341 1573 quo
1356 1533 1458 1563 etiam
1473 1532 1605 1563 nomine
1619 1533 1741 1572 gratio-

319 1579 391 1602 rem
416 1573 538 1603 Veneri
563 1574 694 1605 trabem
720 1583 805 1606 esse.
848 1574 915 1605 Sed
938 1584 1012 1606 cum
1032 1575 1096 1606 hoc
1121 1575 1273 1605 ultimum
1289 1574 1457 1610 subtilius,
1473 1577 1543 1604 tum
1566 1573 1737 1604 materiam

322 1611 494 1652 Cypriam,
509 1614 611 1646 etiam
628 1616 778 1654 cedrum,
794 1616 943 1647 viliorem
965 1615 1083 1656 fuisse,
1106 1620 1142 1646 et
1163 1615 1261 1646 modo
1277 1615 1414 1646 navibus
1430 1614 1634 1645 aedificandis
1648 1614 1740 1646 adbi-

321 1653 441 1693 bitam,
457 1664 476 1685 e
494 1655 579 1685 Plin.
595 1657 616 1687 Ι.
632 1657 654 1686 l.
670 1661 775 1696 patet·
811 1658 923 1697 Igitur
938 1667 983 1689 aes
1000 1658 1158 1698 Cyprium
1175 1657 1340 1687 advocant
1355 1657 1410 1687 alii
1424 1665 1443 1687 e
1459 1656 1547 1687 Plin.
1562 1659 1737 1687 xxxin-5.

967 1741 1104 1773 No'rAE

365 1803 404 1832 13
430 1800 567 1840 Nobilis]
595 1801 710 1832 Fabiae
738 1803 847 1842 gentis
875 1801 1004 1833 clarita-

322 1853 391 1881 tem
411 1859 523 1880 omnes
546 1849 623 1880 fasti
646 1851 846 1890 loquuntur:
870 1852 923 1882 vel
939 1851 1003 1881 hoc

320 1898 421 1929 fidem
443 1908 510 1928 non
532 1898 630 1929 modo
650 1898 732 1930 facit
753 1899 811 1930 sed
831 1909 935 1939 prope
951 1909 1004 1929 su·

1099 1804 1138 1832 17
1162 1802 1204 1832 Et
1219 1803 1395 1842 quandoque
1406 1796 1571 1842 potentior,
1584 1801 1653 1842 ξω]
1677 1801 1739 1832 Ille

1057 1860 1135 1881 vero
1152 1850 1274 1880 Paulus
1297 1850 1324 1880 si
1350 1850 1484 1890 quando
1506 1859 1566 1890 per
1593 1855 1699 1887 tuum,
1718 1860 1738 1881 ο

1056 1900 1184 1938 Venus,
1206 1898 1350 1929 favorem
1381 1898 1469 1938 apud
1501 1898 1639 1929 amicam
1663 1899 1738 1938 plns

322 1951 433 1988 perat,
454 1947 543 1987 quod
566 1947 638 1987 plns
661 1949 806 1978 trecenti
823 1958 865 1978 ex
888 1948 1002 1979 eadem

322 1996 386 2027 hac
414 1995 539 2026 familia
563 2005 626 2026 una
652 1996 706 2027 die
733 2006 792 2037 pro
819 1997 1005 2037 Republica

323 2045 530 2083 ceciderint;
553 2054 629 2076 cum
645 2046 708 2076 sibi
724 2047 797 2076 unis
812 2046 1005 2077 Veientium

323 2095 604 2134 expugnationem
615 2094 808 2126 demandari
819 2096 1007 2136 petiissent.

322 2141 426 2172 Ovid.
442 2143 532 2174 Fast.
543 2152 583 2175 11.
595 2146 668 2175 235.
689 2145 698 2161 ‘
711 2144 786 2174 Una
800 2144 871 2175 dies
883 2144 1005 2175 Fabios

324 2190 367 2221 ad
382 2191 504 2223 bellum
520 2193 654 2223 miserat
665 2201 792 2223 omnes·
814 2191 868 2223 Ad
884 2193 1005 2224 bellum

322 2240 439 2271 missos
455 2241 602 2280 perdidit
617 2251 684 2272 una
699 2242 794 2273 dies.5

366 2292 407 2320 14
429 2290 495 2320 Pro
516 2291 643 2321 solicitis
663 2301 724 2321 mm
745 2291 855 2322 tacitus
868 2290 943 2330 reis]
966 2290 1006 2321 In

324 2337 398 2370 foro
413 2347 500 2378 sese,
515 2348 556 2368 cx
579 2339 736 2370 laudabili
753 2339 911 2370 nobilium
928 2338 1005 2370 ado-

325 2387 521 2418 lescentium
553 2397 656 2427 more,
681 2398 842 2419 exercens
872 2388 1007 2428 agendis

324 2435 446 2474 causis,
458 2435 678 2467 defendendis
693 2437 771 2474 reis,
786 2437 829 2468 de
845 2437 951 2474 bonis,
965 2437 1007 2467 de

324 2483 396 2514 vita
410 2484 674 2523 periclitantibus
689 2486 838 2526 adeoque
849 2486 1005 2516 solicitis:

324 2530 452 2562 'diserte
469 2543 639 2573 perorans,
654 2534 748 2569 honis
765 2535 890 2566 artibus
905 2535 1007 2566 abun-

326 2579 370 2611 de
385 2580 577 2613 instructus.
636 2610 647 2615 ,

370 2632 412 2660 16
440 2629 519 2660 Late
545 2631 635 2669 signa
659 2631 743 2668 feret
771 2632 894 2663 militioe
928 2634 1005 2673 tuce]

326 2665 429 2711 bvid.
445 2679 518 2710 Art.
534 2679 609 2711 Am.
622 2689 662 2711 ιι.
674 2683 748 2712 233.
761 2682 771 2698 ‘
785 2681 914 2712 Militiae
932 2691 1008 2721 spe-

326 2728 396 2758 cies
407 2737 498 2758 amor
509 2733 595 2759 est..
606 2730 768 2768 ,saevique
779 2729 912 2761 labores
923 2731 1008 2760 Mol-

326 2777 411 2808 libus
427 2777 476 2808 his
492 2779 610 2808 castris
625 2782 659 2809 ot
674 2778 767 2809 dolor
782 2781 886 2810 omnis
898 2780 1009 2811 inest!

1058 1948 1210 1985 valuerit,
1220 1956 1317 1988 quam
1329 1957 1405 1978 suus
1418 1947 1532 1978 rivalis
1549 1947 1740 1978 muneribus

1056 2007 1221 2038 pugnanS‚
1246 2001 1315 2027 tum
1339 1997 1448 2037 eriget
1473 1996 1535 2028 tibi
1555 2000 1698 2028 statuam
1720 2000 1739 2027 e

1055 2055 1218 2077 marmore
1241 2046 1274 2076 in
1298 2046 1369 2077 aede
1392 2050 1584 2077 constructa
1603 2054 1622 2076 e
1640 2045 1739 2086 lignis

1057 2094 1221 2134 pretiosis,
1241 2096 1251 2111 ⁴
1267 2103 1374 2134 prope
1389 2094 1480 2125 lacus
1496 2092 1668 2135 Albanos,'
1683 2093 1740 2124 nbi

1058 2143 1184 2184 praedia
1198 2144 1254 2173 ille
1269 2143 1382 2173 habet.

1101 2195 1140 2223 19
1152 2191 1287 2223 Albanos
1299 2191 1397 2231 lacus]
1422 2191 1497 2222 Non
1515 2191 1628 2230 procul
1645 2194 1742 2221 erant

1058 2241 1140 2272 urbe
1167 2241 1272 2271 Roma
1297 2240 1428 2278 civitas,
1458 2248 1563 2278 mons,
1591 2243 1627 2270 et
1649 2239 1740 2270 lacus

1059 2289 1194 2321 Albani.
1229 2289 1301 2319 Cic.
1317 2287 1359 2318 de
1377 2287 1490 2318 Divin.
1507 2296 1533 2318 1.
1547 2289 1620 2318 10⁰.
1641 2288 1649 2304 ¹
1664 2287 1741 2318 Vei-

1059 2339 1130 2370 enti
1146 2338 1247 2376 beno,
1262 2347 1337 2368 cum
1347 2337 1438 2367 lacus
1454 2336 1603 2367 Albanus
1618 2340 1742 2376 praeter

1060 2387 1192 2417 modum
1205 2386 1377 2425 crevisset,
1385 2394 1581 2425 responsum
1589 2389 1654 2423 est,
1663 2385 1740 2415 dum

1059 2437 1086 2468 ia
1100 2438 1191 2468 lacus
1209 2435 1420 2470 redundaret,
1436 2436 1446 2452 ⁴
1459 2435 1486 2465 si
1503 2435 1535 2465 in
1551 2443 1642 2465 mare
1657 2433 1741 2466 fluit.-

1060 2486 1152 2524 isset,
1174 2486 1310 2516 Romam
1334 2484 1539 2524 perituram5
1560 2484 1588 2514 si
1611 2492 1742 2523 repres-

1059 2544 1114 2565 sus
1126 2538 1227 2572 esset,
1240 2533 1350 2564 Veios.
1372 2533 1456 2563 Inde
1467 2531 1671 2563 admirabilis
1684 2531 1741 2562 illa

1058 2582 1197 2613 Albanae
1213 2592 1307 2622 aquae
1323 2580 1413 2612 facta
1427 2580 1584 2611 deductio
1599 2579 1676 2611 est.’
1699 2581 1742 2610 Et

1058 2634 1100 2664 de
1118 2633 1229 2665 Divin.
1245 2641 1283 2663 ιι.
1299 2635 1351 2662 69.
1373 2634 1382 2648 ‘
1403 2631 1454 2662 Ad
1472 2630 1650 2662 utilitatem
1669 2630 1741 2669 agri

1057 2682 1240 2712 suburbani
1259 2681 1387 2711 Albana
1402 2689 1488 2720 aqua
1503 2679 1648 2710 deducta
1658 2677 1732 2710 ent:

1101 2734 1142 2761 20
1158 2730 1222 2761 Sub
1234 2730 1319 2760 trabe
1334 2729 1447 2768 Cypria
1463 2728 1589 2768 [citrea]
1608 2727 1742 2778 Duple‘x

1061 2779 1166 2811 citrus
1181 2780 1298 2810 arbor:
1315 2778 1420 2808 altera
1433 2776 1563 2808 humilis
1574 2780 1610 2807 et
1624 2774 1741 2806 frueti-
