1890 3256
637 297 914 329 SERMONUM
952 297 1047 328 mn.
1079 298 1130 329 11.
1163 289 1204 330 ’7.
1545 287 1658 331 1043

199 390 424 433 Praetereo
446 390 627 446 sapiens
647 396 880 444 argentea:
912 393 1018 434 tolle
1037 393 1264 447 periclum,

198 460 229 502 J
232 472 305 501 am
324 472 440 512 vaga
457 458 657 512 prosiliet
675 459 823 502 fraenis
839 464 998 503 natura
1017 461 1209 502 remotis.

198 526 327 568 Tune
348 525 454 568 mihi
473 525 696 576 dominus,
718 540 859 569 rerum
881 529 1080 582 imperiis
1099 527 1415 582 hominumque

198 593 286 637 Tot
304 594 527 647 tantisque
546 593 720 635 minor?
753 608 887 648 quem
909 600 975 637 ter
990 596 1190 638 vindicta
1210 599 1451 650 quaterque

198 662 421 716 Imposita
439 660 558 701 haud
580 674 774 715 unquam
795 663 957 704 misera
975 662 1206 705 formidine
1225 663 1397 717 privet?

203 728 330 771 Adde
350 740 495 782 super,
516 727 648 770 dictis
671 729 791 782 quod
811 743 894 770 non
915 729 1060 770 levius
1081 729 1231 771 valeat
1249 743 1260 781 ;
1291 742 1392 771 nam

198 795 303 836 Sive
326 794 516 836 vicarius
539 798 621 845 est,
641 796 716 849 qui
740 808 870 837 servo
891 798 1031 849 paret,
1048 795 1136 850 (uti
1156 807 1258 837 mos

196 862 358 904 Vester
378 859 480 915 ait,)
498 874 576 902 seu
601 874 874 913 conservus3
905 862 985 903 tibi
1008 861 1114 915 quid
1134 875 1232 903 sum
1254 863 1367 915 ego?
1397 874 1556 917 nempe
1601 863 1657 906 80

196 929 282 979 Tu,
301 927 408 970 mihi
430 929 505 983 qui
524 928 764 983 imperitas,
782 929 883 970 aliis
906 930 1047 970 servis
1069 929 1218 979 miser,
1240 933 1375 984 atque

195 995 388 1037 Duceris
407 999 458 1038 ut
476 997 624 1037 nervis
644 996 801 1038 alienis
823 996 986 1038 mobile
1006 996 1188 1048 lignum.

1602 529 1659 569 75

194 1121 295 1161 Aufer
318 1132 391 1154 vero
408 1122 592 1162 periculum,
605 1122 714 1154 statim
741 1122 858 1153 indoles
881 1122 983 1153 soluta
1005 1126 1143 1163 erumpet
1168 1123 1301 1155 sublatis
1315 1123 1446 1161 fraenis.
1492 1123 1573 1159 Quoe
1587 1133 1656 1155 cum

194 1165 242 1195 ita
255 1165 331 1204 sint,
346 1175 388 1196 an
402 1175 486 1197 meus
500 1175 534 1196 es
548 1165 651 1204 herus,
666 1167 701 1195 tu
715 1164 859 1196 subditus
879 1164 1052 1196 dominatui
1072 1169 1118 1196 tot
1141 1175 1245 1198 rerum
1260 1170 1352 1206 atque
1366 1165 1547 1197 hominum?
1568 1175 1657 1206 quem

194 1206 286 1246 virga
304 1207 458 1238 Praetoris
473 1211 522 1239 ter·
536 1210 591 1239 aut
606 1211 716 1250 quater
730 1207 852 1238 incussa
866 1216 928 1237 non
943 1217 1079 1247 unquam
1095 1208 1204 1240 liberet
1222 1210 1347 1240 molesto
1361 1211 1467 1239 metu?
1511 1208 1578 1239 His
1599 1209 1656 1239 ad-

184 1247 287 1288 junge
302 1251 383 1290 quod
397 1259 456 1282 non
472 1249 600 1281 minoris
614 1250 760 1281 momenti
773 1249 834 1281 sit:
858 1250 973 1280 etenim
988 1259 1043 1281 seu
1056 1250 1193 1282 vicarius
1207 1254 1255 1283 est
1275 1251 1329 1291 qui
1343 1260 1432 1282 servo
1445 1250 1561 1290 obedit,
1574 1250 1657 1281 sicut

193 1291 376 1324 institutum
390 1297 528 1324 vestrum
541 1294 643 1331 docet,
657 1292 722 1323 sive
739 1301 927 1328 conservum
949 1292 1023 1333 quid
1038 1302 1094 1332 ego
1108 1303 1177 1325 sum
1190 1303 1266 1334 erga
1281 1297 1332 1325 te?
1376 1293 1505 1325 Scilicet
1521 1295 1587 1334 ipse
1602 1292 1657 1333 qui

194 1334 273 1366 milti
284 1335 466 1376 «lvminaria,
475 1335 547 1367 aliis
561 1335 752 1376 obtemperas
767 1335 872 1374 miser,
886 1344 923 1366 ac
937 1336 1083 1376 moveris,
1102 1337 1280 1377 per-induc
1294 1337 1398 1376 lignea
1410 1336 1529 1380 effigies
1540 1335 1658 1367 viribus

796 1429 814 1440 e

980 1428 1040 1442 m

192 1499 235 1528 ⁷2
258 1494 357 1528 Harl.
373 1498 406 1528 2.
421 1498 452 1528 3.
468 1498 500 1527 4.
518 1499 554 1527 et
570 1495 650 1527 vet.
666 1495 785 1527 Comb.
799 1495 948 1526 ais.—-76
972 1495 1070 1527 Harl.
1088 1497 1120 1526 6.
1133 1497 1380 1536 φῶκαι-77
1405 1494 1503 1526 Harl.
1518 1497 1551 1526 2.
1567 1503 1654 1526 unus

193 1540 276 1571 Vat.
289 1543 326 1571 et
341 1547 426 1571 unus
441 1538 632 1574 chisianus,
645 1538 851 1578 privam—⁷8
868 1538 960 1571 Adde
976 1547 1070 1578 super
1086 1538 1221 1579 plurimi
1237 1547 1293 1578 ap.
1310 1539 1427 1575 Feam,
1444 1537 1544 1569 Gott.
1556 1537 1654 1569 Harl.

192 1584 270 1615 23.
284 1585 316 1613 4.
332 1580 366 1613 6.
389 1581 528 1623 antiqua
542 1590 660 1614 manus
684 1590 727 1612 ex
748 1581 815 1612 Ms.
843 1581 876 1612 in
901 1590 962 1611 ora
988 1580 1072 1612 edit.
1098 1580 1234 1612 Aldinae
1251 1583 1348 1613 1519.
1374 1581 1410 1612 in
1436 1580 1656 1612 Bibliotheca.

192 1624 372 1664 Angelum,
399 1624 454 1657 alii
483 1625 570 1656 Mss.
597 1622 687 1664 apud
720 1623 833 1655 Pulm.
858 1621 940 1654 edit.
966 1623 1055 1654 Ven.
1078 1625 1174 1654 1481.
1194 1626 1289 1654 1485.
1309 1625 1405 1654 1516.
1428 1621 1585 1654 restituit
1609 1630 1654 1653 ex

193 1666 280 1700 Mas.
294 1666 486 1706 Remmius,
502 1673 537 1697 et
554 1666 641 1697 bene
657 1665 849 1704 distinguit,
863 1666 941 1696 adde
955 1674 1064 1705 super,
1084 1665 1200 1696 dictis.-
1224 1670 1415 1705 sequuntur
1440 1664 1526 1695 Cun.
1550 1664 1654 1695 Baxt.

194 1707 273 1739 San.
290 1707 397 1739 Gesn.
413 1708 535 1740 Oberl.
552 1707 673 1740 Comb.
690 1706 827 1739 Wakef.
844 1708 953 1738 Zeun.
971 1706 1154 1747 Heindorf,
1168 1707 1274 1738 Kidd.
1291 1707 1372 1746 Fea,
1387 1707 1511 1745 Bothe,
1530 1705 1655 1743 Jaeek,

193 1756 230 1782 et
242 1749 398 1790 Doering.
434 1750 525 1781 Adde
550 1759 646 1792 supra
665 1750 774 1790 dictis,
801 1751 881 1790 quod
907 1749 987 1780 edd.
1013 1749 1118 1790 antiq.
1156 1750 1237 1789 quod
1258 1759 1319 1780 non
1342 1749 1445 1781 valeat
1461 1748 1558 1780 levius
1574 1749 1656 1780 Vat-

192 1795 376 1823 uuus.—79
395 1792 491 1824 Unus
507 1793 588 1823 Vat.
613 1802 632 1823 a
656 1802 698 1822 m.
721 1801 790 1823 sec.
814 1796 849 1823 ut
874 1795 921 1823 est
943 1794 1105 1822 moa—80
1129 1791 1271 1823 Plurimi
1289 1801 1343 1832 ap.
1362 1791 1478 1832 Feam,
1494 1800 1580 1822 unus
1597 1800 1654 1831 ap.

193 1834 298 1876 Cruq.
310 1839 347 1865 et
362 1835 486 1866 Venet.
502 1837 598 1866 1514.
613 1835 695 1874 quod
708 1837 774 1866 tum
789 1844 869 1874 ego;
888 1844 970 1865 unus
986 1834 1066 1866 Vat.
1082 1834 1136 1875 qui
1149 1844 1216 1865 sum
1231 1843 1313 1873 ego;
1330 1834 1419 1865 alter
1431 1834 1511 1866 Vat.
1526 1833 1580 1874 qui
1595 1834 1655 1864 sim

191 1878 347 1918 θεὼ-»82
369 1877 450 1910 Vat.
472 1886 570 1916 unus,
593 1877 732 1910 Ducen‘s
755 1877 789 1908 in
813 1886 932 1910 nervos.
967 1877 1086 1909 Donsa
1110 1876 1198 1918 conj.
1225 1876 1337 1908 mobile
1359 1876 1507 1917 signum;
1542 1880 1579 1907 et
1605 1876 1654 1907 sic

851 1971 994 2004 NOTAE

194 2037 284 2069 tinet
306 2036 397 2079 quod
421 2036 527 2068 Stoici
550 2038 625 2077 plus
647 2037 795 2068 animum
815 2046 894 2078 pec-

195 2086 295 2118 candi
311 2086 517 2126 spectabant
535 2097 634 2127 quam
650 2086 794 2118 factum.

237 2139 277 2168 ⁷5
304 2136 421 2167 Rerum
441 2135 580 2176 imperiis
604 2136 819 2176 hominumque
837 2136 897 2167 Tot

194 2185 352 2225 tantisque
378 2184 494 2225 minor]
533 2184 714 2216 obnoxius
750 2184 897 2225 libidini,

195 2236 321 2272 timori,
351 2235 539 2275 ambitioni,
562 2237 627 2267 &c.
653 2245 728 2276 quae
752 2245 770 2266 e
791 2235 894 2267 servi-

195 2290 270 2317 tute
282 2284 419 2316 Praetor
434 2285 583 2316 eximere
602 2289 635 2315 te
650 2294 716 2316 non
735 2285 837 2316 valet.

236 2337 279 2366 76
306 2334 471 2375 Vindicta]
495 2334 618 2366 Tribus
633 2334 742 2367 modis
754 2345 775 2366 a
789 2334 895 2366 servi-

193 2389 268 2419 tute
297 2385 536 2417 vindicabatur
568 2390 605 2418 et
635 2385 669 2416 in
698 2385 894 2418 libertatem

196 2436 411 2469 asserebatur
421 2445 552 2468 servus.
576 2439 608 2469 1.
622 2436 748 2468 Censu.
767 2439 798 2467 2.
809 2436 894 2467 Tes-

197 2490 362 2518 tameuto.
403 2489 435 2518 3.
453 2486 636 2526 Vindicta3
666 2495 790 2526 nempe
818 2495 893 2519 cum

199 2537 292 2577 virga
320 2536 428 2576 capiti
456 2538 546 2569 servi
578 2542 632 2569 ter
665 2537 800 2568 incussa
829 2537 895 2569 rite

198 2585 458 2617 manumittebat
470 2595 602 2620 servum
615 2587 762 2620 Praetor.
806 2587 895 2618 Vide

199 2635 298 2668 Pers.
313 2635 384 2668 Sat.
399 2644 434 2666 v.
450 2639 502 2668 88.
517 2637 573 2671 ubi
588 2638 636 2670 sic
645 2638 750 2670 habet
765 2649 773 2670 :
791 2639 799 2655 ‘
812 2638 895 2671 Vin-

200 2685 292 2717 dicta
307 2689 488 2727 postquam
506 2695 600 2719 meus
624 2697 644 2721 a
667 2688 825 2720 Praetore
843 2698 895 2720 re-

201 2733 314 2768 cessi-³

243 2787 283 2816 7⁷
312 2783 407 2817 Haud
433 2794 566 2826 unquam
593 2786 704 2820 misem
721 2788 895 2828 formidine

197 2834 314 2876 privet]
335 2835 495 2877 Corporis
520 2836 654 2878 quidem
677 2837 773 2873 dabit
793 2839 895 2873 liber-

949 2040 1071 2078 tatem,
1085 2040 1121 2068 at
1137 2036 1240 2068 animi
1253 2045 1482 2078 nequaquam.

992 2089 1035 2118 79
1062 2085 1222 2128 Victorius]
1240 2087 1338 2119 Inter
1354 2096 1468 2118 servos
1480 2090 1556 2119 erat
1567 2097 1654 2119 unus

951 2136 1156 2178 praecipuus,
1194 2142 1234 2169 ut
1270 2137 1452 2177 plurimum
1485 2137 1656 2178 atriensis,

951 2186 1152 2228 quibusdam
1170 2186 1387 2226 dispensator
1402 2187 1529 2219 dictus.
1585 2187 1654 2219 Hie

951 2236 1027 2268 aliis
1056 2237 1163 2268 servis
1187 2236 1414 2268 distribuebat
1433 2246 1476 2268 ex
1493 2246 1586 2269 more
1602 2237 1654 2268 di-

949 2295 1102 2317 mensum
1118 2286 1232 2318 cibum
1257 2290 1316 2318 aut
1339 2286 1568 2325 frumentum;
1593 2288 1653 2318 ha-

949 2336 1122 2378 bebatque
1136 2336 1170 2367 in
1193 2346 1252 2369 eos
1271 2338 1440 2379 quandam
1466 2337 1653 2370 auctorita-

948 2390 1029 2419 tem.
1081 2387 1217 2429 Reliqui
1234 2388 1322 2419 servi
1339 2387 1542 2418 dicebantur
1559 2386 1651 2418 vica-

947 2436 1003 2477 rii,
1019 2446 1076 2468 seu
1093 2437 1250 2469 conservi
1265 2447 1274 2468 ε
1297 2444 1510 2468 communem
1524 2435 1653 2466 etenim

947 2486 1122 2519 habebant
1137 2486 1322 2518 dominum.

990 2540 1033 2568 82
1058 2538 1194 2569 Duceris
1217 2540 1253 2567 ut
1270 2535 1375 2567 nervis
1400 2534 1514 2567 alienis
1539 2534 1651 2567 mobile

946 2586 1083 2627 lignum]
1099 2587 1165 2623 Tu,
1179 2587 1237 2627 qui
1255 2595 1349 2617 meus
1365 2595 1402 2619 es
1418 2585 1587 2627 dominus,
1601 2584 1651 2629 af-

948 2636 1100 2669 fectuum
1115 2646 1154 2668 ac
1170 2637 1330 2670 vitiorum
1342 2645 1459 2668 servus
1470 2645 1528 2675 es;
1546 2640 1650 2678 atque

948 2687 991 2719 ab
1008 2687 1055 2719 eis
1072 2686 1216 2723 duceris,
1234 2686 1376 2727 perinde
1393 2696 1433 2719 ac
1453 2687 1650 2728 imaguncu-

947 2739 990 2770 1ae
1017 2738 1139 2779 ligneae
1168 2738 1270 2770 certis
1300 2738 1412 2770 nervis
1440 2742 1476 2770 et
1500 2737 1649 2770 fidiculis

947 2792 1066 2827 motae,
1082 2797 1144 2829 per
1160 2797 1196 2820 se
1213 2787 1371 2820 videntur
1381 2787 1650 2829 moveri,caput,

948 2838 1098 2876 brachia,
1115 2838 1222 2880 pedes
1242 2839 1387 2879 agitare,
1410 2839 1526 2871 oculos
1542 2838 1646 2870 etiam
