1956 3236
356 258 437 300 820
813 275 858 311 Q.
891 272 1093 302 HORATH
1128 271 1294 301 FLAccl

399 360 524 401 scripta
539 370 612 392 mea
626 361 758 401 publice
776 365 940 401 prostant,
951 370 1014 391 nec
1029 369 1092 400 ego
1106 361 1229 400 ea,nisi
1244 361 1354 393 amicis
1367 361 1466 402 idque
1481 365 1628 399 coactus,
1640 365 1763 398 recitox

397 412 453 442 alii
469 421 547 443 vero
562 414 595 443 in
611 413 681 443 foro
698 421 756 442 sua
779 412 921 442 recitent
942 417 977 442 et
999 412 1031 442 iu
1046 412 1187 451 balneis,
1201 421 1265 444 non
1280 422 1358 471 ²5⁰²
1383 422 1443 444 nec
1471 414 1598 453 gaudeo
1613 415 1694 446 alios
1710 416 1766 447 lae-

396 462 490 502 dere,
505 468 541 493 ut
562 463 806 493 obtrectatores
821 462 1077 493 calumniantur.
1120 463 1279 494 Detestor
1302 469 1413 501 istum,
1427 465 1482 505 qni
1498 465 1669 497 absentem
1684 467 1768 498 ami-

396 523 471 544 cum
494 514 675 549 obtrectat,
698 513 864 551 culpatum
888 521 951 542 non
974 512 1138 551 defendit,
1160 514 1307 545 dicteriis
1328 521 1443 555 captat
1465 516 1631 547 hominnm
1653 517 1767 554 risum,

396 564 533 594 crimina
548 564 628 593 falsa
652 562 759 602 tingit,
775 572 895 594 arcana
911 564 1033 603 prodit,
1047 565 1106 595 sub
1123 565 1236 605 specie
1259 567 1412 598 amicitiae
1429 567 1694 598 malevolentiam
1717 571 1767 597 te-

396 615 457 654 git.
502 613 672 653 Ejusmodi
694 614 942 653 improbitatem
959 615 999 646 ab
1015 617 1124 647 animo
1146 626 1219 648 meo
1234 621 1270 648 et
1285 617 1420 658 scriptis
1443 617 1558 648 abfore
1581 617 1766 649 certissime

396 665 565 705 promitto.
608 665 731 694 Verum
748 664 775 694 si
793 665 870 704 qnid
894 665 1032 697 liberius
1048 671 1084 698 et
1106 666 1192 699 forte
1208 669 1355 708 jocosins
1369 669 1498 706 dixero,
1519 668 1595 699 mihi
1617 668 1767 708 ignosca-

395 721 459 747 tur.
502 715 555 746 Ad
572 715 654 746 vitia
679 714 837 756 fugienda
860 721 895 747 et
921 721 1015 748 recte
1032 719 1134 749 vitam
1161 719 1395 750 instituendam
1422 721 1566 759 optimus
1592 723 1688 759 pater
1712 727 1766 750 me

389 766 663 806 jhssitiuspicere
685 767 838 808 exempla
857 767 1080 807 improborum
1095 773 1130 799 et
1153 769 1343 810 proborum.
1385 770 1495 810 Igitur
1510 771 1591 801 vitia
1613 770 1766 809 aliorum,

394 827 435 848 ne
450 818 519 858 ipse
542 818 746 850 committam
769 819 845 849 olim
871 819 1076 859 imprudens,
1091 821 1160 852 otio
1183 831 1350 862 concesso,
1364 822 1469 853 literis
1491 822 1620 854 mando.
1665 821 1765 855 Quod

395 869 458 899 nisi
472 869 550 900 mihi
573 870 758 901 concedere
775 869 869 909 velis,
891 870 988 910 copia
1005 870 1182 902 Poetarum
1205 872 1284 903 mihi
1299 873 1361 903 erit
1377 873 1509 911 auxilio,
1523 877 1558 903 et
1574 877 1607 903 te
1621 872 1662 904 ad
1679 873 1764 903 hanc

393 924 542 952 nostram
558 922 772 960 sententiam,
786 921 911 952 Satiras
934 931 1007 952 esse
1031 922 1235 963 scribendas,
1248 933 1416 964 cogemus,
1431 923 1705 964 quemadmodum
1721 923 1764 956 ad

394 981 469 1002 suas
485 973 690 1004 caerimonias
705 973 953 1014 amplectendas
967 975 1171 1014 compellunt
1186 975 1266 1006 alios
1279 975 1301 1007 J
1305 975 1402 1006 ndaei.

354 1055 584 1106 EUPOLJS,
604 1059 731 1108 atque
753 1055 969 1103 Cratinus,
989 1054 1409 1108 Aristophanesque,
1430 1056 1597 1105 Poetae,

395 1157 536 1196 Eupolis,
553 1156 712 1194 Cratinus,
733 1159 762 1187 et
784 1155 1017 1196 Aristophanes,
1029 1156 1142 1196 aliique
1165 1157 1277 1188 veteris
1301 1157 1451 1188 comoediae
1466 1160 1616 1197 auctores,
1630 1158 1658 1188 si
1679 1157 1760 1198 quis-

941 1248 1074 1260 ONOOOO
1078 1249 1173 1261 ‘0000

395 1311 506 1342 Satira
517 1311 623 1351 prima
638 1311 731 1342 Libri
754 1311 894 1341 secundi
911 1311 944 1341 in
961 1311 1014 1342 ed.
1030 1312 1152 1343 Sanad.
1197 1312 1237 1343 In
1253 1311 1448 1352 quibusdam
1464 1315 1548 1342 vett.
1572 1310 1767 1343 inscribitur

986 1404 1128 1436 NOTAE

395 1468 411 1496 1
437 1467 572 1507 Eupolis,
588 1464 656 1506 asa]
678 1466 718 1496 In
739 1466 800 1497 hac
817 1466 926 1496 Satira
941 1466 1033 1506 iuge-

354 1515 447 1544 niose
477 1514 631 1545 defendit
660 1524 694 1544 se
726 1514 888 1544 Horatius
917 1520 1034 1545 contra

352 1563 545 1602 malevolos,
567 1563 623 1602 qui
643 1563 750 1600 ipsum
771 1566 807 1592 et
828 1562 924 1592 nimis
947 1571 1033 1593 mor·

354 1610 482 1648 dacem,
511 1615 547 1640 et
575 1609 702 1640 Lucilio
739 1608 932 1640 inferiorem
967 1611 1033 1641 aie·

354 1657 446 1688 bant.

395 1705 534 1745 Eupolis,
545 1705 944 1745 Cratinus‚Aristophanes]
955 1706 1034 1737 Tres

350 1755 407 1785 isti
422 1754 540 1784 Poe'tae
553 1754 669 1785 eadem
682 1759 782 1785 aetate
798 1755 964 1790 vixerunt,
978 1764 1034 1786 311-

352 1804 403 1834 nis
426 1808 503 1833 ante
528 1803 693 1834 Christum
716 1804 851 1834 circiter
875 1803 1032 1843 quadrin-

353 1851 471 1889 gentis.
515 1851 670 1881 Cratinus
695 1851 824 1881 senior:
850 1855 924 1890 post
946 1851 1031 1882 hunc

355 1899 505 1939 Eupolis,
529 1899 601 1938 ejus
621 1900 743 1939 stylum
766 1899 944 1937 diligenter
959 1899 1031 1929 imi·

353 1950 464 1978 tatus:
487 1947 636 1986 sequitur
649 1946 906 1986 Aristophanes;
932 1955 1030 1986 quem

352 1996 452 2026 Plato
467 1995 609 2025 medinm
622 1994 793 2025 interillos
805 1994 898 2029 dicit,
911 2002 1031 2034 nempe

353 2044 488 2076 Cratino
500 2052 594 2084 aeque
607 2043 847 2082 vehementem,
861 2042 966 2072 minus
982 2047 1031 2073 ta·

353 2101 429 2122 men
458 2092 624 2126 acerbum,
649 2090 822 2130 Eupolidis
844 2094 954 2121 autem
979 2099 1032 2120 ur-

354 2140 538 2171 banitatem
553 2144 754 2171 assecutum.
776 2139 902 2170 Horum
918 2139 1031 2170 memi-

353 2189 404 2220 nit
420 2188 506 2220 Vell.
531 2189 665 2219 Patere.
688 2188 745 2219 lib.
758 2196 782 2218 1.
805 2189 814 2204 ⁴
832 2187 914 2219 Quis
929 2187 1030 2218 abun—

353 2237 419 2277 de,'
435 2238 555 2278 inquit,
571 2238 579 2254 ‘
594 2238 704 2268 mirari
717 2241 837 2277 potest,
848 2236 937 2277 qnod
953 2236 1032 2267 emi-

353 2286 545 2316 nentissima
569 2286 723 2326 cujusque
753 2284 962 2325 professionis
983 2284 1031 2315 in-

355 2333 451 2372 genia
473 2335 505 2364 in
531 2334 618 2364 idem
642 2333 764 2364 arctati
787 2333 944 2373 temporis
959 2342 1033 2372 spa-

355 2382 436 2413 tium
449 2387 691 2422 congregantur
707 2405 715 2414 .
727 2405 735 2413 .
750 2404 758 2413 .
776 2403 784 2412 .
799 2391 864 2412 una
876 2390 938 2411 nec
951 2382 1032 2411 111111-

355 2435 463 2462 torum
475 2440 634 2462 annorum
649 2431 821 2462 intervallo
832 2429 940 2460 divisa
951 2433 1031 2460 aetas

357 2491 417 2520 per
433 2480 534 2510 divini
557 2480 695 2520 spiritns
720 2479 808 2509 viros
832 2478 1032 2518 AEschylnm‚

356 2528 565 2568 Sophoclem,
578 2527 767 2568 Euripidem
778 2526 956 2557 illustravit
968 2529 1034 2556 tra-

356 2576 500 2615 goedias:
524 2585 590 2608 una
605 2576 746 2616 priscam
761 2575 851 2606 illam
875 2574 934 2604 sub
955 2574 1033 2605 Cra-

355 2624 436 2658 tino.
451 2624 683 2664 Aristophane,
694 2627 729 2655 et
739 2622 901 2663 Eupolide
915 2631 1033 2653 comoe-

357 2671 467 2702 diam:
492 2681 530 2702 ac
554 2681 670 2703 novam
689 2671 904 2709 Menandrus,
928 2666 1032 2710 aequa-

355 2719 470 2760 lesque
496 2720 591 2759 ejus,'
617 2722 680 2752 διε.
709 2719 777 2752 Jul.
806 2719 936 2758 Pollux,
958 2717 1031 2748 Ma-

1085 1467 1176 1499 crob.
1192 1467 1360 1498 Plutarch.
1378 1466 1495 1497 Athen.

1130 1515 1292 1555 Cratinus]
1314 1515 1348 1546 Is
1365 1514 1504 1546 Athenis
1520 1512 1689 1552 oriundus,
1704 1513 1766 1544 ibi·

1085 1563 1160 1594 dem
1188 1564 1311 1604 primus
1337 1563 1500 1593 satin-icam
1523 1561 1667 1592 fabulam
1690 1570 1765 1600 pro-

1087 1611 1181 1642 duxit
1190 1612 1222 1642 in
1235 1611 1405 1650 Dionysiis
1419 1621 1427 1639 ε
1449 1609 1674 1640 bibacissimus
1686 1607 1765 1648 suit3

1086 1659 1128 1689 sd
1157 1667 1277 1689 annum
1307 1658 1520 1690 centesimum
1557 1657 1657 1688 vitam
1690 1666 1766 1697 pro·

1086 1708 1200 1738 traxit.
1391 1726 1395 1730 ·

1129 1755 1271 1795 Eupolis]
1287 1754 1428 1786 Fabulae
1443 1762 1502 1784 seu
1515 1751 1692 1784 comoedias
1708 1752 1764 1783 ille

1086 1803 1322 1842 septemdecim
1339 1802 1486 1841 scripsit.
1498 1810 1540 1831 ex
1553 1800 1671 1841 quibus
1686 1809 1761 1840 sep-

1085 1854 1150 1881 tem
1165 1851 1194 1881 ei
1211 1851 1380 1881 victoriam
1398 1852 1613 1887 pepererunt.
1650 1847 1765 1878 Nomi·

1083 1903 1224 1929 uantur:
1248 1899 1382 1938 Caprae,
1398 1898 1571 1933 Desertor,
1586 1898 1648 1927 διο.
1681 1896 1765 1927 Per-

1083 1947 1123 1977 iit
1152 1947 1187 1977 in
1206 1947 1314 1977 navali
1339 1945 1452 1986 praelio
1474 1944 1561 1985 quod
1584 1943 1765 1975 Athenien-

1082 2004 1133 2026 ses
1157 1995 1316 2026 adversus
1338 1992 1610 2025 Lacedaemonios
1631 1994 1765 2024 commi-

1081 2046 1195 2073 serunt
1205 2043 1305 2082 juxta
1321 2042 1588 2081 Hellespontum.
1619 2040 1700 2081 Ejus
1716 2041 1765 2072 in-

1081 2091 1217 2122 teritum
1233 2090 1316 2122 adeo
1333 2091 1490 2121 luxerunt
1514 2089 1564 2120 sui
1586 2089 1764 2128 populares

1081 2144 1118 2169 ut
1133 2139 1232 2170 etiam
1248 2138 1415 2169 edixerint
1436 2147 1478 2168 ne
1505 2137 1662 2176 deinceps
1677 2137 1762 2167 ullus

1082 2185 1189 2217 Poeta
1200 2187 1370 2217 militaret.
1391 2186 1520 2219 Suidas.
1535 2184 1687 2215 Macrob.
1701 2184 1762 2214 Sa-

1084 2234 1205 2265 turnal.
1227 2242 1291 2264 vu.
1315 2237 1347 2263 5.
1383 2237 1391 2251 ·
1408 2233 1516 2264 Notus
1537 2236 1589 2262 est
1610 2231 1762 2262 omnibus

1084 2280 1221 2322 Eupolis
1237 2281 1323 2312 inter
1334 2281 1506 2320 elegantes
1520 2277 1689 2310 habendus
1705 2287 1762 2309 ve-

1085 2331 1164 2362 teris
1179 2328 1357 2361 Comoediae
1371 2328 1518 2359 Poetas!

1125 2377 1359 2417 Aristophanes]
1383 2376 1423 2406 In
1439 2375 1536 2414 hujus
1558 2374 1661 2405 corde
1677 2378 1760 2405 tem-

1084 2427 1172 2467 plum
1189 2425 1252 2456 sibi
1261 2424 1421 2456 struxisse
1430 2423 1575 2462 Gratias,
1589 2423 1636 2453 ait
1651 2423 1761 2454 Plato.

1084 2475 1118 2505 ls
1135 2473 1255 2514 quippe
1271 2472 1404 2503 Atticos
1418 2471 1548 2510 lepores
1565 2479 1690 2500 summe
1705 2479 1762 2500 ex-

1085 2523 1188 2553 coluit
1207 2520 1402 2560 extulitque.
1446 2518 1630 2549 Dubitatur
1645 2517 1761 2549 nihilo-

1085 2571 1189 2602 minus
1206 2579 1246 2600 an
1260 2568 1364 2600 fuerit
1381 2567 1606 2606 Atheniensis,
1619 2576 1659 2597 311
1674 2567 1762 2598 Rho-

1085 2620 1170 2656 dius,
1187 2627 1228 2648 an
1244 2617 1499 2658 AEgyptins,&c.
1534 2615 1676 2646 Fabulae
1691 2614 1760 2646 edi-

1085 2667 1135 2698 dit
1147 2671 1288 2707 quatuor
1303 2671 1338 2696 et
1347 2663 1597 2706 quinquaginta,
1608 2673 1627 2694 e
1642 2663 1759 2705 quibus

1084 2721 1260 2757 supersunt
1288 2714 1381 2746 nobis
1410 2713 1586 2745 undecim:
1616 2722 1637 2745 3
1657 2710 1760 2745 strido.
