<?xml version="1.0" encoding="UTF-8"?>
<!DOCTYPE html PUBLIC "-//W3C//DTD XHTML 1.0 Transitional//EN"
    "http://www.w3.org/TR/xhtml1/DTD/xhtml1-transitional.dtd">
<html xmlns="http://www.w3.org/1999/xhtml" xml:lang="en" lang="en">
 <head>
  <title>
</title>
<meta http-equiv="Content-Type" content="text/html;charset=utf-8" />
  <meta name='ocr-system' content='tesseract 3.04.00' />
  <meta name='ocr-capabilities' content='ocr_page ocr_carea ocr_par ocr_line ocrx_word'/>
</head>
<body>
  <div class='ocr_page' id='page_1' title='image "./operazeune02horauoft_0127.png"; bbox 0 0 1904 3256; ppageno 0'>
   <div class='ocr_carea' id='block_1_1' title="bbox 676 275 1595 320">
    <p class='ocr_par' dir='ltr' id='par_1_1' title="bbox 676 275 1595 320">
     <span class='ocr_line' id='line_1_1' title="bbox 676 275 1595 320; baseline -0.003 -2"><span class='ocrx_word' id='word_1_1' title='bbox 676 288 864 320; x_wconf 78' lang='lat' dir='ltr'><strong>EPoDoN</strong></span> <span class='ocrx_word' id='word_1_2' title='bbox 902 287 1065 318; x_wconf 68' lang='lat' dir='ltr'><strong>maun.</strong></span> <span class='ocrx_word' id='word_1_3' title='bbox 1509 275 1595 316; x_wconf 91' lang='grc'><strong>667</strong></span> 
     </span>
    </p>
   </div>
   <div class='ocr_carea' id='block_1_2' title="bbox 375 381 1343 438">
    <p class='ocr_par' dir='ltr' id='par_1_2' title="bbox 375 381 1343 438">
     <span class='ocr_line' id='line_1_2' title="bbox 375 381 1343 438; baseline -0.004 -13"><span class='ocrx_word' id='word_1_4' title='bbox 375 383 543 425; x_wconf 84' lang='lat' dir='ltr'><strong>Contra</strong></span> <span class='ocrx_word' id='word_1_5' title='bbox 558 383 755 425; x_wconf 83' lang='lat' dir='ltr'><strong>latrones</strong></span> <span class='ocrx_word' id='word_1_6' title='bbox 776 388 907 438; x_wconf 83' lang='lat' dir='ltr'><strong>atque</strong></span> <span class='ocrx_word' id='word_1_7' title='bbox 928 381 1132 424; x_wconf 86' lang='lat' dir='ltr'><strong>servilem</strong></span> <span class='ocrx_word' id='word_1_8' title='bbox 1151 392 1343 429; x_wconf 83' lang='lat' dir='ltr'><strong>manum,</strong></span> 
     </span>
    </p>
   </div>
   <div class='ocr_carea' id='block_1_3' title="bbox 144 444 1596 626">
    <p class='ocr_par' dir='ltr' id='par_1_3' title="bbox 144 444 1596 626">
     <span class='ocr_line' id='line_1_3' title="bbox 430 444 1596 500; baseline -0.006 -8"><span class='ocrx_word' id='word_1_9' title='bbox 430 451 552 500; x_wconf 91' lang='lat' dir='ltr'><strong>Hoc,</strong></span> <span class='ocrx_word' id='word_1_10' title='bbox 570 450 655 491; x_wconf 88' lang='lat' dir='ltr'><strong>hoc</strong></span> <span class='ocrx_word' id='word_1_11' title='bbox 672 451 845 493; x_wconf 87' lang='lat' dir='ltr'><strong>tribuno</strong></span> <span class='ocrx_word' id='word_1_12' title='bbox 866 450 1083 492; x_wconf 75' lang='lat' dir='ltr'><strong>militum?</strong></span> <span class='ocrx_word' id='word_1_13' title='bbox 1539 444 1596 485; x_wconf 76' lang='lat'><strong>20</strong></span> 
     </span>
     <span class='ocr_line' id='line_1_4' title="bbox 144 539 1595 626; baseline -0.005 -46"><span class='ocrx_word' id='word_1_14' title='bbox 144 544 367 626; x_wconf 42' lang='lat' dir='ltr'><strong>{magud-&#39;1:713</strong></span> <span class='ocrx_word' id='word_1_15' title='bbox 374 546 474 620; x_wconf 50' lang='lat' dir='ltr'><strong>dg&#39;rigi</strong></span> <span class='ocrx_word' id='word_1_16' title='bbox 482 547 630 579; x_wconf 81' lang='lat' dir='ltr'><strong>adversus</strong></span> <span class='ocrx_word' id='word_1_17' title='bbox 642 547 804 588; x_wconf 80' lang='lat' dir='ltr'><strong>proedones</strong></span> <span class='ocrx_word' id='word_1_18' title='bbox 818 552 849 580; x_wconf 83' lang='lat' dir='ltr'><strong>et</strong></span> <span class='ocrx_word' id='word_1_19' title='bbox 864 557 1022 580; x_wconf 73' lang='lat' dir='ltr'><strong>sen-orum</strong></span> <span class='ocrx_word' id='word_1_20' title='bbox 1039 549 1169 585; x_wconf 78' lang='lat' dir='ltr'><strong>turmas,</strong></span> <span class='ocrx_word' id='word_1_21' title='bbox 1189 544 1264 585; x_wconf 72' lang='lat' dir='ltr'><strong>isto,</strong></span> <span class='ocrx_word' id='word_1_22' title='bbox 1280 542 1353 584; x_wconf 75' lang='lat' dir='ltr'><strong>isto,</strong></span> <span class='ocrx_word' id='word_1_23' title='bbox 1363 541 1500 583; x_wconf 78' lang='lat' dir='ltr'><strong>inquam,</strong></span> <span class='ocrx_word' id='word_1_24' title='bbox 1513 539 1595 570; x_wconf 75' lang='lat' dir='ltr'><strong>mili-</strong></span> 
     </span>
     <span class='ocr_line' id='line_1_5' title="bbox 160 595 384 620; baseline 0.013 -3"><span class='ocrx_word' id='word_1_25' title='bbox 160 595 211 617; x_wconf 84' lang='lat' dir='ltr'><strong>um</strong></span> <span class='ocrx_word' id='word_1_26' title='bbox 259 596 302 619; x_wconf 78' lang='lat' dir='ltr'><strong>ra·</strong></span> <span class='ocrx_word' id='word_1_27' title='bbox 317 598 350 620; x_wconf 85' lang='lat' dir='ltr'><strong>ec</strong></span> <span class='ocrx_word' id='word_1_28' title='bbox 367 599 384 619; x_wconf 87' lang='grc' dir='ltr'><em>ο</em></span> 
     </span>
    </p>
   </div>
   <div class='ocr_carea' id='block_1_4' title="bbox 752 641 988 654">
    <p class='ocr_par' dir='ltr' id='par_1_4' title="bbox 752 641 988 654">
     <span class='ocr_line' id='line_1_6' title="bbox 752 641 988 654; baseline 0 -1"><span class='ocrx_word' id='word_1_29' title='bbox 752 641 988 654; x_wconf 62' lang='lat' dir='ltr'><strong>eeeeeeeeeeee</strong></span> 
     </span>
    </p>
   </div>
   <div class='ocr_carea' id='block_1_5' title="bbox 141 698 1600 1128">
    <p class='ocr_par' dir='ltr' id='par_1_5' title="bbox 141 698 1600 1128">
     <span class='ocr_line' id='line_1_7' title="bbox 144 698 1598 746; baseline -0.003 -13"><span class='ocrx_word' id='word_1_30' title='bbox 144 701 360 735; x_wconf 83' lang='lat' dir='ltr'><strong>Eustathium</strong></span> <span class='ocrx_word' id='word_1_31' title='bbox 378 703 420 736; x_wconf 84' lang='lat' dir='ltr'><strong>ad</strong></span> <span class='ocrx_word' id='word_1_32' title='bbox 436 704 479 736; x_wconf 88' lang='lat' dir='ltr'><strong>Il.</strong></span> <span class='ocrx_word' id='word_1_33' title='bbox 494 705 536 736; x_wconf 88' lang='grc' dir='ltr'><strong>Β.</strong></span> <span class='ocrx_word' id='word_1_34' title='bbox 551 714 584 746; x_wconf 86' lang='lat' dir='ltr'><strong>p.</strong></span> <span class='ocrx_word' id='word_1_35' title='bbox 600 707 676 736; x_wconf 82' lang='lat'><strong>656.</strong></span> <span class='ocrx_word' id='word_1_36' title='bbox 701 708 784 736; x_wconf 86' lang='lat' dir='ltr'><strong>tom.</strong></span> <span class='ocrx_word' id='word_1_37' title='bbox 800 712 843 736; x_wconf 85' lang='lat'><strong>11.</strong></span> <span class='ocrx_word' id='word_1_38' title='bbox 868 703 923 734; x_wconf 86' lang='lat' dir='ltr'><strong>ed.</strong></span> <span class='ocrx_word' id='word_1_39' title='bbox 949 703 1056 735; x_wconf 85' lang='lat' dir='ltr'><strong>Polit.</strong></span> <span class='ocrx_word' id='word_1_40' title='bbox 1103 703 1148 733; x_wconf 90' lang='lat' dir='ltr'><strong>Et</strong></span> <span class='ocrx_word' id='word_1_41' title='bbox 1163 699 1447 744; x_wconf 83' lang='lat' dir='ltr'>quemadmodum</span> <span class='ocrx_word' id='word_1_42' title='bbox 1472 698 1598 739; x_wconf 75' lang='grc' dir='ltr'><strong><em>παρειὰς</em></strong></span> 
     </span>
     <span class='ocr_line' id='line_1_8' title="bbox 143 741 1597 791; baseline -0.002 -16"><span class='ocrx_word' id='word_1_43' title='bbox 143 744 297 777; x_wconf 84' lang='lat' dir='ltr'><strong>tribuunt</strong></span> <span class='ocrx_word' id='word_1_44' title='bbox 311 747 464 786; x_wconf 80' lang='lat' dir='ltr'><strong>navibus,</strong></span> <span class='ocrx_word' id='word_1_45' title='bbox 478 757 555 788; x_wconf 88' lang='lat' dir='ltr'><strong>quae</strong></span> <span class='ocrx_word' id='word_1_46' title='bbox 570 745 777 787; x_wconf 76' lang='grc' dir='ltr'>μιλτοπάρῃοι</span> <span class='ocrx_word' id='word_1_47' title='bbox 791 747 964 784; x_wconf 83' lang='lat' dir='ltr'><strong>dicuntur,</strong></span> <span class='ocrx_word' id='word_1_48' title='bbox 979 746 1028 776; x_wconf 85' lang='lat' dir='ltr'><strong>ita</strong></span> <span class='ocrx_word' id='word_1_49' title='bbox 1044 748 1080 776; x_wconf 86' lang='lat' dir='ltr'><strong>et</strong></span> <span class='ocrx_word' id='word_1_50' title='bbox 1098 746 1171 784; x_wconf 89' lang='lat' dir='ltr'><strong>jam</strong></span> <span class='ocrx_word' id='word_1_51' title='bbox 1188 743 1332 783; x_wconf 82' lang='grc' dir='ltr'>στόματα</span> <span class='ocrx_word' id='word_1_52' title='bbox 1347 743 1387 774; x_wconf 89' lang='lat' dir='ltr'><strong>iis</strong></span> <span class='ocrx_word' id='word_1_53' title='bbox 1401 741 1597 791; x_wconf 72' lang='lat' dir='ltr'><strong>tribuipos-</strong></span> 
     </span>
     <span class='ocr_line' id='line_1_9' title="bbox 143 783 1597 831; baseline -0.002 -14"><span class='ocrx_word' id='word_1_54' title='bbox 143 795 181 817; x_wconf 89' lang='lat' dir='ltr'><strong>se</strong></span> <span class='ocrx_word' id='word_1_55' title='bbox 196 792 290 827; x_wconf 82' lang='lat' dir='ltr'><strong>puto.</strong></span> <span class='ocrx_word' id='word_1_56' title='bbox 333 789 417 821; x_wconf 85' lang='lat' dir='ltr'><strong>Quis</strong></span> <span class='ocrx_word' id='word_1_57' title='bbox 434 799 513 821; x_wconf 87' lang='lat' dir='ltr'><strong>vero</strong></span> <span class='ocrx_word' id='word_1_58' title='bbox 530 790 651 827; x_wconf 77' lang='lat' dir='ltr'><strong>nescit,</strong></span> <span class='ocrx_word' id='word_1_59' title='bbox 666 800 766 831; x_wconf 86' lang='lat' dir='ltr'><strong>quam</strong></span> <span class='ocrx_word' id='word_1_60' title='bbox 780 798 872 828; x_wconf 79' lang='lat' dir='ltr'><strong>saepe</strong></span> <span class='ocrx_word' id='word_1_61' title='bbox 888 794 923 819; x_wconf 89' lang='lat' dir='ltr'><strong>et</strong></span> <span class='ocrx_word' id='word_1_62' title='bbox 937 788 1095 819; x_wconf 81' lang='lat' dir='ltr'>lubenter</span> <span class='ocrx_word' id='word_1_63' title='bbox 1109 792 1243 819; x_wconf 77' lang='lat' dir='ltr'><strong>veteres</strong></span> <span class='ocrx_word' id='word_1_64' title='bbox 1260 791 1374 827; x_wconf 82' lang='lat' dir='ltr'><strong>partes</strong></span> <span class='ocrx_word' id='word_1_65' title='bbox 1389 793 1538 826; x_wconf 80' lang='lat' dir='ltr'><strong>corporis</strong></span> <span class='ocrx_word' id='word_1_66' title='bbox 1553 783 1597 814; x_wconf 84' lang='lat' dir='ltr'><strong>ad</strong></span> 
     </span>
     <span class='ocr_line' id='line_1_10' title="bbox 143 829 1597 872; baseline -0.001 -13"><span class='ocrx_word' id='word_1_67' title='bbox 143 829 208 860; x_wconf 83' lang='lat' dir='ltr'><strong>alia</strong></span> <span class='ocrx_word' id='word_1_68' title='bbox 224 831 485 863; x_wconf 74' lang='lat' dir='ltr'><strong>transtulerint?</strong></span> <span class='ocrx_word' id='word_1_69' title='bbox 520 832 594 863; x_wconf 86' lang='lat' dir='ltr'><strong>Nec</strong></span> <span class='ocrx_word' id='word_1_70' title='bbox 611 836 690 863; x_wconf 82' lang='lat' dir='ltr'><strong>sunt</strong></span> <span class='ocrx_word' id='word_1_71' title='bbox 704 841 759 862; x_wconf 79' lang='lat' dir='ltr'><strong>ora</strong></span> <span class='ocrx_word' id='word_1_72' title='bbox 779 833 934 868; x_wconf 80' lang='lat' dir='ltr'><strong>rostrata‚&#39;</strong></span> <span class='ocrx_word' id='word_1_73' title='bbox 946 830 1032 872; x_wconf 87' lang='lat' dir='ltr'><strong>quod</strong></span> <span class='ocrx_word' id='word_1_74' title='bbox 1049 830 1167 862; x_wconf 75' lang='lat' dir='ltr'><strong>sones.</strong></span> <span class='ocrx_word' id='word_1_75' title='bbox 1182 835 1218 861; x_wconf 92' lang='lat' dir='ltr'><strong>et</strong></span> <span class='ocrx_word' id='word_1_76' title='bbox 1234 829 1446 860; x_wconf 85' lang='lat' dir='ltr'><strong>Sanadonins</strong></span> <span class='ocrx_word' id='word_1_77' title='bbox 1486 832 1597 866; x_wconf 87' lang='lat' dir='ltr'><strong>utant,</strong></span> 
     </span>
     <span class='ocr_line' id='line_1_11' title="bbox 141 870 1600 915; baseline -0.001 -13"><span class='ocrx_word' id='word_1_78' title='bbox 141 873 280 903; x_wconf 83' lang='lat' dir='ltr'><strong>‘rostra</strong></span> <span class='ocrx_word' id='word_1_79' title='bbox 298 879 446 906; x_wconf 83' lang='lat' dir='ltr'><strong>rostrata</strong></span> <span class='ocrx_word' id='word_1_80' title='bbox 457 874 478 906; x_wconf 77' lang='lat'><strong>:⁹</strong></span> <span class='ocrx_word' id='word_1_81' title='bbox 499 873 573 910; x_wconf 85' lang='lat' dir='ltr'><strong>sed,</strong></span> <span class='ocrx_word' id='word_1_82' title='bbox 597 874 630 905; x_wconf 89' lang='lat' dir='ltr'><strong>in</strong></span> <span class='ocrx_word' id='word_1_83' title='bbox 655 875 805 915; x_wconf 84' lang='lat' dir='ltr'><strong>speciem</strong></span> <span class='ocrx_word' id='word_1_84' title='bbox 823 873 937 911; x_wconf 86' lang='lat' dir='ltr'><strong>rostri,</strong></span> <span class='ocrx_word' id='word_1_85' title='bbox 958 872 1000 903; x_wconf 90' lang='lat' dir='ltr'><strong>ad</strong></span> <span class='ocrx_word' id='word_1_86' title='bbox 1014 872 1272 903; x_wconf 87' lang='lat' dir='ltr'><strong>similitudinem</strong></span> <span class='ocrx_word' id='word_1_87' title='bbox 1296 870 1397 903; x_wconf 87' lang='lat' dir='ltr'><strong>rostri</strong></span> <span class='ocrx_word' id='word_1_88' title='bbox 1420 879 1438 902; x_wconf 87' lang='lat' dir='ltr'><strong>e</strong></span> <span class='ocrx_word' id='word_1_89' title='bbox 1466 874 1600 901; x_wconf 85' lang='lat' dir='ltr'><strong>ormata</strong></span> 
     </span>
     <span class='ocr_line' id='line_1_12' title="bbox 143 912 1597 957; baseline -0.002 -13"><span class='ocrx_word' id='word_1_90' title='bbox 143 921 203 945; x_wconf 75' lang='lat' dir='ltr'><strong>ora</strong></span> <span class='ocrx_word' id='word_1_91' title='bbox 227 915 333 948; x_wconf 73' lang='lat' dir='ltr'><strong>navis.</strong></span> <span class='ocrx_word' id='word_1_92' title='bbox 378 917 464 950; x_wconf 84' lang='lat' dir='ltr'><strong>Quis</strong></span> <span class='ocrx_word' id='word_1_93' title='bbox 480 917 599 948; x_wconf 82' lang='lat' dir='ltr'><strong>credat</strong></span> <span class='ocrx_word' id='word_1_94' title='bbox 624 917 782 948; x_wconf 79' lang='lat' dir='ltr'>librarios</span> <span class='ocrx_word' id='word_1_95' title='bbox 808 925 870 957; x_wconf 87' lang='lat' dir='ltr'><strong>pro</strong></span> <span class='ocrx_word' id='word_1_96' title='bbox 893 918 1008 950; x_wconf 74' lang='lat' dir='ltr'><strong>rostra,</strong></span> <span class='ocrx_word' id='word_1_97' title='bbox 1026 915 1204 955; x_wconf 82' lang='lat' dir='ltr'>scripsisse</span> <span class='ocrx_word' id='word_1_98' title='bbox 1219 918 1297 946; x_wconf 80' lang='lat' dir='ltr'><strong>ora?</strong></span> <span class='ocrx_word' id='word_1_99' title='bbox 1319 914 1420 945; x_wconf 92' lang='lat' dir='ltr'><strong>immo</strong></span> <span class='ocrx_word' id='word_1_100' title='bbox 1434 912 1517 944; x_wconf 86' lang='lat' dir='ltr'><strong>illud</strong></span> <span class='ocrx_word' id='word_1_101' title='bbox 1536 921 1597 952; x_wconf 78' lang='lat' dir='ltr'><strong>pro</strong></span> 
     </span>
     <span class='ocr_line' id='line_1_13' title="bbox 143 954 1600 1000; baseline -0.001 -14"><span class='ocrx_word' id='word_1_102' title='bbox 143 955 220 995; x_wconf 77' lang='lat' dir='ltr'><strong>hoc,</strong></span> <span class='ocrx_word' id='word_1_103' title='bbox 235 958 446 990; x_wconf 77' lang='lat' dir='ltr'><strong>notissimum</strong></span> <span class='ocrx_word' id='word_1_104' title='bbox 465 959 603 991; x_wconf 88' lang='lat' dir='ltr'><strong>verbum</strong></span> <span class='ocrx_word' id='word_1_105' title='bbox 620 969 682 1000; x_wconf 90' lang='lat' dir='ltr'><strong>pro</strong></span> <span class='ocrx_word' id='word_1_106' title='bbox 697 959 806 990; x_wconf 88' lang='lat' dir='ltr'><strong>minus</strong></span> <span class='ocrx_word' id='word_1_107' title='bbox 822 962 917 1000; x_wconf 88' lang='lat' dir='ltr'><strong>noto,</strong></span> <span class='ocrx_word' id='word_1_108' title='bbox 942 962 1129 999; x_wconf 89' lang='lat' dir='ltr'><strong>potuerunt</strong></span> <span class='ocrx_word' id='word_1_109' title='bbox 1146 966 1285 997; x_wconf 86' lang='lat' dir='ltr'><strong>ponere.</strong></span> <span class='ocrx_word' id='word_1_110' title='bbox 1330 955 1416 988; x_wconf 80' lang='lat' dir='ltr'><strong>Ideo</strong></span> <span class='ocrx_word' id='word_1_111' title='bbox 1439 954 1520 986; x_wconf 87' lang='lat' dir='ltr'><strong>nibil</strong></span> <span class='ocrx_word' id='word_1_112' title='bbox 1547 959 1600 985; x_wconf 88' lang='lat' dir='ltr'><strong>est</strong></span> 
     </span>
     <span class='ocr_line' id='line_1_14' title="bbox 143 997 1598 1041; baseline -0.001 -12"><span class='ocrx_word' id='word_1_113' title='bbox 143 999 353 1031; x_wconf 80' lang='lat' dir='ltr'><strong>mutandum.</strong></span> <span class='ocrx_word' id='word_1_114' title='bbox 399 1001 628 1034; x_wconf 84' lang='lat' dir='ltr'><strong>Audaciorem</strong></span> <span class='ocrx_word' id='word_1_115' title='bbox 651 1002 887 1041; x_wconf 86' lang='lat' dir='ltr'><strong>Metaphoram</strong></span> <span class='ocrx_word' id='word_1_116' title='bbox 913 1010 987 1032; x_wconf 87' lang='lat' dir='ltr'><strong>esse</strong></span> <span class='ocrx_word' id='word_1_117' title='bbox 1011 1010 1075 1031; x_wconf 91' lang='lat' dir='ltr'><strong>non</strong></span> <span class='ocrx_word' id='word_1_118' title='bbox 1103 1009 1204 1041; x_wconf 87' lang='lat' dir='ltr'><strong>nego.</strong></span> <span class='ocrx_word' id='word_1_119' title='bbox 1248 998 1316 1030; x_wconf 81' lang='lat' dir='ltr'><strong>Sed</strong></span> <span class='ocrx_word' id='word_1_120' title='bbox 1342 1007 1453 1030; x_wconf 87' lang='lat' dir='ltr'><strong>nonne</strong></span> <span class='ocrx_word' id='word_1_121' title='bbox 1471 997 1598 1037; x_wconf 79' lang='lat' dir='ltr'><strong>saepius</strong></span> 
     </span>
     <span class='ocr_line' id='line_1_15' title="bbox 144 1041 1598 1076; baseline -0.001 -4"><span class='ocrx_word' id='word_1_122' title='bbox 144 1041 270 1073; x_wconf 83' lang='lat' dir='ltr'><strong>Noster</strong></span> <span class='ocrx_word' id='word_1_123' title='bbox 287 1043 371 1075; x_wconf 80' lang='lat' dir='ltr'><strong>tales</strong></span> <span class='ocrx_word' id='word_1_124' title='bbox 385 1053 421 1075; x_wconf 86' lang='lat' dir='ltr'><strong>se</strong></span> <span class='ocrx_word' id='word_1_125' title='bbox 437 1053 550 1076; x_wconf 77' lang='lat' dir='ltr'><strong>ainare</strong></span> <span class='ocrx_word' id='word_1_126' title='bbox 566 1044 760 1076; x_wconf 82' lang='lat' dir='ltr'><strong>ostendit?&#39;</strong></span> <span class='ocrx_word' id='word_1_127' title='bbox 783 1044 894 1075; x_wconf 75' lang='lat' dir='ltr'><strong>Klotz.</strong></span> <span class='ocrx_word' id='word_1_128' title='bbox 936 1043 1086 1074; x_wconf 71' lang='lat' dir='ltr'><strong>Bentleii</strong></span> <span class='ocrx_word' id='word_1_129' title='bbox 1108 1042 1381 1074; x_wconf 86' lang='lat' dir='ltr'><strong>emendationem</strong></span> <span class='ocrx_word' id='word_1_130' title='bbox 1407 1041 1440 1072; x_wconf 92' lang='lat' dir='ltr'><strong>in</strong></span> <span class='ocrx_word' id='word_1_131' title='bbox 1463 1044 1598 1072; x_wconf 78' lang='lat' dir='ltr'><strong>textum</strong></span> 
     </span>
     <span class='ocr_line' id='line_1_16' title="bbox 144 1083 1405 1128; baseline 0.001 -14"><span class='ocrx_word' id='word_1_132' title='bbox 144 1085 278 1126; x_wconf 83' lang='lat' dir='ltr'><strong>recepit</strong></span> <span class='ocrx_word' id='word_1_133' title='bbox 291 1086 443 1119; x_wconf 83' lang='lat' dir='ltr'><strong>Francis.</strong></span> <span class='ocrx_word' id='word_1_134' title='bbox 458 1086 598 1118; x_wconf 81' lang='lat' dir='ltr'><strong>laudans</strong></span> <span class='ocrx_word' id='word_1_135' title='bbox 614 1087 711 1127; x_wconf 82' lang='lat' dir='ltr'><strong>Virg.</strong></span> <span class='ocrx_word' id='word_1_136' title='bbox 733 1088 744 1105; x_wconf 93' lang='lat'>‘</span> <span class='ocrx_word' id='word_1_137' title='bbox 757 1091 873 1118; x_wconf 84' lang='lat' dir='ltr'><strong>aeratae</strong></span> <span class='ocrx_word' id='word_1_138' title='bbox 891 1085 1030 1128; x_wconf 86' lang='lat' dir='ltr'><strong>prorae,&#39;</strong></span> <span class='ocrx_word' id='word_1_139' title='bbox 1051 1090 1060 1103; x_wconf 83' lang='lat'>‘</span> <span class='ocrx_word' id='word_1_140' title='bbox 1072 1095 1140 1117; x_wconf 88' lang='lat' dir='ltr'><strong>aera</strong></span> <span class='ocrx_word' id='word_1_141' title='bbox 1157 1083 1318 1125; x_wconf 88' lang='lat' dir='ltr'><strong>navium,&#39;</strong></span> <span class='ocrx_word' id='word_1_142' title='bbox 1340 1085 1405 1115; x_wconf 72' lang='grc' dir='ltr'><strong>ὅτε.</strong></span> 
     </span>
    </p>
   </div>
   <div class='ocr_carea' id='block_1_6' title="bbox 145 1172 947 1326">
    <p class='ocr_par' dir='ltr' id='par_1_6' title="bbox 145 1172 947 1326">
     <span class='ocr_line' id='line_1_17' title="bbox 807 1172 947 1204; baseline 0 0"><span class='ocrx_word' id='word_1_143' title='bbox 807 1172 947 1204; x_wconf 84' lang='lat' dir='ltr'>NOTAE</span> 
     </span>
     <span class='ocr_line' id='line_1_18' title="bbox 145 1235 845 1276; baseline 0.001 -10"><span class='ocrx_word' id='word_1_144' title='bbox 145 1238 278 1266; x_wconf 82' lang='lat' dir='ltr'><strong>struere</strong></span> <span class='ocrx_word' id='word_1_145' title='bbox 303 1235 418 1276; x_wconf 85' lang='lat' dir='ltr'><strong>copias</strong></span> <span class='ocrx_word' id='word_1_146' title='bbox 442 1236 580 1267; x_wconf 73' lang='lat' dir='ltr'><strong>navales</strong></span> <span class='ocrx_word' id='word_1_147' title='bbox 606 1239 746 1276; x_wconf 83' lang='lat' dir='ltr'><strong>oportet</strong></span> <span class='ocrx_word' id='word_1_148' title='bbox 771 1235 845 1267; x_wconf 89' lang='lat' dir='ltr'><strong>Me-</strong></span> 
     </span>
     <span class='ocr_line' id='line_1_19' title="bbox 146 1284 846 1326; baseline 0.003 -11"><span class='ocrx_word' id='word_1_149' title='bbox 146 1293 239 1323; x_wconf 75' lang='lat' dir='ltr'><strong>nam,</strong></span> <span class='ocrx_word' id='word_1_150' title='bbox 253 1284 311 1326; x_wconf 88' lang='lat' dir='ltr'><strong>qui</strong></span> <span class='ocrx_word' id='word_1_151' title='bbox 333 1288 370 1316; x_wconf 89' lang='lat' dir='ltr'><strong>et</strong></span> <span class='ocrx_word' id='word_1_152' title='bbox 395 1284 467 1325; x_wconf 84' lang='lat' dir='ltr'><strong>ipse</strong></span> <span class='ocrx_word' id='word_1_153' title='bbox 493 1286 609 1325; x_wconf 66' lang='lat' dir='ltr'><strong>praedo</strong></span> <span class='ocrx_word' id='word_1_154' title='bbox 632 1290 668 1317; x_wconf 85' lang='lat' dir='ltr'><strong>et</strong></span> <span class='ocrx_word' id='word_1_155' title='bbox 690 1295 806 1317; x_wconf 84' lang='lat' dir='ltr'><strong>servus</strong></span> <span class='ocrx_word' id='word_1_156' title='bbox 827 1295 846 1317; x_wconf 88' lang='lat' dir='ltr'><strong>a</strong></span> 
     </span>
    </p>
   </div>
   <div class='ocr_carea' id='block_1_7' title="bbox 900 1235 1602 1327">
    <p class='ocr_par' dir='ltr' id='par_1_7' title="bbox 900 1235 1602 1327">
     <span class='ocr_line' id='line_1_20' title="bbox 900 1235 1202 1277; baseline -0.007 -10"><span class='ocrx_word' id='word_1_157' title='bbox 900 1245 924 1267; x_wconf 82' lang='lat'><strong>1.</strong></span> <span class='ocrx_word' id='word_1_158' title='bbox 943 1239 972 1267; x_wconf 91' lang='lat' dir='ltr'><strong>l.</strong></span> <span class='ocrx_word' id='word_1_159' title='bbox 989 1235 1103 1277; x_wconf 82' lang='lat' dir='ltr'>ibique</span> <span class='ocrx_word' id='word_1_160' title='bbox 1122 1236 1202 1268; x_wconf 91' lang='lat' dir='ltr'><strong>Not.</strong></span> 
     </span>
     <span class='ocr_line' id='line_1_21' title="bbox 942 1282 1602 1327; baseline -0.005 -10"><span class='ocrx_word' id='word_1_161' title='bbox 942 1289 985 1317; x_wconf 78' lang='lat'><strong>20</strong></span> <span class='ocrx_word' id='word_1_162' title='bbox 1007 1285 1092 1327; x_wconf 80' lang='lat' dir='ltr'><strong>Hoc,</strong></span> <span class='ocrx_word' id='word_1_163' title='bbox 1117 1286 1173 1317; x_wconf 74' lang='lat' dir='ltr'><strong>hoc</strong></span> <span class='ocrx_word' id='word_1_164' title='bbox 1195 1284 1320 1317; x_wconf 78' lang='lat' dir='ltr'><strong>tribuno</strong></span> <span class='ocrx_word' id='word_1_165' title='bbox 1344 1282 1496 1324; x_wconf 63' lang='lat' dir='ltr'><strong>militum]</strong></span> <span class='ocrx_word' id='word_1_166' title='bbox 1520 1283 1602 1314; x_wconf 86' lang='lat' dir='ltr'><strong>Plu·</strong></span> 
     </span>
    </p>
   </div>
   <div class='ocr_carea' id='block_1_8' title="bbox 143 1332 847 1826">
    <p class='ocr_par' dir='ltr' id='par_1_8' title="bbox 143 1332 845 1772">
     <span class='ocr_line' id='line_1_22' title="bbox 145 1332 844 1374; baseline 0.001 -10"><span class='ocrx_word' id='word_1_167' title='bbox 145 1337 269 1364; x_wconf 82' lang='lat' dir='ltr'><strong>natura</strong></span> <span class='ocrx_word' id='word_1_168' title='bbox 292 1332 418 1369; x_wconf 60' lang='lat' dir='ltr'><strong>tactus,</strong></span> <span class='ocrx_word' id='word_1_169' title='bbox 434 1343 499 1364; x_wconf 90' lang='lat' dir='ltr'><strong>non</strong></span> <span class='ocrx_word' id='word_1_170' title='bbox 516 1334 564 1365; x_wconf 90' lang='lat' dir='ltr'><strong>ita</strong></span> <span class='ocrx_word' id='word_1_171' title='bbox 580 1334 711 1374; x_wconf 85' lang='lat' dir='ltr'><strong>pridem</strong></span> <span class='ocrx_word' id='word_1_172' title='bbox 727 1343 844 1366; x_wconf 87' lang='lat' dir='ltr'><strong>eornm</strong></span> 
     </span>
     <span class='ocr_line' id='line_1_23' title="bbox 145 1381 844 1423; baseline 0 -9"><span class='ocrx_word' id='word_1_173' title='bbox 145 1382 216 1414; x_wconf 82' lang='lat' dir='ltr'><strong>dux</strong></span> <span class='ocrx_word' id='word_1_174' title='bbox 230 1381 322 1414; x_wconf 79' lang='lat' dir='ltr'><strong>fuit?</strong></span> <span class='ocrx_word' id='word_1_175' title='bbox 366 1383 452 1414; x_wconf 91' lang='lat' dir='ltr'><strong>Sunt</strong></span> <span class='ocrx_word' id='word_1_176' title='bbox 465 1383 523 1423; x_wconf 91' lang='lat' dir='ltr'><strong>qui</strong></span> <span class='ocrx_word' id='word_1_177' title='bbox 537 1383 736 1414; x_wconf 76' lang='lat' dir='ltr'><strong>existiment</strong></span> <span class='ocrx_word' id='word_1_178' title='bbox 753 1383 844 1423; x_wconf 87' lang='lat' dir='ltr'><strong>loqui</strong></span> 
     </span>
     <span class='ocr_line' id='line_1_24' title="bbox 146 1431 845 1473; baseline 0 -11"><span class='ocrx_word' id='word_1_179' title='bbox 146 1431 324 1463; x_wconf 74' lang='lat' dir='ltr'><strong>Horatium</strong></span> <span class='ocrx_word' id='word_1_180' title='bbox 347 1431 390 1462; x_wconf 90' lang='lat' dir='ltr'><strong>de</strong></span> <span class='ocrx_word' id='word_1_181' title='bbox 417 1431 569 1470; x_wconf 73' lang='lat' dir='ltr'><strong>fugitivis</strong></span> <span class='ocrx_word' id='word_1_182' title='bbox 591 1441 675 1473; x_wconf 87' lang='lat' dir='ltr'><strong>quos</strong></span> <span class='ocrx_word' id='word_1_183' title='bbox 690 1432 731 1463; x_wconf 83' lang='lat' dir='ltr'><strong>ad</strong></span> <span class='ocrx_word' id='word_1_184' title='bbox 749 1441 845 1463; x_wconf 87' lang='lat' dir='ltr'><strong>arma</strong></span> 
     </span>
     <span class='ocr_line' id='line_1_25' title="bbox 145 1483 844 1525; baseline -0.001 -11"><span class='ocrx_word' id='word_1_185' title='bbox 145 1486 327 1514; x_wconf 80' lang='lat' dir='ltr'><strong>vocaverat</strong></span> <span class='ocrx_word' id='word_1_186' title='bbox 349 1483 474 1514; x_wconf 79' lang='lat' dir='ltr'><strong>Sextus</strong></span> <span class='ocrx_word' id='word_1_187' title='bbox 501 1483 699 1524; x_wconf 85' lang='lat' dir='ltr'><strong>Pompeius,</strong></span> <span class='ocrx_word' id='word_1_188' title='bbox 718 1487 755 1515; x_wconf 89' lang='lat' dir='ltr'><strong>et</strong></span> <span class='ocrx_word' id='word_1_189' title='bbox 770 1483 844 1525; x_wconf 91' lang='lat' dir='ltr'><strong>qui-</strong></span> 
     </span>
     <span class='ocr_line' id='line_1_26' title="bbox 143 1530 845 1573; baseline 0.003 -11"><span class='ocrx_word' id='word_1_190' title='bbox 143 1530 206 1563; x_wconf 80' lang='lat' dir='ltr'><strong>b‘us</strong></span> <span class='ocrx_word' id='word_1_191' title='bbox 233 1530 420 1563; x_wconf 82' lang='lat' dir='ltr'><strong>Tribunum</strong></span> <span class='ocrx_word' id='word_1_192' title='bbox 453 1531 592 1563; x_wconf 79' lang='lat' dir='ltr'><strong>Menam</strong></span> <span class='ocrx_word' id='word_1_193' title='bbox 627 1531 845 1573; x_wconf 77' lang='lat' dir='ltr'><strong>praefecerat.</strong></span> 
     </span>
     <span class='ocr_line' id='line_1_27' title="bbox 145 1579 844 1623; baseline 0.003 -11"><span class='ocrx_word' id='word_1_194' title='bbox 145 1579 194 1613; x_wconf 76' lang='lat' dir='ltr'><strong>At</strong></span> <span class='ocrx_word' id='word_1_195' title='bbox 222 1580 280 1613; x_wconf 78' lang='lat' dir='ltr'><strong>alii</strong></span> <span class='ocrx_word' id='word_1_196' title='bbox 308 1582 429 1613; x_wconf 90' lang='lat' dir='ltr'><strong>melius</strong></span> <span class='ocrx_word' id='word_1_197' title='bbox 456 1581 653 1623; x_wconf 84' lang='lat' dir='ltr'><strong>intelligunt</strong></span> <span class='ocrx_word' id='word_1_198' title='bbox 683 1582 844 1623; x_wconf 84' lang='lat' dir='ltr'><strong>reliquias</strong></span> 
     </span>
     <span class='ocr_line' id='line_1_28' title="bbox 144 1628 843 1674; baseline 0.004 -12"><span class='ocrx_word' id='word_1_199' title='bbox 144 1628 316 1663; x_wconf 80' lang='lat' dir='ltr'><strong>exercitus</strong></span> <span class='ocrx_word' id='word_1_200' title='bbox 332 1632 427 1664; x_wconf 85' lang='lat' dir='ltr'><strong>Sexti</strong></span> <span class='ocrx_word' id='word_1_201' title='bbox 444 1632 614 1673; x_wconf 86' lang='lat' dir='ltr'><strong>Pompeii,</strong></span> <span class='ocrx_word' id='word_1_202' title='bbox 630 1642 713 1674; x_wconf 87' lang='lat' dir='ltr'><strong>quas</strong></span> <span class='ocrx_word' id='word_1_203' title='bbox 729 1633 843 1665; x_wconf 77' lang='lat' dir='ltr'><strong>Menae</strong></span> 
     </span>
     <span class='ocr_line' id='line_1_29' title="bbox 145 1679 844 1725; baseline 0.004 -13"><span class='ocrx_word' id='word_1_204' title='bbox 145 1679 251 1714; x_wconf 86' lang='lat' dir='ltr'><strong>ductu</strong></span> <span class='ocrx_word' id='word_1_205' title='bbox 263 1685 300 1714; x_wconf 83' lang='lat' dir='ltr'><strong>et</strong></span> <span class='ocrx_word' id='word_1_206' title='bbox 316 1691 422 1723; x_wconf 80' lang='lat' dir='ltr'><strong>opera</strong></span> <span class='ocrx_word' id='word_1_207' title='bbox 440 1683 513 1724; x_wconf 88' lang='lat' dir='ltr'><strong>jam</strong></span> <span class='ocrx_word' id='word_1_208' title='bbox 530 1683 643 1714; x_wconf 88' lang='lat' dir='ltr'><strong>victor</strong></span> <span class='ocrx_word' id='word_1_209' title='bbox 666 1683 844 1725; x_wconf 85' lang='lat' dir='ltr'><strong>Augustus</strong></span> 
     </span>
     <span class='ocr_line' id='line_1_30' title="bbox 146 1731 429 1772; baseline 0.007 -10"><span class='ocrx_word' id='word_1_210' title='bbox 146 1731 429 1772; x_wconf 77' lang='lat' dir='ltr'><strong>persequebatur.</strong></span> 
     </span>
    </p>

    <p class='ocr_par' dir='ltr' id='par_1_9' title="bbox 188 1781 847 1826">
     <span class='ocr_line' id='line_1_31' title="bbox 188 1781 847 1826; baseline 0.003 -12"><span class='ocrx_word' id='word_1_211' title='bbox 188 1781 328 1814; x_wconf 74' lang='lat' dir='ltr'><strong>Navium</strong></span> <span class='ocrx_word' id='word_1_212' title='bbox 338 1782 433 1823; x_wconf 68' lang='lat' dir='ltr'><strong>gravi</strong></span> <span class='ocrx_word' id='word_1_213' title='bbox 444 1782 595 1824; x_wconf 82' lang='lat' dir='ltr'><strong>pondere]</strong></span> <span class='ocrx_word' id='word_1_214' title='bbox 629 1782 718 1815; x_wconf 79' lang='lat' dir='ltr'><strong>Vide</strong></span> <span class='ocrx_word' id='word_1_215' title='bbox 735 1783 847 1826; x_wconf 84' lang='lat' dir='ltr'><strong>Epod.</strong></span> 
     </span>
    </p>
   </div>
   <div class='ocr_carea' id='block_1_9' title="bbox 897 1332 1602 1822">
    <p class='ocr_par' dir='ltr' id='par_1_10' title="bbox 897 1332 1602 1822">
     <span class='ocr_line' id='line_1_32' title="bbox 899 1332 1602 1373; baseline -0.007 -6"><span class='ocrx_word' id='word_1_216' title='bbox 899 1335 1037 1368; x_wconf 84' lang='lat' dir='ltr'><strong>tarchus</strong></span> <span class='ocrx_word' id='word_1_217' title='bbox 1053 1339 1132 1366; x_wconf 85' lang='lat' dir='ltr'><strong>ante</strong></span> <span class='ocrx_word' id='word_1_218' title='bbox 1155 1334 1282 1366; x_wconf 85' lang='lat' dir='ltr'><strong>citatus</strong></span> <span class='ocrx_word' id='word_1_219' title='bbox 1306 1332 1428 1373; x_wconf 77' lang='lat' dir='ltr'><strong>ubique</strong></span> <span class='ocrx_word' id='word_1_220' title='bbox 1455 1333 1602 1373; x_wconf 81' lang='lat' dir='ltr'><strong>piratam</strong></span> 
     </span>
     <span class='ocr_line' id='line_1_33' title="bbox 898 1380 1602 1415; baseline -0.006 0"><span class='ocrx_word' id='word_1_221' title='bbox 898 1388 998 1415; x_wconf 79' lang='lat' dir='ltr'><strong>vocat</strong></span> <span class='ocrx_word' id='word_1_222' title='bbox 1013 1383 1161 1414; x_wconf 76' lang='lat' dir='ltr'><strong>Menam.</strong></span> <span class='ocrx_word' id='word_1_223' title='bbox 1204 1382 1345 1413; x_wconf 81' lang='lat' dir='ltr'><strong>Tribuni</strong></span> <span class='ocrx_word' id='word_1_224' title='bbox 1362 1381 1507 1412; x_wconf 92' lang='lat' dir='ltr'><strong>militum</strong></span> <span class='ocrx_word' id='word_1_225' title='bbox 1529 1380 1602 1412; x_wconf 89' lang='lat' dir='ltr'><strong>offi-</strong></span> 
     </span>
     <span class='ocr_line' id='line_1_34' title="bbox 897 1430 1602 1470; baseline -0.003 -6"><span class='ocrx_word' id='word_1_226' title='bbox 897 1435 986 1464; x_wconf 82' lang='lat' dir='ltr'><strong>cium</strong></span> <span class='ocrx_word' id='word_1_227' title='bbox 1002 1438 1077 1464; x_wconf 82' lang='lat' dir='ltr'><strong>erat</strong></span> <span class='ocrx_word' id='word_1_228' title='bbox 1090 1432 1216 1463; x_wconf 86' lang='lat' dir='ltr'><strong>milites</strong></span> <span class='ocrx_word' id='word_1_229' title='bbox 1229 1432 1262 1462; x_wconf 92' lang='lat' dir='ltr'><strong>in</strong></span> <span class='ocrx_word' id='word_1_230' title='bbox 1279 1431 1397 1463; x_wconf 78' lang='lat' dir='ltr'><strong>casu-is</strong></span> <span class='ocrx_word' id='word_1_231' title='bbox 1413 1430 1602 1470; x_wconf 85' lang='lat' dir='ltr'><strong>continere,</strong></span> 
     </span>
     <span class='ocr_line' id='line_1_35' title="bbox 897 1481 1601 1522; baseline -0.004 -8"><span class='ocrx_word' id='word_1_232' title='bbox 897 1487 933 1514; x_wconf 88' lang='lat' dir='ltr'><strong>et</strong></span> <span class='ocrx_word' id='word_1_233' title='bbox 945 1482 986 1514; x_wconf 84' lang='lat' dir='ltr'><strong>ad</strong></span> <span class='ocrx_word' id='word_1_234' title='bbox 1001 1482 1281 1514; x_wconf 85' lang='lat' dir='ltr'><strong>exercitationem</strong></span> <span class='ocrx_word' id='word_1_235' title='bbox 1297 1481 1509 1522; x_wconf 87' lang='lat' dir='ltr'><strong>producere;</strong></span> <span class='ocrx_word' id='word_1_236' title='bbox 1530 1481 1601 1512; x_wconf 86' lang='lat' dir='ltr'><strong>cla·</strong></span> 
     </span>
     <span class='ocr_line' id='line_1_36' title="bbox 898 1530 1601 1573; baseline -0.004 -9"><span class='ocrx_word' id='word_1_237' title='bbox 898 1542 957 1564; x_wconf 88' lang='lat' dir='ltr'><strong>ves</strong></span> <span class='ocrx_word' id='word_1_238' title='bbox 974 1537 1147 1573; x_wconf 87' lang='lat' dir='ltr'><strong>portarum</strong></span> <span class='ocrx_word' id='word_1_239' title='bbox 1171 1531 1370 1571; x_wconf 88' lang='lat' dir='ltr'><strong>suscipere;</strong></span> <span class='ocrx_word' id='word_1_240' title='bbox 1394 1531 1527 1570; x_wconf 80' lang='lat' dir='ltr'><strong>vigilias</strong></span> <span class='ocrx_word' id='word_1_241' title='bbox 1552 1530 1601 1561; x_wconf 89' lang='lat' dir='ltr'><strong>iu-</strong></span> 
     </span>
     <span class='ocr_line' id='line_1_37' title="bbox 899 1579 1602 1620; baseline -0.004 -7"><span class='ocrx_word' id='word_1_242' title='bbox 899 1582 1033 1614; x_wconf 85' lang='lat' dir='ltr'><strong>terdum</strong></span> <span class='ocrx_word' id='word_1_243' title='bbox 1050 1581 1255 1620; x_wconf 77' lang='lat' dir='ltr'><strong>circumire3</strong></span> <span class='ocrx_word' id='word_1_244' title='bbox 1276 1579 1602 1612; x_wconf 84' lang='lat' dir='ltr'><strong>frumentationibus</strong></span> 
     </span>
     <span class='ocr_line' id='line_1_38' title="bbox 897 1629 1602 1670; baseline -0.004 -6"><span class='ocrx_word' id='word_1_245' title='bbox 897 1632 1164 1664; x_wconf 88' lang='lat' dir='ltr'><strong>commilitonum</strong></span> <span class='ocrx_word' id='word_1_246' title='bbox 1201 1632 1370 1662; x_wconf 86' lang='lat' dir='ltr'><strong>interesse</strong></span> <span class='ocrx_word' id='word_1_247' title='bbox 1387 1642 1397 1670; x_wconf 71' lang='grc' dir='ltr'><strong>ς</strong></span> <span class='ocrx_word' id='word_1_248' title='bbox 1451 1629 1602 1662; x_wconf 80' lang='lat' dir='ltr'><strong>frumen-</strong></span> 
     </span>
     <span class='ocr_line' id='line_1_39' title="bbox 899 1680 1601 1722; baseline -0.003 -8"><span class='ocrx_word' id='word_1_249' title='bbox 899 1687 970 1714; x_wconf 91' lang='lat' dir='ltr'><strong>tum</strong></span> <span class='ocrx_word' id='word_1_250' title='bbox 1008 1682 1153 1722; x_wconf 85' lang='lat' dir='ltr'><strong>probare</strong></span> <span class='ocrx_word' id='word_1_251' title='bbox 1170 1691 1179 1719; x_wconf 88' lang='lat'>;</span> <span class='ocrx_word' id='word_1_252' title='bbox 1216 1680 1374 1712; x_wconf 83' lang='lat' dir='ltr'><strong>fraudem</strong></span> <span class='ocrx_word' id='word_1_253' title='bbox 1406 1690 1601 1712; x_wconf 87' lang='lat' dir='ltr'><strong>mensorum</strong></span> 
     </span>
     <span class='ocr_line' id='line_1_40' title="bbox 899 1729 1602 1771; baseline -0.004 -8"><span class='ocrx_word' id='word_1_254' title='bbox 899 1731 1078 1769; x_wconf 70' lang='lat' dir='ltr'><strong>coiircere;</strong></span> <span class='ocrx_word' id='word_1_255' title='bbox 1110 1730 1254 1761; x_wconf 87' lang='lat' dir='ltr'><strong>militum</strong></span> <span class='ocrx_word' id='word_1_256' title='bbox 1285 1729 1442 1771; x_wconf 84' lang='lat' dir='ltr'><strong>querelas</strong></span> <span class='ocrx_word' id='word_1_257' title='bbox 1469 1730 1602 1770; x_wconf 85' lang='lat' dir='ltr'><strong>audire,</strong></span> 
     </span>
     <span class='ocr_line' id='line_1_41' title="bbox 899 1781 1302 1822; baseline -0.005 -8"><span class='ocrx_word' id='word_1_258' title='bbox 899 1781 1029 1814; x_wconf 85' lang='lat' dir='ltr'><strong>delicta</strong></span> <span class='ocrx_word' id='word_1_259' title='bbox 1042 1781 1224 1822; x_wconf 81' lang='lat' dir='ltr'><strong>castigare,</strong></span> <span class='ocrx_word' id='word_1_260' title='bbox 1237 1781 1302 1813; x_wconf 83' lang='lat' dir='ltr'><strong>&amp;e.</strong></span> 
     </span>
    </p>
   </div>
   <div class='ocr_carea' id='block_1_10' title="bbox 535 1926 1221 2058">
    <p class='ocr_par' dir='ltr' id='par_1_11' title="bbox 535 1926 1221 2058">
     <span class='ocr_line' id='line_1_42' title="bbox 754 1926 986 1968; baseline 0 0"><span class='ocrx_word' id='word_1_261' title='bbox 754 1926 884 1968; x_wconf 90' lang='lat' dir='ltr'><strong>ODE</strong></span> <span class='ocrx_word' id='word_1_262' title='bbox 927 1926 986 1968; x_wconf 91' lang='lat' dir='ltr'><strong>V.</strong></span> 
     </span>
     <span class='ocr_line' id='line_1_43' title="bbox 535 2026 1221 2058; baseline -0.003 0"><span class='ocrx_word' id='word_1_263' title='bbox 535 2028 588 2058; x_wconf 79' lang='lat' dir='ltr'><strong>lN</strong></span> <span class='ocrx_word' id='word_1_264' title='bbox 621 2027 878 2058; x_wconf 69' lang='lat' dir='ltr'><strong>cAnian</strong></span> <span class='ocrx_word' id='word_1_265' title='bbox 912 2026 1221 2057; x_wconf 73' lang='lat' dir='ltr'><strong>vssNsschM.</strong></span> 
     </span>
    </p>
   </div>
   <div class='ocr_carea' id='block_1_11' title="bbox 149 2102 1603 2359">
    <p class='ocr_par' dir='ltr' id='par_1_12' title="bbox 149 2102 1603 2359">
     <span class='ocr_line' id='line_1_44' title="bbox 149 2102 1602 2147; baseline -0.001 -12"><span class='ocrx_word' id='word_1_266' title='bbox 149 2102 296 2135; x_wconf 78' lang='lat' dir='ltr'><strong>Inducta</strong></span> <span class='ocrx_word' id='word_1_267' title='bbox 319 2104 463 2136; x_wconf 86' lang='lat' dir='ltr'><strong>Patricii</strong></span> <span class='ocrx_word' id='word_1_268' title='bbox 483 2104 660 2146; x_wconf 86' lang='lat' dir='ltr'><strong>cujusdam</strong></span> <span class='ocrx_word' id='word_1_269' title='bbox 687 2104 783 2145; x_wconf 83' lang='lat' dir='ltr'><strong>pueri</strong></span> <span class='ocrx_word' id='word_1_270' title='bbox 810 2114 968 2145; x_wconf 86' lang='lat' dir='ltr'><strong>persona,</strong></span> <span class='ocrx_word' id='word_1_271' title='bbox 984 2115 1083 2147; x_wconf 85' lang='lat' dir='ltr'><strong>quem</strong></span> <span class='ocrx_word' id='word_1_272' title='bbox 1100 2115 1119 2136; x_wconf 91' lang='lat' dir='ltr'><strong>a</strong></span> <span class='ocrx_word' id='word_1_273' title='bbox 1135 2105 1227 2147; x_wconf 82' lang='lat' dir='ltr'><strong>sagis</strong></span> <span class='ocrx_word' id='word_1_274' title='bbox 1250 2104 1491 2146; x_wconf 84' lang='lat' dir='ltr'><strong>Neapolitanis</strong></span> <span class='ocrx_word' id='word_1_275' title='bbox 1512 2103 1602 2135; x_wconf 86' lang='lat' dir='ltr'><strong>inter</strong></span> 
     </span>
     <span class='ocr_line' id='line_1_45' title="bbox 189 2156 1603 2198; baseline 0 -10"><span class='ocrx_word' id='word_1_276' title='bbox 189 2166 288 2188; x_wconf 80' lang='lat' dir='ltr'><strong>sacra</strong></span> <span class='ocrx_word' id='word_1_277' title='bbox 315 2157 453 2198; x_wconf 82' lang='lat' dir='ltr'><strong>Magica</strong></span> <span class='ocrx_word' id='word_1_278' title='bbox 477 2157 686 2189; x_wconf 88' lang='lat' dir='ltr'><strong>immolatum</strong></span> <span class='ocrx_word' id='word_1_279' title='bbox 710 2156 799 2189; x_wconf 75' lang='lat' dir='ltr'><strong>fama</strong></span> <span class='ocrx_word' id='word_1_280' title='bbox 825 2157 993 2198; x_wconf 84' lang='lat' dir='ltr'><strong>audierat,</strong></span> <span class='ocrx_word' id='word_1_281' title='bbox 1017 2162 1198 2189; x_wconf 80' lang='lat' dir='ltr'><strong>execratur</strong></span> <span class='ocrx_word' id='word_1_282' title='bbox 1218 2158 1358 2189; x_wconf 86' lang='lat' dir='ltr'><strong>amicam</strong></span> <span class='ocrx_word' id='word_1_283' title='bbox 1375 2167 1468 2189; x_wconf 84' lang='lat' dir='ltr'><strong>suam</strong></span> <span class='ocrx_word' id='word_1_284' title='bbox 1485 2156 1603 2189; x_wconf 85' lang='lat' dir='ltr'><strong>Grati-</strong></span> 
     </span>
     <span class='ocr_line' id='line_1_46' title="bbox 189 2209 1603 2253; baseline -0.001 -11"><span class='ocrx_word' id='word_1_285' title='bbox 189 2209 292 2251; x_wconf 81' lang='lat' dir='ltr'><strong>diam,</strong></span> <span class='ocrx_word' id='word_1_286' title='bbox 319 2210 582 2252; x_wconf 84' lang='lat' dir='ltr'><strong>Neapolitanam</strong></span> <span class='ocrx_word' id='word_1_287' title='bbox 601 2211 874 2252; x_wconf 81' lang='lat' dir='ltr'><strong>unguentariam,</strong></span> <span class='ocrx_word' id='word_1_288' title='bbox 891 2221 965 2253; x_wconf 78' lang='lat' dir='ltr'><strong>quae</strong></span> <span class='ocrx_word' id='word_1_289' title='bbox 982 2212 1148 2243; x_wconf 80' lang='lat' dir='ltr'><strong>amatoria</strong></span> <span class='ocrx_word' id='word_1_290' title='bbox 1165 2211 1302 2252; x_wconf 87' lang='lat' dir='ltr'><strong>potione</strong></span> <span class='ocrx_word' id='word_1_291' title='bbox 1319 2221 1396 2242; x_wconf 90' lang='lat' dir='ltr'><strong>eum</strong></span> <span class='ocrx_word' id='word_1_292' title='bbox 1421 2220 1518 2251; x_wconf 86' lang='lat' dir='ltr'><strong>paene</strong></span> <span class='ocrx_word' id='word_1_293' title='bbox 1544 2209 1603 2241; x_wconf 90' lang='lat' dir='ltr'><strong>de·</strong></span> 
     </span>
     <span class='ocr_line' id='line_1_47' title="bbox 187 2263 1603 2306; baseline -0.001 -11"><span class='ocrx_word' id='word_1_294' title='bbox 187 2269 402 2295; x_wconf 82' lang='lat' dir='ltr'><strong>mentaverat</strong></span> <span class='ocrx_word' id='word_1_295' title='bbox 416 2274 426 2303; x_wconf 92' lang='lat'>;</span> <span class='ocrx_word' id='word_1_296' title='bbox 450 2273 511 2304; x_wconf 89' lang='lat' dir='ltr'><strong>pro</strong></span> <span class='ocrx_word' id='word_1_297' title='bbox 527 2274 563 2295; x_wconf 86' lang='lat' dir='ltr'><strong>se</strong></span> <span class='ocrx_word' id='word_1_298' title='bbox 581 2268 694 2296; x_wconf 83' lang='lat' dir='ltr'><strong>autem</strong></span> <span class='ocrx_word' id='word_1_299' title='bbox 713 2269 848 2296; x_wconf 83' lang='lat' dir='ltr'><strong>versute</strong></span> <span class='ocrx_word' id='word_1_300' title='bbox 866 2265 1068 2298; x_wconf 82' lang='lat' dir='ltr'><strong>Quintilium</strong></span> <span class='ocrx_word' id='word_1_301' title='bbox 1081 2265 1208 2296; x_wconf 85' lang='lat' dir='ltr'><strong>Varum</strong></span> <span class='ocrx_word' id='word_1_302' title='bbox 1224 2265 1442 2306; x_wconf 83' lang='lat' dir='ltr'><strong>supposuisse</strong></span> <span class='ocrx_word' id='word_1_303' title='bbox 1457 2263 1603 2295; x_wconf 83' lang='lat' dir='ltr'><strong>videtur.</strong></span> 
     </span>
     <span class='ocr_line' id='line_1_48' title="bbox 191 2315 1257 2359; baseline -0.001 -10"><span class='ocrx_word' id='word_1_304' title='bbox 191 2316 292 2358; x_wconf 85' lang='lat' dir='ltr'><strong>(Non</strong></span> <span class='ocrx_word' id='word_1_305' title='bbox 309 2316 414 2349; x_wconf 86' lang='lat' dir='ltr'><strong>ausim</strong></span> <span class='ocrx_word' id='word_1_306' title='bbox 431 2317 496 2348; x_wconf 88' lang='lat' dir='ltr'><strong>ista</strong></span> <span class='ocrx_word' id='word_1_307' title='bbox 513 2322 692 2358; x_wconf 84' lang='lat' dir='ltr'><strong>praestare.</strong></span> <span class='ocrx_word' id='word_1_308' title='bbox 736 2317 817 2349; x_wconf 87' lang='lat' dir='ltr'><strong>Vid.</strong></span> <span class='ocrx_word' id='word_1_309' title='bbox 833 2316 919 2359; x_wconf 86' lang='lat' dir='ltr'><strong>Arg.</strong></span> <span class='ocrx_word' id='word_1_310' title='bbox 935 2327 962 2350; x_wconf 81' lang='lat'><strong>1.</strong></span> <span class='ocrx_word' id='word_1_311' title='bbox 980 2317 1050 2350; x_wconf 87' lang='lat' dir='ltr'><strong>Od.</strong></span> <span class='ocrx_word' id='word_1_312' title='bbox 1065 2319 1116 2349; x_wconf 82' lang='lat'><strong>16.</strong></span> <span class='ocrx_word' id='word_1_313' title='bbox 1142 2315 1257 2358; x_wconf 84' lang='lat' dir='ltr'><strong>Gesn.)</strong></span> 
     </span>
    </p>
   </div>
   <div class='ocr_carea' id='block_1_12' title="bbox 375 2380 1278 2506">
    <p class='ocr_par' dir='ltr' id='par_1_13' title="bbox 375 2380 1278 2506">
     <span class='ocr_line' id='line_1_49' title="bbox 375 2380 1278 2437; baseline 0.002 -15"><span class='ocrx_word' id='word_1_314' title='bbox 375 2380 451 2422; x_wconf 77' lang='grc' dir='ltr'><strong>Αἰ·</strong></span> <span class='ocrx_word' id='word_1_315' title='bbox 473 2395 500 2423; x_wconf 94' lang='lat' dir='ltr'><strong>o</strong></span> <span class='ocrx_word' id='word_1_316' title='bbox 525 2382 719 2424; x_wconf 86' lang='lat' dir='ltr'><strong>Deorum</strong></span> <span class='ocrx_word' id='word_1_317' title='bbox 740 2383 950 2437; x_wconf 87' lang='lat' dir='ltr'><strong>quicquid</strong></span> <span class='ocrx_word' id='word_1_318' title='bbox 969 2384 1012 2424; x_wconf 88' lang='lat' dir='ltr'><strong>in</strong></span> <span class='ocrx_word' id='word_1_319' title='bbox 1034 2383 1148 2424; x_wconf 92' lang='lat' dir='ltr'><strong>coelo</strong></span> <span class='ocrx_word' id='word_1_320' title='bbox 1168 2383 1278 2437; x_wconf 81' lang='lat' dir='ltr'><strong>regit</strong></span> 
     </span>
     <span class='ocr_line' id='line_1_50' title="bbox 427 2448 1095 2506; baseline 0.003 -16"><span class='ocrx_word' id='word_1_321' title='bbox 427 2448 592 2491; x_wconf 85' lang='lat' dir='ltr'><strong>Terras</strong></span> <span class='ocrx_word' id='word_1_322' title='bbox 607 2455 652 2492; x_wconf 89' lang='lat' dir='ltr'><strong>et</strong></span> <span class='ocrx_word' id='word_1_323' title='bbox 673 2450 912 2493; x_wconf 85' lang='lat' dir='ltr'><strong>humanum</strong></span> <span class='ocrx_word' id='word_1_324' title='bbox 934 2451 1095 2506; x_wconf 85' lang='lat' dir='ltr'><strong>genus!</strong></span> 
     </span>
    </p>
   </div>
   <div class='ocr_carea' id='block_1_13' title="bbox 152 2548 1604 2598">
    <p class='ocr_par' dir='ltr' id='par_1_14' title="bbox 152 2548 1604 2598">
     <span class='ocr_line' id='line_1_51' title="bbox 152 2548 1604 2598; baseline -0.003 -13"><span class='ocrx_word' id='word_1_325' title='bbox 152 2582 156 2585; x_wconf 72' lang='grc'><strong>,</strong></span> <span class='ocrx_word' id='word_1_326' title='bbox 190 2553 252 2587; x_wconf 77' lang='lat' dir='ltr'><strong>Sed</strong></span> <span class='ocrx_word' id='word_1_327' title='bbox 264 2565 282 2587; x_wconf 82' lang='lat' dir='ltr'><strong>o</strong></span> <span class='ocrx_word' id='word_1_328' title='bbox 300 2555 450 2597; x_wconf 82' lang='lat' dir='ltr'><strong>Numina,</strong></span> <span class='ocrx_word' id='word_1_329' title='bbox 464 2559 613 2598; x_wconf 73' lang='lat' dir='ltr'><strong>quotquot</strong></span> <span class='ocrx_word' id='word_1_330' title='bbox 628 2555 662 2587; x_wconf 77' lang='lat' dir='ltr'><strong>in</strong></span> <span class='ocrx_word' id='word_1_331' title='bbox 676 2555 749 2587; x_wconf 86' lang='lat' dir='ltr'><strong>coelo</strong></span> <span class='ocrx_word' id='word_1_332' title='bbox 768 2553 952 2594; x_wconf 76' lang='lat' dir='ltr'><strong>gubernatis</strong></span> <span class='ocrx_word' id='word_1_333' title='bbox 970 2553 1050 2584; x_wconf 81' lang='lat' dir='ltr'><strong>hunc</strong></span> <span class='ocrx_word' id='word_1_334' title='bbox 1065 2553 1168 2583; x_wconf 84' lang='lat' dir='ltr'><strong>orbem</strong></span> <span class='ocrx_word' id='word_1_335' title='bbox 1183 2555 1276 2591; x_wconf 81' lang='lat' dir='ltr'><strong>atque</strong></span> <span class='ocrx_word' id='word_1_336' title='bbox 1291 2550 1439 2590; x_wconf 78' lang='lat' dir='ltr'><strong>homines,</strong></span> <span class='ocrx_word' id='word_1_337' title='bbox 1452 2549 1528 2590; x_wconf 75' lang='lat' dir='ltr'><strong>quid</strong></span> <span class='ocrx_word' id='word_1_338' title='bbox 1542 2548 1604 2580; x_wconf 75' lang='lat' dir='ltr'><strong>sibi</strong></span> 
     </span>
    </p>
   </div>
   <div class='ocr_carea' id='block_1_14' title="bbox 754 2638 873 2649">
    <p class='ocr_par' dir='ltr' id='par_1_15' title="bbox 754 2638 873 2649">
     <span class='ocr_line' id='line_1_52' title="bbox 754 2638 873 2649; baseline -0.008 0"><span class='ocrx_word' id='word_1_339' title='bbox 754 2638 873 2649; x_wconf 73' lang='lat' dir='ltr'><strong>eeeeee</strong></span> 
     </span>
    </p>
   </div>
   <div class='ocr_carea' id='block_1_15' title="bbox 878 2635 994 2649">
    <p class='ocr_par' dir='ltr' id='par_1_16' title="bbox 878 2635 994 2649">
     <span class='ocr_line' id='line_1_53' title="bbox 878 2635 994 2649; baseline -0.017 0"><span class='ocrx_word' id='word_1_340' title='bbox 878 2635 994 2649; x_wconf 59' lang='lat' dir='ltr'><strong>eeeeee</strong></span> 
     </span>
    </p>
   </div>
   <div class='ocr_carea' id='block_1_16' title="bbox 147 2686 1605 2861">
    <p class='ocr_par' dir='ltr' id='par_1_17' title="bbox 147 2686 1605 2861">
     <span class='ocr_line' id='line_1_54' title="bbox 195 2686 1605 2734; baseline -0.001 -16"><span class='ocrx_word' id='word_1_341' title='bbox 195 2686 273 2719; x_wconf 82' lang='lat' dir='ltr'><strong>Ode.</strong></span> <span class='ocrx_word' id='word_1_342' title='bbox 290 2694 412 2723; x_wconf 79' lang='lat' dir='ltr'><strong>octava</strong></span> <span class='ocrx_word' id='word_1_343' title='bbox 428 2692 520 2724; x_wconf 85' lang='lat' dir='ltr'><strong>Libri</strong></span> <span class='ocrx_word' id='word_1_344' title='bbox 535 2693 644 2734; x_wconf 88' lang='lat' dir='ltr'><strong>quinti</strong></span> <span class='ocrx_word' id='word_1_345' title='bbox 656 2692 689 2724; x_wconf 91' lang='lat' dir='ltr'><strong>iu</strong></span> <span class='ocrx_word' id='word_1_346' title='bbox 706 2692 795 2725; x_wconf 87' lang='lat' dir='ltr'><strong>Edd.</strong></span> <span class='ocrx_word' id='word_1_347' title='bbox 809 2691 997 2725; x_wconf 83' lang='lat' dir='ltr'><strong>Sanad.—1</strong></span> <span class='ocrx_word' id='word_1_348' title='bbox 1023 2690 1069 2721; x_wconf 78' lang='lat' dir='ltr'><strong>At</strong></span> <span class='ocrx_word' id='word_1_349' title='bbox 1083 2699 1100 2719; x_wconf 94' lang='grc' dir='ltr'><strong>ο</strong></span> <span class='ocrx_word' id='word_1_350' title='bbox 1117 2689 1252 2720; x_wconf 86' lang='lat' dir='ltr'><strong>Deorum</strong></span> <span class='ocrx_word' id='word_1_351' title='bbox 1269 2687 1406 2728; x_wconf 79' lang='lat' dir='ltr'><strong>quisquis</strong></span> <span class='ocrx_word' id='word_1_352' title='bbox 1418 2687 1451 2718; x_wconf 81' lang='lat' dir='ltr'><strong>in</strong></span> <span class='ocrx_word' id='word_1_353' title='bbox 1465 2686 1540 2717; x_wconf 83' lang='lat' dir='ltr'><strong>coelo</strong></span> <span class='ocrx_word' id='word_1_354' title='bbox 1554 2695 1605 2717; x_wconf 81' lang='lat' dir='ltr'><strong>re-</strong></span> 
     </span>
     <span class='ocr_line' id='line_1_55' title="bbox 147 2730 1603 2776; baseline -0.001 -15"><span class='ocrx_word' id='word_1_355' title='bbox 147 2730 202 2770; x_wconf 78' lang='lat' dir='ltr'><strong>gis</strong></span> <span class='ocrx_word' id='word_1_356' title='bbox 218 2730 374 2763; x_wconf 84' lang='lat' dir='ltr'><strong>Diomed.</strong></span> <span class='ocrx_word' id='word_1_357' title='bbox 391 2742 424 2773; x_wconf 83' lang='lat' dir='ltr'><strong>p.</strong></span> <span class='ocrx_word' id='word_1_358' title='bbox 437 2737 513 2766; x_wconf 78' lang='grc'><strong>527.</strong></span> <span class='ocrx_word' id='word_1_359' title='bbox 535 2741 571 2767; x_wconf 83' lang='lat' dir='ltr'><strong>et</strong></span> <span class='ocrx_word' id='word_1_360' title='bbox 586 2736 754 2767; x_wconf 86' lang='lat' dir='ltr'><strong>Priscian.</strong></span> <span class='ocrx_word' id='word_1_361' title='bbox 772 2745 807 2776; x_wconf 92' lang='lat' dir='ltr'><strong>p.</strong></span> <span class='ocrx_word' id='word_1_362' title='bbox 829 2737 921 2765; x_wconf 84' lang='lat'>1105.</span> <span class='ocrx_word' id='word_1_363' title='bbox 945 2734 1050 2764; x_wconf 82' lang='lat' dir='ltr'><strong>Brod.</strong></span> <span class='ocrx_word' id='word_1_364' title='bbox 1069 2732 1220 2763; x_wconf 79' lang='lat' dir='ltr'><strong>Florent.</strong></span> <span class='ocrx_word' id='word_1_365' title='bbox 1233 2733 1329 2761; x_wconf 81' lang='grc'><strong>1482.</strong></span> <span class='ocrx_word' id='word_1_366' title='bbox 1350 2730 1490 2761; x_wconf 85' lang='lat' dir='ltr'><strong>Venett.</strong></span> <span class='ocrx_word' id='word_1_367' title='bbox 1506 2730 1603 2760; x_wconf 80' lang='grc'><strong>1492.</strong></span> 
     </span>
     <span class='ocr_line' id='line_1_56' title="bbox 153 2772 1604 2818; baseline -0.001 -15"><span class='ocrx_word' id='word_1_368' title='bbox 153 2775 247 2804; x_wconf 82' lang='lat'><strong>1559.</strong></span> <span class='ocrx_word' id='word_1_369' title='bbox 270 2773 310 2804; x_wconf 73' lang='lat' dir='ltr'><strong>R,</strong></span> <span class='ocrx_word' id='word_1_370' title='bbox 324 2773 442 2815; x_wconf 83' lang='lat' dir='ltr'><strong>Stepb.</strong></span> <span class='ocrx_word' id='word_1_371' title='bbox 458 2781 495 2808; x_wconf 92' lang='lat' dir='ltr'><strong>et</strong></span> <span class='ocrx_word' id='word_1_372' title='bbox 511 2778 670 2818; x_wconf 77' lang='lat' dir='ltr'><strong>Rutgers.</strong></span> <span class='ocrx_word' id='word_1_373' title='bbox 694 2778 740 2809; x_wconf 77' lang='lat' dir='ltr'><strong>Ae</strong></span> <span class='ocrx_word' id='word_1_374' title='bbox 755 2788 773 2807; x_wconf 94' lang='lat' dir='ltr'><strong>o</strong></span> <span class='ocrx_word' id='word_1_375' title='bbox 789 2779 835 2812; x_wconf 88' lang='lat' dir='ltr'><strong>D.</strong></span> <span class='ocrx_word' id='word_1_376' title='bbox 851 2776 996 2818; x_wconf 78' lang='lat' dir='ltr'><strong>quicquid</strong></span> <span class='ocrx_word' id='word_1_377' title='bbox 1012 2776 1045 2806; x_wconf 80' lang='lat' dir='ltr'><strong>in</strong></span> <span class='ocrx_word' id='word_1_378' title='bbox 1059 2785 1087 2806; x_wconf 88' lang='lat' dir='ltr'><strong>c.</strong></span> <span class='ocrx_word' id='word_1_379' title='bbox 1103 2774 1189 2813; x_wconf 76' lang='lat' dir='ltr'><strong>regis</strong></span> <span class='ocrx_word' id='word_1_380' title='bbox 1207 2774 1304 2804; x_wconf 80' lang='lat' dir='ltr'><strong>Harl.</strong></span> <span class='ocrx_word' id='word_1_381' title='bbox 1316 2775 1348 2804; x_wconf 78' lang='lat'><strong>2.</strong></span> <span class='ocrx_word' id='word_1_382' title='bbox 1363 2772 1478 2813; x_wconf 84' lang='lat' dir='ltr'><strong>plures</strong></span> <span class='ocrx_word' id='word_1_383' title='bbox 1493 2776 1528 2802; x_wconf 88' lang='lat' dir='ltr'><strong>et</strong></span> <span class='ocrx_word' id='word_1_384' title='bbox 1544 2781 1604 2811; x_wconf 90' lang='lat' dir='ltr'><strong>po-</strong></span> 
     </span>
     <span class='ocr_line' id='line_1_57' title="bbox 153 2814 1602 2861; baseline -0.001 -15"><span class='ocrx_word' id='word_1_385' title='bbox 153 2815 255 2847; x_wconf 85' lang='lat' dir='ltr'><strong>tiores</strong></span> <span class='ocrx_word' id='word_1_386' title='bbox 274 2815 434 2856; x_wconf 79' lang='lat' dir='ltr'><strong>Bentleii,</strong></span> <span class='ocrx_word' id='word_1_387' title='bbox 451 2823 488 2849; x_wconf 87' lang='lat' dir='ltr'><strong>ut</strong></span> <span class='ocrx_word' id='word_1_388' title='bbox 505 2819 597 2851; x_wconf 81' lang='lat' dir='ltr'><strong>Leid.</strong></span> <span class='ocrx_word' id='word_1_389' title='bbox 616 2821 736 2861; x_wconf 86' lang='lat' dir='ltr'><strong>Regin.</strong></span> <span class='ocrx_word' id='word_1_390' title='bbox 752 2820 870 2853; x_wconf 82' lang='lat' dir='ltr'><strong>Graev.</strong></span> <span class='ocrx_word' id='word_1_391' title='bbox 885 2830 904 2851; x_wconf 82' lang='lat' dir='ltr'><strong>a</strong></span> <span class='ocrx_word' id='word_1_392' title='bbox 918 2829 962 2851; x_wconf 89' lang='lat' dir='ltr'><strong>m.</strong></span> <span class='ocrx_word' id='word_1_393' title='bbox 980 2828 1031 2860; x_wconf 91' lang='lat' dir='ltr'><strong>pr.</strong></span> <span class='ocrx_word' id='word_1_394' title='bbox 1049 2816 1202 2858; x_wconf 78' lang='lat' dir='ltr'><strong>Magdal.</strong></span> <span class='ocrx_word' id='word_1_395' title='bbox 1217 2816 1355 2858; x_wconf 81' lang='lat' dir='ltr'><strong>aliique,</strong></span> <span class='ocrx_word' id='word_1_396' title='bbox 1367 2814 1502 2858; x_wconf 80' lang='lat' dir='ltr'><strong>quidam</strong></span> <span class='ocrx_word' id='word_1_397' title='bbox 1517 2814 1602 2846; x_wconf 81' lang='lat' dir='ltr'><strong>Tor-</strong></span> 
     </span>
    </p>
   </div>
  </div>
 </body>
</html>
