1936 3236
534 308 808 341 cARMfflUM
844 308 942 338 ms.
973 308 1036 338 iv.
1064 297 1108 338 4.

391 405 623 447 Scctamur
642 405 773 454 ultro,
794 416 908 458 qnos
928 403 1103 456 opimus

447 470 621 512 Fallere
641 475 685 513 et
705 471 890 524 effugere
909 474 976 512 est
998 467 1255 524 triumphus.

334 538 472 588 Gens,
493 551 593 592 quae
616 544 814 580 cremato
834 538 959 580 fortis
979 539 1035 578 ab
1057 537 1144 578 Ilio

327 605 358 647 J
361 610 509 647 actata
529 605 696 646 Tuscis
719 606 972 659 aequoribus
992 617 1134 654 sacra,

389 673 628 726 Natosque
650 678 934 727 maturosque
956 676 1123 726 patres,

444 739 632 781 Pertulit
651 738 882 781 Ausonias
903 739 960 779 ad
982 740 1142 789 urbes3

328 806 463 847 Duris
485 810 531 848 ut
551 807 647 847 ilex
668 811 798 848 tonsa
818 805 1088 859 bipennibus

329 873 482 926 Nigrae
503 873 642 915 feraci
662 872 833 914 frondis
851 872 898 913 in
915 870 1095 924 Algido,

388 941 476 982 Per
497 941 675 990 damna,
694 954 774 995 per
798 939 965 989 caedem,
987 940 1043 981 ab
1066 939 1166 992 ipso

443 1007 584 1050 Ducit
605 1020 719 1062 opes
741 1007 1027 1060 animumque
1046 1005 1174 1048 serto.

327 1073 434 1116 Non
454 1074 612 1130 Hydra
632 1078 758 1116 secto
780 1086 965 1128 corpore
985 1073 1148 1114 firmior

1508 1003 1564 1046 60

102 1188 251 1227 tanquam
264 1185 360 1223 cervi,
371 1186 479 1225 proeda
500 1186 641 1225 luporum
654 1185 825 1226 rapacium,
839 1188 948 1225 sponte
961 1184 1121 1224 sequimur
1137 1182 1304 1217 Romanos,
1324 1191 1398 1222 quos
1412 1182 1566 1213 declinare

101 1233 132 1259 et
149 1228 267 1260 evitare
280 1227 416 1266 insignis
430 1230 477 1258 est
490 1228 674 1267 triumphus.
718 1228 780 1258 Illa
790 1229 891 1267 natio,
907 1237 974 1266 quse
990 1227 1029 1256 ab
1043 1227 1168 1257 incensa
1192 1225 1287 1263 Trnja
1309 1227 1350 1255 ad
1366 1225 1472 1256 Italia>
1487 1225 1565 1255 ciri-

104 1274 198 1308 tates,
213 1270 347 1300 Etr-um
370 1269 535 1307 exagitata
557 1269 650 1308 vnari,
658 1269 794 1305 sortiter
810 1269 1035 1307 transportavit
1057 1278 1158 1305 sacra,
1173 1267 1296 1303 liberos,
1310 1271 1340 1297 et
1367 1276 1454 1298 senes
1466 1277 1567 1306 gran-

102 1314 228 1348 doevos;
250 1311 332 1342 sicut
347 1310 414 1341 ilex
427 1312 506 1341 dura
519 1311 622 1341 secun·
636 1313 759 1341 attonsa
778 1310 812 1340 in
829 1310 945 1349 Algido
967 1310 1180 1341 ambr-asarum
1197 1309 1566 1349 frondiumsertili,jue-

102 1358 193 1386 taras
202 1353 286 1384 inter·
299 1356 332 1384 et
345 1353 444 1384 coedes
453 1352 629 1392 potentiam
642 1361 680 1382 uc
693 1353 845 1383 virtutem
855 1353 1008 1391 depromit
1021 1352 1060 1382 ab
1072 1352 1139 1391 ipso
1145 1351 1249 1388 serro-
1294 1352 1369 1382 Non
1382 1351 1485 1392 hydra
1498 1361 1564 1383 am-

705 1453 949 1466 Olomneoo

98 1513 147 1547 sic
162 1512 298 1545 omnino
312 1511 505 1544 Brod.—52
529 1510 674 1551 Cuning.
691 1509 799 1551 ejecit
815 1513 872 1550 est,
889 1510 1029 1551 regulis,
1043 1514 1082 1542 nt
1098 1509 1329 1550 ait,dncibns.
1374 1510 1462 1541 Erat
1480 1519 1563 1542 sane

94 1556 128 1588 in
145 1555 240 1597 Lips.
253 1558 284 1586 1.
301 1558 430 1595 puncto
446 1554 622 1594 supposito
639 1558 810 1592 notatum,
826 1553 859 1584 in
875 1553 977 1584 Dess.
994 1556 1026 1584 2.
1044 1553 1264 1584 deerat—53
1290 1553 1299 1570 ‘
1315 1551 1371 1584 Ita
1386 1553 1564 1594 interpun-

98 1597 247 1640 gendum
263 1596 411 1629 diximus
429 1596 471 1627 ad
487 1598 582 1634 virg.
603 1596 707 1628 Geor.
726 1604 783 1626 ιιι.
800 1598 853 1627 30.
877 1595 1048 1634 ntjactnta
1065 1596 1227 1636 respiciat
1243 1605 1359 1627 omnes
1376 1595 1563 1627 substanti-

98 1650 159 1673 vos
173 1639 330 1681 periodi!
361 1639 490 1678 Wakef.
535 1639 683 1679 Cuning.
708 1642 858 1670 cremata.
901 1639 982 1669 vid.
996 1640 1097 1670 Varr‚
1115 1639 1226 1670 Lectt.
1242 1638 1284 1669 ad
1312 1647 1338 1669 1.
1357 1638 1425 1669 Od.
1443 1641 1494 1669 10.
1510 1641 1562 1670 14.

98 1685 183 1714 -54
207 1683 300 1723 Lips.
318 1685 348 1713 l.
365 1683 444 1713 tutis
461 1691 522 1722 pro
540 1682 673 1717 Tuscis,·
703 1681 798 1722 Lips.
813 1684 844 1712 4.
868 1682 1067 1712 sacris.—50
1091 1681 1218 1712 Detulit
1233 1681 1390 1712 Ausonias
1416 1680 1513 1711 Harl.
1532 1684 1563 1712 6.

97 1728 183 1757 ——60
204 1725 352 1757 Beutieii
379 1725 534 1765 Magdal.
568 1729 605 1756 et
643 1723 743 1755 Bodi.
776 1727 806 1754 l.
840 1728 877 1755 et
911 1723 991 1754 edd.
1027 1725 1111 1755 Sivr.
1150 1733 1279 1763 opesque
1311 1723 1563 1762 animumque.—

760 1818 907 1852 NOTAE

97 1883 251 1926 effugere
268 1883 401 1924 opimus
419 1883 515 1915 nobis
531 1887 582 1916 est
599 1882 801 1924 triumphus.
857 1862 1030 1915 Hannibal
1055 1884 1204 1916 maxime
1229 1884 1417 1923 Romanos,
1440 1883 1562 1915 deletis

95 1935 238 1967 Scilicet
262 1933 439 1967 fortiorem
459 1934 634 1966 declinare
654 1934 800 1975 hostem,

95 1985 229 2027 species
245 1988 298 2016 est
312 1983 468 2026 quaedam
487 1985 650 2016 victoriae.

140 2037 182 2066 53
207 2035 306 2075 Gens,
331 2044 400 2075 quae
422 2038 572 2073 cremato,
585 2035 654 2075 εμπ]
679 2034 801 2066 Roma-

99 2096 144 2119 na
172 2097 254 2129 gens
281 2097 304 2118 a
326 2087 485 2128 Trojanis
510 2087 666 2118 oriunda.
710 2086 800 2118 Vide

98 2137 227 2170 sustin.
238 2137 300 2169 lib.
310 2146 418 2168 xmu.
432 2138 512 2168 item
529 2137 674 2168 Carmen
685 2137 801 2169 Saecu-

97 2187 171 2219 lare
187 2192 267 2229 post
282 2187 433 2228 Epodos.

141 2240 185 2270 54
222 2238 334 2279 Sam,
358 2238 534 2279 Notosque,
562 2238 633 2281 qa]
666 2238 799 2271 AEneid.

98 2298 124 2321 1.
141 2291 194 2321 10.
219 2288 230 2306 ‘
242 2288 459 2329 Inferretque
477 2290 568 2320 Deos
589 2288 710 2320 Latio)
756 2290 801 2320 Et

98 2338 231 2371 AEneid.
241 2347 282 2371 ιι.
292 2341 368 2370 747.
384 2342 392 2356 ‘
405 2339 602 2378 Ascanium,
615 2338 801 2370 Anchisen-

98 2397 164 2431 que
180 2393 325 2430 patrem,
341 2389 559 2430 Teucrosque
572 2389 745 2421 Penates!

139 2442 182 2470 55
205 2438 366 2479 Maturus]
390 2438 503 2470 AEtate
517 2444 554 2470 et
568 2440 707 2471 virtute.

140 2491 184 2520 56
203 2487 378 2528 Ausonias]
413 2488 624 2529 Synecdoch.
642 2499 720 2530 pars
737 2499 800 2531 pro

98 2541 173 2570 tota
190 2537 300 2571 Italia.
345 2538 435 2570 Nam
459 2538 610 2571 Ausonia
634 2540 728 2581 regio
747 2545 800 2572 est

100 2588 309 2629 Campaniae.

141 2641 183 2671 57
207 2637 310 2671 Duris
323 2643 359 2672 ut
371 2640 448 2676 ilex,
465 2640 536 2681 εμπ]
567 2639 666 2671 Sicut
682 2639 747 2670 itex
764 2643 800 2671 et

102 2687 168 2718 alit
188 2690 356 2729 quaelibet
379 2690 479 2722 arbor
503 2689 667 2721 resecatis
698 2690 799 2721 ramis

102 2737 238 2768 uberius
261 2740 405 2779 pullulat
431 2745 468 2772 et
490 2740 629 2779 crescit,
662 2740 712 2771 ita
732 2741 798 2771 Ro-

103 2786 192 2818 mani
207 2787 357 2821 adversis
373 2791 507 2822 casibus
524 2791 634 2823 attriti
653 2791 798 2822 invales-

102 2841 184 2868 cunt
199 2837 302 2878 magis
318 2847 358 2871 ac
372 2841 488 2881 magis.
534 2842 637 2873 Certe
662 2840 798 2882 quando

855 1943 973 1966 eorum
1004 1935 1226 1974 exercitibus,
1257 1934 1458 1976 premebat;
1489 1941 1560 1966 tuni

855 1985 969 2024 copias
987 1990 1101 2017 tamen
1118 1985 1378 2017 summittebant
1390 1985 1422 2016 in
1433 1985 1561 2026 Hispa-

854 2035 959 2076 niam,
980 2035 1144 2076 Siciliam,
1168 2035 1381 2067 Sardiniam:
1407 2035 1559 2078 adeoque

854 2086 937 2117 locis
953 2092 1100 2128 quatuor
1115 2096 1182 2118 uno
1200 2086 1390 2128 eodemque.
1405 2093 1560 2128 tempore

855 2135 1114 2176 depugnabant.
1158 2136 1247 2167 Vide
1266 2135 1397 2167 AEneid.
1414 2145 1456 2168 11.

897 2191 939 2219 58
962 2186 1096 2228 Algido]
1113 2187 1182 2219 Hic
1198 2197 1294 2218 mons
1309 2187 1383 2228 agri
1398 2186 1560 2218 Tuscula-

853 2237 887 2269 ni
902 2247 964 2279 pro
986 2237 1138 2279 quolibet
1161 2237 1228 2269 alio
1252 2238 1404 2279 ponitur.
1448 2238 1501 2269 De
1517 2247 1559 2269 eo

856 2298 883 2322 1.
899 2288 967 2320 Od.
982 2292 1035 2320 21.

896 2342 936 2371 61
963 2339 1094 2380 Hydra]
1109 2337 1560 2379 Portentosaserpens,plu-

853 2389 947 2421 ribus
964 2389 1099 2421 horrida
1120 2389 1306 2430 capitibus,
1321 2398 1464 2430 quorum
1491 2396 1559 2417 uuo

852 2440 1018 2480 abscisso,
1046 2440 1136 2472 aliud
1171 2439 1427 2479 renascebatur,
1457 2438 1558 2468 immo

852 2495 986 2531 septem
1001 2490 1067 2522 alia
1083 2489 1361 2522 succrescebant.
1389 2488 1444 2519 Ita
1459 2486 1559 2518 fabu-

851 2541 995 2572 latores:
1039 2540 1087 2572 At
1116 2544 1255 2571 constat
1274 2538 1430 2580 Hydram
1454 2536 1557 2569 fuisse

853 2591 965 2622 locum
979 2600 1083 2631 aquas
1100 2593 1316 2620 evomentem
1332 2587 1557 2628 copiosiores,

853 2642 889 2672 in
906 2640 1027 2671 intimo
1050 2639 1143 2670 sinus
1168 2638 1322 2679 Argolici
1348 2646 1494 2674 recessu,
1520 2643 1557 2669 et

852 2690 956 2732 quod,
986 2694 1058 2721 uno‘
1081 2693 1198 2720 meatu
1228 2688 1415 2727 obstructo,
1437 2688 1555 2719 munis

852 2739 927 2771 aiiis
965 2739 1206 2780 erumpebant,
1235 2741 1342 2770 totam
1379 2738 1555 2779 regionem

851 2789 1178 2821 circumvastantes:
1205 2793 1320 2820 tamen
1336 2788 1490 2820 adhibito
1506 2788 1555 2819 in—

850 2839 975 2873 cendio
990 2839 1160 2872 Hercules
1173 2839 1362 2872 exsiccavit
1373 2849 1446 2871 eam
1459 2839 1554 2880 palu-
