1904 3256
651 283 840 332 Beonan
875 301 1039 332 muna.
1483 290 1570 331 653

351 396 411 439 Ut
428 395 583 451 gaudet
601 395 778 438 insitiva
796 395 1032 451 decerpens
1050 406 1176 449 pyra,

405 463 651 505 Certantem
673 467 719 505 et
735 476 866 505 uvam
887 475 1112 518 purpurae,
1512 462 1568 502 20

348 530 454 582 Qua
473 535 720 571 muneretur
740 534 801 580 te,
823 530 1001 584 Priape,
1019 532 1062 571 et
1080 535 1140 580 te,
1161 531 1286 583 pater

403 597 613 651 Sylvane‚
632 601 750 639 tutor
765 598 942 640 finium!

347 664 478 706 Libet
488 664 641 718 jacere
661 666 792 707 modo
811 667 893 708 sub
915 666 1100 720 antiqua
1118 664 1236 713 ilice,
1304 666 1306 669 ’

405 730 546 773 Μοᾶο
565 732 610 773 in
630 733 772 774 tenaci
792 732 1001 786 gramine.

346 798 578 840 Labuntur
597 799 700 841 altis
721 799 896 841 interim
915 799 1028 852 ripis
1049 810 1181 852 aquae
1199 811 1211 850 ;
1513 798 1569 838 25

407 865 658 916 Queruntur
678 867 722 908 in
742 866 882 921 sylvis
901 878 1035 917 aves;

118 1024 210 1055 quam
222 1016 352 1047 loetutur
364 1017 514 1056 colligens
533 1026 614 1059 pyra
628 1016 772 1056 insitiva,
786 1020 817 1049 et
831 1027 909 1049 uvas
930 1027 1078 1058 purpuroe
1092 1018 1230 1055 aemulas,
1246 1027 1322 1057 quas
1336 1016 1395 1048 tibi
1410 1015 1535 1057 offerat,
1554 1026 1570 1045 ο

123 1057 250 1098 Priape,
265 1059 391 1099 tibique,
406 1059 543 1100 Sylvane
561 1069 684 1100 parens,
697 1069 844 1099 agrorum
858 1059 987 1092 custos!
1032 1061 1123 1091 Nunc
1143 1061 1243 1100 placet
1258 1059 1432 1091 recumbere
1445 1059 1501 1090 sub
1516 1067 1570 1088 an·
1611 1075 1614 1078 >

124 1108 199 1131 noea
213 1110 341 1143 quercu,
356 1111 434 1133 nuuc
447 1111 541 1142 super
555 1102 679 1134 herbam
693 1103 907 1135 virescentem.
939 1103 1067 1134 Interea
1081 1104 1155 1134 dum
1168 1102 1269 1134 amnis
1282 1102 1393 1144 defluit
1407 1103 1486 1143 ripis
1499 1100 1571 1132 sula-

742 1216 967 1230 “OmmOO

119 1301 244 1334 Bland.
260 1305 289 1334 1.
305 1304 337 1334 2.
351 1304 383 1334 3.
399 1303 431 1333 4.
446 1302 602 1344 Cmquii,
617 1312 734 1334 omnes
747 1301 820 1335 fere
834 1304 1002 1344 Lambini,
1016 1309 1051 1336 et
1066 1304 1185 1337 (ἔνων.
1200 1303 1298 1335 Leid.
1313 1302 1432 1343 Regin.
1447 1301 1574 1344 aliique

122 1345 272 1376 Bentleii
288 1354 364 1376 cum
380 1345 492 1376 Schol.
509 1345 684 1386 Porphyr.
706 1345 848 1378 Venett.
865 1349 960 1379 1477.
976 1349 1071 1378 1478.
1085 1349 1179 1377 1479.
1203 1351 1239 1377 et
1253 1346 1334 1377 Vet.
1350 1344 1470 1376 Comb.
1484 1346 1574 1382 agris

121 1387 250 1426 extulit,
278 1387 354 1417 'uod
378 1391 584 1427 receperunt
605 1387 720 1418 Bentl.
737 1387 885 1428 Cuning.
909 1389 1036 1419 Sanad.
1057 1389 1208 1427 Towers,
1223 1387 1375 1424 Francis,
1386 1385 1520 1418 Wakef.
1537 1392 1574 1418 et

122 1428 228 1460 Kidd.
264 1396 339 1459 {ed
367 1429 455 1459 urvis
482 1428 597 1459 extulit
622 1434 761 1460 servant
786 1429 894 1460 ceteri
919 1429 1021 1460 codd.
1046 1429 1199 1469 ctuquii,
1226 1428 1378 1459 nonnulli
1403 1428 1573 1468 Lambini,

121 1468 221 1503 Harl.
235 1472 268 1501 2.
283 1473 314 1501 3.
330 1473 362 1501 6.
386 1470 515 1511 aliquot
530 1469 692 1509 Bentleii,
705 1470 833 1502 Battel.
849 1471 1008 1502 Petrens.
1022 1475 1059 1502 et
1074 1471 1214 1512 Vigorn.
1229 1471 1355 1501 Venet.
1373 1471 1468 1501 1490.
1494 1470 1572 1501 Flo-

119 1517 207 1545 rent.
221 1514 316 1544 1482.
340 1512 480 1544 Loeher.
499 1511 578 1543 Ald.
593 1511 724 1553 Gryph.
740 1512 860 1545 Lamb.
878 1513 983 1555 Cruq.
1002 1513 1159 1545 Torrent.
1171 1513 1290 1554 Stepb.
1314 1512 1437 1544 Heius.
1461 1512 1574 1545 Bond.

117 1554 289 1588 Sebrevel.
307 1553 433 1595 Delpb.
449 1554 551 1586 But.
565 1554 708 1595 Bipont.
722 1555 863 1587 Mitscb.
878 1556 1021 1588 Wetzel.
1033 1561 1070 1588 et
1083 1555 1290 1589 Comb.-2o
1303 1555 1460 1588 Quntuor
1471 1555 1572 1587 codd.

120 1596 242 1629 Bland.
255 1597 394 1638 Crnquii
405 1599 643 1638 primurm-23
667 1597 735 1628 Hic
751 1602 848 1630 secta
862 1603 917 1630 est
932 1599 1005 1630 baec
1017 1598 1095 1630 Ode
1111 1599 1146 1630 in
1161 1598 1292 1630 duobus
1309 1597 1572 1630 codd.131andd.

121 1644 156 1672 et
172 1649 238 1672 uno
254 1639 453 1675 Buslidiano
470 1649 524 1680 ap.
544 1639 741 1681 Cruqnium,
766 1640 816 1671 bis
833 1641 960 1680 verbis,
975 1641 1381 1680 Introdueitfoeneratorem
1396 1641 1574 1671 laudantem

119 1682 218 1715 vitan
232 1682 378 1724 quddam,
392 1683 446 1714 sed
460 1685 561 1713 tamen
574 1682 767 1722 propositum
781 1692 842 1714 non
856 1684 1058 1720 deserentem,
1074 1684 1171 1724 quasi
1196 1683 1263 1714 alia
1287 1683 1331 1714 sit
1351 1683 1426 1714 haee
1450 1681 1528 1714 ode
1553 1693 1573 1714 a

111 1725 239 1799 Ιῧίοῑί.
290 1723 406 1766 Atque
429 1726 514 1756 hauc
541 1723 802 1756 dictinctionem
829 1734 1046 1767 propugnare
1077 1726 1213 1757 videtur
1238 1725 1429 1757 Glareanus
1453 1729 1574 1756 contra

163 1767 463 1801 aucmentum—25
475 1766 675 1798 Torrentius
691 1772 728 1798 et
743 1767 928 1799 Lambinus
952 1777 994 1799 ex
1016 1768 1170 1808 pluribus
1196 1772 1231 1798 et
1255 1766 1451 1798 melioribus
1474 1766 1576 1798 codd.

121 1809 288 1852 Cruquius
305 1820 347 1841 ex
363 1809 540 1851 antiquiss,
557 1809 681 1841 Bland.
706 1809 779 1851 (qui
805 1810 904 1850 gloss.
919 1810 1037 1849 habet,
1059 1810 1099 1842 ab
1117 1811 1192 1842 aleis
1205 1809 1284 1841 rivis
1297 1809 1443 1841 labuntur
1455 1808 1572 1850 aquoe,)

121 1854 158 1884 et
171 1852 275 1884 ant.
291 1852 370 1883 rivis
382 1862 492 1893 aquoe;
514 1857 549 1883 et
564 1852 612 1883 sic
629 1851 740 1883 codex
754 1853 967 1890 Bersmanni,
982 1853 1135 1884 nonnulli
1149 1853 1266 1885 Bentl.
1283 1856 1319 1883 et
1334 1851 1433 1884 Harl.
1450 1854 1481 1883 4.
1503 1851 1573 1882 Sed

119 1894 198 1936 ripis
212 1894 376 1927 exhibent
389 1895 486 1926 Harl.
505 1897 532 1925 1.
547 1897 578 1925 2.
593 1897 625 1925 3.
639 1896 670 1925 6.
694 1895 802 1926 ceteri
818 1895 982 1933 Bentleii,
997 1900 1067 1927 tres
1083 1895 1206 1927 Bland.
1220 1900 1255 1925 et
1271 1894 1381 1926 ceteri
1396 1904 1453 1935 ap.
1470 1894 1572 1934 Cruq.

121 1937 200 1970 edd.
224 1942 311 1970 vett.
331 1937 452 1979 steph.
474 1936 586 1968 Bond.
610 1936 731 1969 Heius.
756 1937 935 1969 Schrevel:
956 1937 1062 1969 Gesn.
1088 1937 1196 1969 Zeun.
1220 1937 1337 1969 Bentl.
1358 1937 1483 1968 Sanad.
1506 1936 1573 1968 Cu-

771 2054 915 2087 NOTAE

167 2140 209 2170 19
230 2137 366 2170 [mirina
391 2139 486 2180 pyra]
524 2138 674 2178 Proprio
703 2138 819 2171 labore
874 2163 884 2173 .
901 2163 910 2173 .
925 2164 957 2174 ..
973 2141 1019 2173 Et
1050 2140 1162 2172 varios
1190 2139 1288 2181 ponit
1311 2138 1414 2171 foetus
1440 2143 1572 2170 autum-

123 2187 226 2220 insita
247 2192 284 2220 et
308 2188 464 2225 educata,
487 2193 524 2220 et
545 2188 624 2220 hinc
649 2189 749 2230 longe
764 2190 819 2231 ju·
871 2200 957 2222 nus:
980 2196 1016 2222 et
1031 2191 1099 2222 alte
1115 2190 1214 2222 Mitis
1228 2190 1263 2221 in
1278 2189 1404 2231 apricis
1417 2190 1573 2231 coquitur

125 2238 299 2269 cundiora.
873 2240 1044 2272 vindemia
1057 2240 1168 2271 saxis?

162 2289 206 2326 20
230 2288 409 2320 Cer-tantem
421 2291 453 2320 et
465 2297 557 2320 uvam
565 2289 730 2330 purpurea]
745 2289 819 2321 Ma·
914 2293 956 2323 23
983 2290 1074 2322 Libet
1087 2290 1194 2329 jacere
1214 2289 1316 2330 modo]
1342 2290 1420 2322 Hoc
1444 2289 1572 2322 frustra

123 2342 235 2370 turam
263 2339 410 2379 scilicet,
440 2343 476 2371 et
506 2347 676 2380 purpureo
705 2340 820 2372 colore
873 2345 997 2381 putant
1025 2341 1128 2383 aliqui
1166 2350 1263 2373 novae
1301 2341 1396 2373 Odes
1428 2341 1572 2372 initium.

125 2394 266 2429 gratam.
873 2391 998 2432 Virgil.
1027 2391 1087 2423 cit.
1117 2391 1336 2432 ‘Speluncae‚
1362 2391 1497 2432 vivique
1524 2391 1572 2421 la-

135 2473 138 2475 ,
166 2441 206 2470 21
232 2438 366 2480 Priape]
401 2438 588 2472 Hortorum
605 2440 700 2471 Deus
715 2444 752 2472 et
768 2445 822 2472 tu·
872 2451 945 2480 cus,
971 2451 1011 2473 ac
1034 2440 1163 2482 frigida
1185 2441 1331 2481 Tempe,
1350 2441 1572 2480 Mugitusque

126 2492 190 2520 tor.
873 2491 987 2531 boum,
1009 2492 1198 2532 mollesque
1227 2490 1290 2522 sub
1318 2490 1437 2521 arbore
1464 2489 1574 2519 somni

166 2541 209 2571 22
240 2539 390 2581 Sylvane]
426 2538 596 2580 Agrorum
628 2549 755 2581 praeses
785 2544 823 2572 et
874 2542 951 2574 Non
970 2541 1112 2573 absunt:
1135 2540 1204 2571 illic
1220 2541 1327 2571 saltus
1345 2548 1384 2571 nc
1399 2539 1508 2570 lustra
1522 2538 1572 2570 fe-

129 2592 254 2622 eutot.
292 2590 415 2631 Virgil.
430 2590 558 2631 Georg.
576 2599 615 2621 11.
630 2590 690 2622 cit.
715 2590 725 2607 ‘
739 2591 822 2621 For·
873 2591 1012 2623 rarum!

130 2641 265 2670 tuuatus
279 2644 315 2672 et
330 2641 386 2672 ille
403 2641 496 2673 Deos
512 2641 570 2682 qui
584 2641 680 2672 novit
693 2639 820 2680 Agres-
916 2643 956 2671 25
972 2639 1138 2671 Labuntur
1152 2637 1226 2669 ultis
1239 2636 1366 2668 interim
1379 2636 1458 2677 ripis
1471 2638 1573 2679 aque]

128 2691 194 2726 tes,
226 2687 394 2731 Panaque,
413 2691 661 2732 Sylvanumque
681 2690 820 2731 senem}
873 2691 951 2731 Vel,
975 2699 1017 2722 ex
1041 2690 1110 2721 alto
1134 2687 1279 2730 quodam
1301 2687 1374 2719 loco
1395 2686 1570 2727 defluunt;

129 2739 192 2769 &m
235 2738 282 2770 Et
305 2746 439 2780 postea:
460 2743 471 2762 ⁴
485 2744 560 2775 Nee
574 2743 722 2784 requies,
737 2743 819 2784 quin
872 2742 939 2781 vel,
956 2739 1124 2782 profundo
1143 2742 1286 2771 currunt
1307 2738 1414 2770 alveo.
1449 2738 1571 2779 Vir-gil.

128 2792 186 2819 aut
203 2788 310 2828 pomis
328 2791 490 2823 exuberet
505 2802 624 2831 annus,
648 2792 719 2824 Aut
733 2792 818 2824 foetu
873 2791 1000 2831 Georg.
1019 2790 1080 2822 cit.
1103 2790 1112 2806 ‘
1130 2789 1219 2820 Rura
1236 2787 1314 2819 mihi
1337 2795 1373 2820 et
1394 2788 1480 2830 rigui
1500 2789 1571 2830 pla-

130 2847 302 2880 poeomm,
316 2844 375 2872 aut
389 2839 537 2874 Cerealis
548 2843 689 2884 mergite
704 2844 818 2877 culmi.
873 2846 974 2874 ceant
986 2842 1020 2873 in
1037 2839 1180 2872 vallibus
1195 2837 1332 2870 amnes!
1394 2875 1398 2879 ι
