1956 3236
426 287 509 330 838

898 305 941 340 Q.
970 300 1177 331 HORATH
1212 299 1380 328 FLAcm

979 471 1210 513 SATIRA
1239 471 1298 513 V.

873 581 921 612 1¹1*
931 581 989 611 ER
1021 581 1306 612 BRUNDUSIN
1318 581 1399 611 UM.

423 663 476 695 Ad
498 665 742 705 componendas
765 667 1012 697 controversias
1028 667 1118 698 inter
1133 666 1319 708 Augustum
1335 670 1370 698 et
1385 665 1566 697 Antonium
1590 670 1679 697 ortas
1699 674 1845 697 conven-

467 722 518 747 tus
532 717 706 758 utriusque
727 718 927 758 legatorum,
948 719 990 749 de
1008 728 1074 759 quo
1088 719 1252 750 videndus
1274 723 1327 750 est
1342 718 1410 750 Dio
1425 718 1559 750 Cassius
1583 726 1707 748 xnvnr.
1721 720 1773 749 54.
1790 718 1846 748 ha-

467 768 556 798 bitus
572 773 623 800 est
646 774 805 801 autumno
829 771 960 802 anniU.
976 771 1015 802 C.
1037 773 1111 802 717.
1125 770 1319 810 Brundusii,
1342 779 1407 811 quo
1422 771 1537 801 missus
1560 774 1612 801 est
1635 769 1676 800 ab
1692 769 1846 808 Augusto

465 819 648 851 Maecenas.
691 821 768 852 Hoc
784 821 884 861 igitur
895 822 960 853 iter
975 822 1148 859 Horatius,
1164 819 1218 862 qui
1235 830 1309 853 cum
1321 822 1393 853 aliis
1409 821 1441 852 in
1458 821 1634 853 comitibus
1645 819 1846 851 Maecenatis

465 869 542 910 fuit,
557 871 677 911 jocose
703 873 872 905 describit.

916 874 1098 904 Materiam
1120 873 1250 904 ridendi
1269 873 1397 913 praebet
1422 872 1615 904 conscensio
1630 871 1764 911 navigii,
1777 880 1846 901 ma-

465 921 627 960 gistratus
641 924 831 963 Fundanus,
848 925 986 955 duorum
1002 934 1187 955 scurrarum
1204 925 1423 964 concertatio,
1438 924 1561 955 assatio
1574 932 1759 954 maerorum
1776 927 1846 952 tnr-

466 972 597 1012 dorum,
614 975 728 1014 puella
748 975 903 1014 mendax,
924 985 998 1017 quae
1022 976 1167 1007 Horatio
1192 981 1326 1007 noctem
1353 977 1549 1016 promissam
1572 985 1637 1009 non
1652 978 1779 1013 servat,
1794 982 1847 1004 su-

466 1026 622 1066 perstitio
637 1027 902 1067 Egnatiensium,
918 1032 953 1059 et
968 1028 1043 1058 alia.

423 1112 688 1152 EGnEssuM
707 1124 866 1164 magna
884 1125 952 1154 me
973 1113 1149 1165 excepit
1167 1111 1318 1153 Aricia
1337 1112 1482 1152 Roma

425 1177 637 1230 Hospitio
656 1178 862 1229 modic03
892 1179 1058 1219 Rhetor
1081 1190 1233 1219 comes
1254 1177 1539 1226 Heliodorus,

423 1243 674 1285 Graecorum
695 1244 851 1296 linguae
873 1244 1185 1286 doctissimus:
1214 1243 1316 1285 inde
1335 1243 1497 1284 Forum
1518 1243 1652 1297 Appi,

466 1362 586 1401 BIugna
603 1363 700 1393 Roma
715 1373 870 1402 egressum
884 1372 931 1393 me
946 1364 1067 1402 excepit
1079 1362 1189 1393 Aricia
1197 1372 1293 1403 parvo
1307 1362 1449 1401 hospitio.
1499 1360 1710 1391 eomitabatm·
1721 1367 1769 1391 me
1783 1341 1848 1391 lie·

423 1402 556 1434 liodorus
593 1405 698 1435 rhetor
731 1406 814 1435 inter
845 1405 973 1435 Groecos
1001 1404 1240 1435 eruditissimus.
1291 1403 1377 1434 Hinc
1403 1403 1594 1442 perreximus
1618 1403 1659 1432 ad
1685 1405 1849 1432 mercatum

1017 1497 1036 1507 e
1040 1495 1251 1509 oeooeoeaeeee

464 1564 575 1595 Satira
599 1570 721 1604 quarta
744 1565 834 1596 Libri
860 1566 958 1605 primi
983 1566 1016 1596 in
1044 1566 1098 1597 ed.
1113 1566 1302 1597 Sanad.—l
1327 1565 1424 1595 Harl.
1439 1567 1470 1594 2.
1484 1567 1515 1595 7.
1543 1567 1578 1594 et
1601 1562 1738 1603 Cruquii
1761 1562 1848 1594 Nan,

424 1607 525 1636 Tons.
542 1612 577 1636 et
598 1607 735 1637 Mai-tin.
757 1616 804 1637 me
817 1608 908 1647 cepit.
952 1607 1049 1637 Harl.
1068 1611 1099 1638 3.
1119 1610 1151 1638 4.
1173 1610 1205 1638 6.
1230 1607 1376 1637 nonnulli
1393 1606 1509 1637 Lamb.
1524 1604 1679 1635 Torrent.
1695 1609 1730 1634 et
1745 1603 1849 1643 Cruq.

424 1648 506 1678 item
521 1642 635 1678 Beati?
650 1647 765 1678 Lamb.
778 1648 880 1688 Cruq.
895 1649 1052 1680 Torrent.
1065 1649 1262 1685 Francis‚et
1278 1647 1381 1679 Kidd.
1394 1657 1441 1678 me
1455 1647 1581 1686 accepit.
1623 1644 1747 1676 Sanad.
1759 1650 1849 1676 men-

425 1688 599 1719 dosissime
625 1699 671 1719 me
695 1689 819 1729 accipit.
863 1689 1043 1721 Nunnuuae
1071 1694 1156 1720 vett.
1180 1689 1362 1720 Arium—3
1395 1689 1575 1720 Groecorum
1596 1687 1686 1726 longe
1711 1686 1806 1718 Harl.
1821 1689 1851 1716 3.

423 1730 573 1761 nonnulli
590 1730 691 1761 codd.
707 1730 847 1771 Cruquii
869 1736 903 1762 et
917 1732 1074 1762 Torrent.
1090 1736 1125 1762 et
1149 1731 1227 1762 edd.
1244 1736 1329 1762 vett.
1353 1730 1410 1762 Gr.
1429 1730 1545 1769 lingum
1567 1728 1663 1760 Harl.
1679 1731 1711 1760 2.
1724 1731 1756 1760 4.
1769 1730 1801 1758 G.
1816 1731 1848 1758 7.

424 1773 509 1803 Exc.
519 1772 598 1804 Sax.
612 1773 759 1814 quinque
775 1773 926 1814 Cruquii,
938 1773 1082 1805 totidem
1097 1773 1276 1809 Torrentii‚
1290 1773 1417 1813 aliquot
1428 1771 1594 1810 Lambini,
1606 1770 1722 1802 Zarot.
1739 1769 1850 1801 Bentl-

1071 1877 1103 1908 N
1109 1877 1209 1908 OTAE

467 1953 484 1980 1
510 1950 678 1988 Egressum
705 1959 830 1989 magna,
858 1950 924 1990 ἃμ]
965 1950 1111 1981 Lucilius

422 1999 536 2030 Satira
551 2009 611 2029 sua
627 2008 684 2029 ιιι.
700 1996 926 2040 descripserat
946 2000 1009 2030 iter
1023 1999 1110 2040 quod

425 2048 467 2078 ab
483 2048 566 2078 urbe
586 2047 691 2078 Roma
715 2048 878 2087 Capuam,
903 2047 1047 2088 indeque
1069 2049 1111 2079 ad

424 2097 569 2128 Siculum
586 2096 709 2127 fretum
727 2097 856 2128 obierat
871 2108 880 2128 ε
903 2097 956 2127 bic
972 2098 1110 2135 Noster,

424 2146 497 2186 ejus
519 2146 686 2185 exemplo,
711 2155 805 2176 suum
831 2147 935 2177 Roma
955 2147 1109 2178 Brundu-

423 2196 508 2226 sium
524 2195 590 2226 iter
611 2194 721 2226 facete
747 2195 924 2226 admodum
940 2195 1114 2234 describit,

424 2244 499 2284 plus
513 2242 712 2282 μωμοσκόπον
728 2253 829 2284 agens
846 2254 944 2284 quam
959 2243 1112 2284 τοπογρά-

424 2298 497 2333 φον,
512 2299 548 2324 ut
570 2293 618 2324 ait
644 2293 821 2333 Cruquius.
864 2293 962 2324 Anno
983 2293 1114 2324 scilicet

425 2339 469 2373 U.
483 2343 521 2372 C.
544 2345 618 2374 ⁷13.
642 2342 836 2373 Antonianis
857 2347 893 2372 et
914 2341 1113 2372 Octavianis

426 2389 675 2430 dissidentibus,
698 2391 864 2430 utrimque
893 2389 1019 2421 delecti
1053 2390 1114 2420 viri

426 2445 502 2471 sunt
519 2441 574 2480 qui
597 2449 649 2470 res
672 2440 854 2471 Antonium
878 2441 964 2470 inter
986 2445 1022 2470 et
1044 2439 1112 2470 Au-

425 2494 556 2530 gustum
574 2494 825 2529 componerent.
868 2490 989 2530 ltaque
1006 2490 1113 2520 Brun-

426 2539 569 2578 dusium,
584 2539 671 2579 quod
689 2538 827 2570 Antonii
843 2539 1012 2570 exercitus
1027 2539 1113 2570 obsi-

426 2588 525 2618 dione
555 2587 743 2626 premebat,
780 2595 966 2618 convenere
996 2588 1114 2628 legati,

424 2638 596 2668 Maecenas
625 2637 667 2668 ab
694 2635 861 2675 Augusto,
887 2637 1048 2668 Fonteius
1071 2637 1113 2667 ab

426 2684 586 2724 Antonio,
609 2695 683 2716 cum
706 2686 852 2716 Cocceio
872 2685 1012 2725 perinde
1028 2687 1112 2716 utri-

416 2738 528 2774 usque
545 2734 762 2773 Imperatoris
775 2735 892 2772 amico,
905 2735 958 2774 qui
976 2734 1109 2774 quidem

426 2786 574 2823 optatam
612 2782 723 2813 fecere
767 2793 894 2822 pacem,
938 2782 1109 2823 foedusque

1165 1950 1410 1981 Brundusinum
1423 1949 1502 1980 inde
1514 1949 1642 1980 dictum
1654 1952 1850 1979 sanxerunt.

1164 1999 1271 2030 Porro
1287 1999 1510 2030 Maecenatem
1526 1998 1604 2029 illuc
1627 1995 1728 2028 officii
1750 2005 1851 2027 caiisa

1165 2047 1273 2078 secuti
1290 2047 1462 2082 Horatius,
1475 2045 1649 2085 Virgilius,
1663 2049 1699 2076 et
1715 2044 1782 2086 alii.

1206 2092 1330 2136 An‘cia]
1363 2094 1571 2135 Oppidulum
1590 2094 1626 2125 iu
1648 2094 1762 2135 Appia
1785 2093 1851 2133 via,

1164 2143 1294 2175 distans
1323 2144 1429 2175 Roma
1454 2144 1535 2175 mill.
1555 2153 1645 2184 pass.
1674 2145 1726 2174 16.
1755 2142 1851 2174 liodie

1164 2194 1194 2223 la
1214 2193 1332 2231 Riccia,
1347 2193 1497 2224 Ducatus
1510 2193 1651 2232 insignia
1662 2195 1822 2224 ostentat.

1206 2243 1226 2272 2
1251 2241 1368 2272 Rhetor
1393 2251 1490 2272 comes
1525 2239 1730 2281 Heliodorus]
1773 2237 1850 2272 nuc

1166 2290 1313 2330 pertinet
1329 2290 1415 2330 quod
1441 2290 1556 2321 aiunt:
1579 2290 1588 2307 ‘
1604 2287 1779 2320 Facundus
1793 2298 1850 2320 co-

1166 2348 1235 2370 mes
1252 2340 1284 2370 in
1300 2338 1352 2369 via
1366 2347 1428 2378 pro
1439 2338 1592 2369 vehiculo
1603 2342 1654 2368 est
1667 2336 1692 2367 :’
1706 2337 1850 2368 maxime

1166 2390 1254 2432 quod
1273 2389 1432 2422 Horatius
1454 2390 1569 2421 Graeci
1593 2393 1669 2420 erat
1690 2391 1849 2420 sermonis

1165 2441 1437 2472 studiosissimus.

1208 2493 1226 2520 3
1253 2490 1428 2520 Groecorum
1442 2487 1556 2527 lingum
1579 2486 1696 2528 [longe]
1714 2487 1851 2518 doctissi-

1166 2539 1247 2578 mus]
1271 2537 1415 2570 Quidam
1439 2537 1567 2577 legunt,
1592 2537 1769 2567 Groecorum
1791 2537 1850 2567 lin-

1163 2597 1235 2628 gnoe
1251 2587 1456 2618 doctissimus.-
1472 2586 1527 2616 sed
1543 2594 1729 2626 perperam.
1745 2586 1850 2626 Quip-

1167 2647 1220 2676 pe,
1232 2643 1268 2667 ut
1284 2636 1488 2675 redarguunt
1502 2635 1569 2674 alii,
1584 2644 1657 2675 quae
1673 2634 1744 2665 laus
1759 2638 1849 2665 esset

1164 2685 1228 2716 ista
1263 2685 1403 2715 Rhetori
1439 2683 1574 2722 Graeco,
1608 2683 1762 2715 Graecam
1788 2682 1850 2713 lin-

1164 2744 1259 2775 guam
1277 2734 1429 2775 apprime
1445 2733 1591 2765 callere?
