1904 3256
364 329 447 371 662

829 344 871 381 Q.
903 341 1112 372 HORATII
1146 338 1316 371 FLACCI

589 433 685 474 Nec
705 445 859 473 munus
877 432 1067 472 humeris
1088 431 1276 473 efficacis
1297 430 1505 472 Herculis
1555 453 1558 456 ·

639 497 795 538 Inarsit
815 497 1061 538 aestuosius.

586 563 659 612 At,
679 562 834 616 siquid
856 575 1048 615 unquam
1070 563 1156 602 tale
1176 563 1490 616 concupiveris,

642 629 671 669 J
676 641 807 668 ocose
826 627 1066 676 Maeconas,
1083 640 1231 679 precor

1729 627 1784 667 20

588 693 768 734 Manum
787 692 935 745 puella
954 693 1078 732 savio
1099 696 1294 745 opponat
1315 699 1404 741 tuo,

644 757 854 798 Extrema
873 762 917 797 et
935 758 978 797 in
1000 757 1171 810 sponda
1186 758 1327 798 cubet.

367 887 520 915 astrorum
534 886 616 916 calor
630 884 763 915 incendit
777 883 922 923 Apuliam
935 883 1056 913 siccam.

1105 883 1208 922 Neque
1222 882 1438 930 donum-salale
1453 882 1656 912 vehementius
1668 879 1788 919 influm-

367 926 462 956 maeit
475 926 613 957 humeros
629 926 774 956 Herculis
787 925 939 955 laboriosi.
987 924 1099 954 Verum
1124 926 1287 958 enimvero,
1309 934 1338 954 st
1363 924 1517 964 quidpiam
1542 923 1686 961 ejusnwdi
1705 923 1789 952 ultra

367 970 503 1006 oppetas,
520 978 536 998 ο
558 968 712 998 Maecenas
725 967 808 1005 jocis
829 967 978 1004 gaudens,
995 966 1086 995 velim
1112 969 1144 996 ut
1167 966 1389 997 adolescentula
1410 966 1533 1003 objiciat
1553 973 1675 996 manum
1693 963 1791 994 osculo

370 1011 432 1047 tuo,
448 1012 540 1048 atque
555 1010 588 1039 in
603 1012 749 1040 remotam
769 1009 839 1038 lecti
858 1011 978 1046 partem
992 1008 1122 1037 recedat.

957 1099 1175 1111 oeneneeeo
1180 1097 1197 1109 O

368 1166 452 1194 —19
468 1164 567 1194 Hunc
583 1169 618 1195 et
634 1169 701 1194 tres
717 1173 811 1204 seqq.
823 1173 936 1194 versus
953 1163 1105 1194 exsecuit
1121 1163 1329 1194 δηθὰ-20
1345 1163 1474 1193 ‘Jocosa
1487 1160 1718 1201 Marklandus,
1734 1168 1790 1190 ue-

370 1205 514 1235 cessaria
531 1214 675 1245 prorem,
693 1210 728 1235 ut
745 1205 820 1235 mihi
837 1205 970 1235 videtur
986 1204 1205 1244 conjectura.'
1234 1204 1355 1241 Wakef-

1399 1204 1444 1234 Et
1466 1203 1514 1234 sic
1536 1202 1642 1234 edidit
1657 1199 1790 1232 Wakef.

367 1249 446 1276 ——21
474 1247 612 1276 Venett.
629 1246 768 1277 Mediol.
792 1247 908 1276 Zarot.
934 1245 1008 1275 aliae
1034 1245 1110 1275 edd.
1133 1249 1218 1276 vett.
1242 1254 1316 1275 cum
1342 1244 1492 1275 Lambin.
1517 1244 1619 1284 Cruq.
1641 1243 1793 1273 Torrent-

368 1287 478 1318 Bond.
493 1288 663 1318 Schrevel.
681 1287 800 1318 Heius.
814 1287 933 1328 steph.
952 1286 1076 1326 Delph.
1092 1287 1241 1322 Francis,
1256 1285 1389 1317 Wakef.
1405 1290 1439 1316 et
1456 1285 1560 1317 Kidd.
1575 1284 1703 1320 sumaim
1725 1292 1794 1313 om-

369 1338 427 1359 nes
445 1329 544 1360 codd.
562 1329 714 1370 Cruquii,
730 1334 766 1359 et.
779 1329 962 1368 Torrentii,
977 1328 1072 1360 Gott.
1091 1327 1184 1359 Harl.
1201 1330 1231 1359 1.
1247 1330 1278 1359 2.
1296 1331 1326 1359 3.
1342 1331 1372 1359 Δ.
1388 1329 1420 1358 G.
1445 1325 1557 1358 Benu.
1577 1325 1719 1357 Wetzel.
1736 1324 1794 1355 Ri-

369 1375 460 1408 pout.
477 1376 512 1401 et
527 1371 666 1402 Mitsch.
681 1370 777 1402 savio.

1016 1451 1152 1484 NOTAE

370 1530 435 1556 vet.
473 1525 524 1556 De
548 1535 586 1556 ea
610 1535 634 1557 ι.
656 1525 723 1556 Od.
750 1528 801 1557 17.
825 1534 882 1556 ιιι.
905 1525 973 1557 od.
998 1528 1050 1557 13.

368 1575 423 1605 De
440 1574 563 1613 Apulia
578 1574 717 1615 ejusque
733 1574 816 1605 coelo
840 1574 980 1612 torrido,
994 1583 1051 1606 ιιι.

370 1623 437 1653 Od.
448 1626 502 1654 30.
517 1626 568 1654 11.
583 1627 618 1653 et
630 1622 737 1662 Epod.
753 1623 897 1663 praeced.
913 1633 961 1654 vs.
975 1625 1030 1654 42.

1106 1526 1297 1566 pulmonum
1324 1524 1433 1556 haurit
1458 1524 1606 1565 spiritus.
1631 1545 1639 1554 .
1656 1546 1665 1556 .
1682 1546 1691 1556 .
1713 1524 1793 1564 Ipse

1105 1575 1260 1614 alligatus
1280 1579 1375 1614 peste
1391 1573 1565 1604 interimor
1581 1571 1716 1612 textili,’
1729 1575 1794 1603 διε.

1104 1623 1199 1655 Idem
1220 1623 1345 1663 Philip.
1362 1631 1443 1653 xm.
1480 1626 1489 1640 ¹
1503 1622 1580 1653 Non
1596 1627 1707 1652 tamen
1723 1622 1795 1652 De-

413 1675 450 1702 17
476 1672 543 1702 Nec
554 1681 663 1702 munus
676 1672 821 1710 humeris,
830 1672 899 1712 ξω]
925 1672 1052 1703 Nessus
1099 1673 1212 1713 janira
1230 1673 1333 1704 voluit
1349 1671 1490 1703 Herculi
1511 1679 1646 1709 nocere,
1669 1679 1744 1701 cum
1763 1669 1795 1700 ei

369 1722 556 1752 Centaurus
570 1721 613 1752 ab
628 1721 776 1752 Hercule
792 1722 983 1752 vnlneratus
1002 1722 1053 1753 sui

371 1771 553 1802 ulciscendi
568 1771 654 1802 lianc
680 1771 756 1802 iniit
778 1770 955 1802 rationem.
986 1771 1055 1802 De·

365 1819 485 1859 jauirae
498 1819 617 1858 suasit,
628 1829 725 1860 posse
738 1819 801 1849 sibi
811 1829 955 1850 amorem
967 1819 1054 1850 Her-

371 1868 456 1899 culis
471 1877 634 1905 asserere,
652 1867 821 1898 induendo
835 1867 927 1897 illum
943 1867 1056 1898 tunica

370 1926 510 1958 aspersa
538 1917 698 1956 sanguine
728 1915 796 1946 suis
823 1925 842 1946 e
865 1915 1056 1946 vulneribus

371 1965 571 2006 profluente.
594 1965 712 2005 ltaque
722 1964 780 1995 illa
792 1963 908 1995 videns
918 1964 1057 1996 subinde

373 2014 554 2045 Herculem
567 2013 653 2044 Ioles
664 2022 774 2044 amore
783 2013 1056 2054 irretitum,quod

372 2065 500 2096 Nessus
517 2063 667 2103 improbe
690 2067 725 2094 et
749 2061 917 2093 fallaciter
932 2072 1059 2102 praece-

372 2117 481 2153 perat,
496 2111 626 2144 effecit:
643 2112 758 2152 sicque
771 2112 861 2142 illum
877 2111 1060 2143 interemit.

375 2162 461 2194 Nam
491 2166 583 2193 tanto
609 2166 661 2192 est
686 2161 805 2192 ardore
828 2165 1001 2201 correptus
1023 2166 1061 2192 ut

374 2220 449 2242 suos
472 2211 544 2251 ipse
560 2214 651 2241 artus
671 2210 862 2249 dilaniaret,
875 2219 914 2241 ac
926 2210 1060 2241 demum

373 2260 510 2291 incensa
525 2268 610 2298 pyra
624 2268 658 2289 se
674 2257 873 2290 confecerit.
902 2259 988 2290 Vide
1001 2259 1060 2290 Se-

373 2317 468 2340 necae
486 2307 668 2338 Herculem
685 2307 844 2338 OEtaeum.
881 2308 926 2339 Et
941 2313 1062 2348 postea

376 2357 484 2397 Epod.
507 2365 598 2387 xvn.
621 2358 673 2386 31.
690 2356 760 2386 Cic.
785 2356 884 2387 Tusc.
899 2365 938 2387 ιι.
954 2366 986 2388 n.
1006 2360 1060 2388 20.

376 2415 420 2436 ex
457 2405 613 2444 Sophocl.
650 2403 804 2435 Trachin.
840 2404 888 2434 ita
922 2405 1059 2436 scribit:

377 2457 386 2472 ‘
405 2455 488 2486 Cum
520 2452 683 2492 Dejanira
707 2452 868 2492 sanguine
899 2453 1060 2484 Centauri

379 2505 517 2535 tinctam
549 2501 693 2533 tunicam
721 2501 863 2532 Herculi
886 2502 1062 2542 induisset,

378 2551 632 2591 inhaesissetque
649 2559 688 2581 ea
702 2550 900 2588 visceribus,
923 2551 970 2582 ait
985 2552 1039 2582 ille
1053 2562 1063 2582 ε

380 2603 389 2619 ‘
407 2601 482 2632 Hac
510 2610 562 2631 rue
585 2600 729 2630 irretivit
754 2604 848 2631 veste
877 2599 989 2632 furiali
1017 2601 1064 2631 iu-

380 2650 498 2687 scium,
521 2650 606 2682 Quae
630 2649 728 2680 lateri
757 2649 930 2680 adbaerens
951 2659 1064 2681 morsu

380 2700 508 2730 lacerat
532 2698 671 2734 viscera,
698 2697 898 2738 Urgeusque
917 2698 1065 2738 graviter

1108 1721 1252 1752 tunicam
1282 1720 1440 1760 sanguine
1462 1719 1623 1753 Centauri
1657 1719 1795 1750 tinctam

1108 1769 1227 1802 dedit!

1151 1823 1191 1851 19
1213 1819 1273 1858 Ae,
1295 1819 1324 1850 si
1349 1819 1421 1858 quid
1446 1827 1588 1858 unquam,
1610 1815 1676 1858 ξω]
1697 1816 1796 1849 Quod

1109 1869 1148 1908 si,
1164 1879 1183 1899 ο
1199 1869 1384 1907 Maecenas,
1397 1877 1542 1909 unquam
1557 1867 1670 1898 allium
1685 1875 1797 1897 come·

1109 1917 1191 1948 dere
1213 1916 1459 1957 concupiveris,
1486 1917 1520 1946 in
1545 1924 1676 1956 poenam
1696 1914 1796 1954 cupio

1109 1970 1148 1996 ut
1171 1970 1205 1996 te
1228 1965 1407 1995 abhorreat
1432 1963 1538 1995 amica
1560 1973 1618 1994 seu
1638 1963 1799 1994 Terentia

1111 2018 1190 2045 tua:
1214 2012 1367 2044 similiter
1382 2017 1418 2044 et
1441 2013 1468 2043 si
1490 2012 1563 2053 quis
1579 2012 1630 2042 vir
1643 2010 1797 2042 foetidum

1114 2072 1154 2093 ac
1171 2062 1386 2102 pestilentem
1398 2061 1562 2102 ejusmodi
1578 2061 1686 2092 cibum
1697 2069 1799 2101 appe-

1115 2111 1221 2151 tierit,
1244 2119 1365 2151 precor
1379 2115 1417 2141 ut
1438 2110 1543 2151 ipsius
1563 2119 1648 2141 uxor
1662 2109 1732 2150 ejus
1747 2119 1799 2141 os·

1113 2161 1190 2191 cula
1205 2160 1360 2199 repellat,
1375 2163 1411 2191 et
1434 2160 1570 2190 seorsim
1593 2159 1718 2190 cubare
1743 2168 1783 2190 ve

1112 2209 1165 2249 lit,
1199 2209 1338 2239 halitum
1368 2209 1617 2248 graveolentem
1649 2216 1714 2238 non
1749 2206 1798 2237 fe-

1112 2266 1200 2288 rens.

1155 2309 1199 2338 20
1220 2306 1328 2336 Jocose
1341 2305 1510 2344 Moecenas]
1533 2303 1647 2336 Jocari
1661 2301 1798 2334 familia-

1115 2356 1200 2387 riter
1216 2364 1292 2386 cum
1308 2355 1498 2385 Maecenate
1514 2352 1644 2384 solebat
1663 2352 1801 2383 Horati-

1114 2415 1165 2436 us.
1198 2405 1286 2436 Hinc
1302 2403 1439 2434 Persius
1452 2403 1524 2434 Sat,
1538 2411 1560 2432 ι.
1574 2405 1647 2433 116.
1668 2402 1678 2419 ⁴
1690 2401 1799 2432 Omne

1114 2452 1209 2484 vafer
1234 2453 1349 2483 vitium
1374 2451 1497 2482 ridenti
1524 2451 1665 2481 Flaccus
1691 2451 1800 2481 amico

1116 2501 1256 2541 Tangit:
1283 2505 1318 2531 et
1333 2500 1491 2530 admissus
1513 2499 1638 2530 circum
1656 2508 1801 2539 praeeor-

1116 2550 1173 2582 dia
1189 2550 1288 2589 ludit,
1303 2547 1452 2580 Callidus
1476 2557 1617 2580 excusso
1641 2548 1801 2587 populum

1116 2598 1321 2639 suspendere
1337 2596 1439 2627 naso.’

1161 2651 1203 2679 22
1226 2645 1365 2688 Sponda]
1389 2645 1483 2677 Lecti
1507 2654 1583 2684 pars
1605 2644 1733 2681 ultima,
1748 2644 1804 2676 vel

1118 2699 1217 2730 etiarn
1233 2697 1393 2729 exterior.
1415 2695 1535 2727 Isidor.
1549 2703 1610 2726 xx.
1626 2697 1678 2726 11.
