1904 3256
286 573 368 634 Q.
437 571 888 637 HORATII
955 573 1339 644 FLACCI

468 745 679 812 SER
705 746 782 812 M
812 747 874 813 O
906 743 970 812 N
1001 746 1068 814 U
1095 744 1172 811 M

657 953 877 1001 LIBER
923 953 972 1000 1.

643 1272 916 1316 SATIRA
966 1275 1005 1316 Ι.

672 1382 726 1412 1N
759 1382 978 1412 AVAROS.

94 1458 241 1491 Deridet
263 1459 350 1491 saise
373 1458 510 1490 stultam
533 1467 573 1489 ac
597 1466 792 1498 perversam
816 1458 981 1489 rationem
1005 1468 1195 1496 avarorum,
1217 1459 1274 1502 qni
1296 1469 1486 1502 quanquam
1503 1461 1546 1493 de

134 1521 196 1544 sua
219 1515 311 1544 sorte
333 1515 599 1552 conqueruntur,
622 1510 742 1541 nolunt
765 1514 894 1548 tamen,
916 1511 943 1541 si
967 1511 1062 1552 optio
1086 1511 1200 1552 detur,
1223 1522 1317 1544 snam
1341 1522 1417 1544 cum
1436 1514 1547 1545 aliena

134 1567 352 1604 permutare:
377 1563 436 1594 sed
460 1563 568 1599 aiunt,
591 1572 628 1594 se
650 1562 786 1594 labores
808 1560 963 1603 perferre
987 1567 1023 1595 et
1046 1574 1130 1605 opes
1154 1566 1327 1606 colligere,
1346 1570 1384 1598 ut
1399 1566 1548 1598 habeant

134 1616 225 1648 trude
240 1617 274 1648 in
289 1620 468 1648 senectute
485 1616 614 1646 vivant.
660 1614 709 1646 At
731 1625 901 1657 nunquam
925 1617 1008 1647 satis
1030 1616 1180 1656 habent3
1203 1619 1390 1650 corradunt
1405 1624 1548 1658 temere,

134 1678 199 1701 nec
222 1673 366 1702 utuntur
389 1668 555 1710 quaesitis,
578 1677 641 1699 nec
663 1667 839 1699 haeredum
857 1677 1008 1699 amorem
1025 1675 1211 1711 merentur,
1228 1674 1332 1710 atque
1348 1679 1481 1701 omnem
1498 1670 1546 1701 vi—

136 1725 207 1754 tam
221 1721 360 1754 trahunt
373 1721 547 1760 miseram,
562 1725 708 1761 suntque
725 1720 758 1751 in
775 1721 932 1751 maximis
948 1721 1070 1760 opibus
1088 1722 1310 1762 pauperrimi.

94 1795 193 1848 Qut
215 1798 284 1849 fit,
294 1775 555 1846 ⁴Maecenas,
576 1800 626 1837 ut
645 1808 788 1842 nemo,
809 1808 942 1849 quam
967 1796 1053 1836 sibi
1073 1800 1236 1837 sortem

138 1897 297 1934 Quonwdo
307 1897 367 1940 fit,
388 1907 406 1928 o
422 1895 640 1937 Maecenas,2ut
662 1895 764 1927 nullus
786 1895 873 1926 vivat
894 1897 1055 1926 contentus
1070 1903 1105 1926 ea
1121 1894 1307 1934 condicione,
1321 1904 1412 1935 quam
1427 1894 1486 1926 sibi
1499 1896 1549 1926 uel

701 1978 857 1992 OOOOOMO
861 1978 940 1991 mo

140 2034 404 2077 Antiquissimns
420 2034 542 2067 Biaud.
558 2034 699 2075 Crnqnii
715 2035 820 2067 habet
841 2044 902 2076 pro
924 2034 1025 2066 titulo
1039 2044 1047 2064 :
1074 2033 1116 2070 Q.
1134 2033 1179 2064 H.
1195 2033 1232 2064 F.
1252 2033 1388 2064 Carmen
1403 2032 1551 2065 Seculare

97 2077 243 2118 explicit.-
264 2077 378 2117 incipit
401 2077 589 2116 Ecbgarum
611 2077 689 2108 liber
709 2078 840 2118 primus,
861 2077 1057 2118 majusculis
1080 2075 1280 2117 quibusdam
1296 2075 1550 2107 characteribus

100 2119 221 2158 erasis,
241 2118 292 2150 itt
314 2125 427 2150 tamen
442 2125 480 2149 ut
497 2119 608 2159 aliquo
634 2119 734 2149 modo
751 2119 818 2160 legi
837 2123 987 2161 possent,
1002 2124 1107 2159 atque
1122 2119 1155 2149 iu
1172 2128 1286 2149 earum
1305 2118 1387 2149 iocis
1402 2117 1549 2158 depictis

99 2161 189 2201 aliis,
199 2161 256 2202 qui
273 2161 391 2192 lectori
405 2159 444 2191 τὸ
459 2160 642 2192 Sermonum
655 2161 828 2192 exhibent.
869 2162 953 2192 Tres
981 2161 1037 2192 aiii
1058 2160 1206 2192 Blandd.
1222 2166 1259 2192 et
1274 2160 1408 2192 Buslid.
1432 2160 1551 2202 Incipit

143 2203 150 2210 '
231 2202 310 2234 liber
323 2202 507 2234 Sermonum
518 2202 651 2234 Horatii
660 2213 673 2240 ‚·
695 2203 819 2234 deinde
835 2203 968 2244 singuia
984 2203 1152 2235 Poemata
1166 2203 1398 2234 inscribuntur
1408 2203 1550 2242 Eclogoe.

99 2245 259 2288 Quinque
273 2245 330 2276 alii
345 2245 444 2276 codd.
460 2254 513 2285 ap.
527 2245 631 2286 eruq.
647 2245 774 2276 nullam
791 2246 926 2277 omnino
942 2245 1070 2276 habent
1086 2245 1362 2286 Inscriptionem.
1395 2249 1404 2263 ⁸
1419 2246 1550 2276 Notan-

100 2286 180 2319 dum
208 2288 298 2328 quod
322 2287 355 2319 in
371 2291 488 2319 nostro
503 2287 579 2318 cod.
595 2297 731 2328 semper
743 2288 817 2319 loco
834 2287 1021 2329 Satyrorum
1035 2287 1202 2328 scriptum
1219 2287 1446 2319 invenerimus
1459 2288 1551 2318 Eclo-

96 2329 173 2370 ga?
194 2329 312 2362 Graev.
356 2330 445 2362 Haec
460 2330 571 2362 Satira
586 2331 694 2371 prima
708 2335 763 2363 est
788 2331 884 2371 hujus
900 2329 1027 2362 libriin
1051 2329 1115 2362 Ed.
1129 2329 1252 2362 Sanad.
1269 2329 1410 2371 praefixa
1426 2334 1553 2369 tamen,

748 2413 890 2445 NOTAE

141 2477 287 2510 Duobus
301 2477 491 2510 Satirarum
513 2476 609 2509 libris
632 2476 797 2509 Horatius

102 2526 216 2559 Stoice
228 2528 338 2569 carpit
350 2527 446 2566 vitia,
458 2527 582 2559 callide
598 2532 712 2559 tamen
723 2538 734 2567 ς
749 2531 799 2559 at-

105 2584 184 2617 que,
196 2581 234 2608 ut
245 2576 294 2608 ait
303 2577 445 2609 Persius
457 2578 529 2609 Sat.
541 2586 567 2609 1.
577 2579 652 2609 116.
661 2579 671 2595 ‘
683 2577 797 2608 Omne

106 2622 200 2655 ufer
223 2625 339 2657 vitium
369 2627 494 2658 ridenti
520 2627 660 2658 Flaccus
688 2626 797 2657 amico

104 2673 242 2713 Tangit,
261 2679 296 2706 et
317 2675 480 2707 admissus
502 2676 630 2708 circum
651 2684 798 2717 praecor-

107 2721 165 2752 dia
187 2721 288 2762 ludit,
307 2722 456 2762 Callidus
480 2733 622 2756 excusso
637 2724 799 2766 populum

107 2769 316 2810 suspendere
334 2771 438 2802 naso!
481 2773 628 2814 Egregie
644 2779 680 2806 et
695 2783 800 2815 appo·

107 2818 171 2850 site
197 2819 339 2859 Seneca,
361 2818 420 2852 lib.
436 2821 525 2861 quod
545 2822 580 2854 in
602 2823 801 2864 Sapientem

850 2487 916 2509 nou
932 2477 1034 2510 cadat
1049 2477 1186 2518 injuria,
1202 2476 1336 2509 ‘Ceteri
1348 2473 1551 2515 sapientes,’

850 2528 971 2570 inquit,
991 2529 1002 2546 ⁴
1018 2528 1169 2559 moiiiter
1191 2531 1227 2558 et
1248 2524 1385 2562 blande,
1400 2527 1438 2554 ut
1453 2522 1551 2554 fami-

849 2578 954 2610 liares
979 2577 1102 2608 medici
1126 2575 1226 2615 aegris
1249 2573 1462 2615 corporibus,
1484 2582 1550 2604 non

852 2636 919 2668 qua
933 2627 1099 2666 optimum
1120 2629 1186 2664 est,
1199 2623 1392 2658 medentur,
1409 2623 1467 2653 sed
1486 2632 1552 2663 qua

851 2676 946 2707 licet.
988 2674 1095 2705 Stoici
1124 2673 1254 2704 virilem
1279 2672 1423 2714 ingressi
1449 2673 1551 2712 viam,

853 2734 920 2756 non
936 2728 975 2756 ut
998 2733 1131 2755 amoena
1145 2723 1357 2755 intuentibus
1380 2722 1551 2762 videatur,

854 2784 944 2806 curae
970 2773 1111 2814 habent,
1140 2773 1198 2804 sed
1229 2777 1268 2805 nt
1301 2772 1551 2814 quamprimum

854 2832 916 2856 nos
940 2823 1098 2865 eripiant,
1113 2826 1150 2855 et
1163 2821 1199 2854 in
1214 2822 1310 2855 illum
1333 2822 1461 2855 editum
1478 2831 1552 2854 ver-
