1930 3242
549 309 826 342 SERMONUM
864 309 960 340 nie.
991 309 1044 340 11.
1072 298 1116 339 3.

109 404 232 454 Solo,
251 404 314 445 nil
332 402 472 452 verbi,
492 411 650 455 pereas
670 401 776 454 quin
794 399 977 450 fortiter,
999 398 1170 441 addam.

109 469 254 522 Quem
275 470 395 512 mala
416 467 620 516 stultitia,
641 472 687 509 et
704 479 1021 521 quemcumque
1042 465 1222 507 inscitia
1239 463 1332 506 veri

110 537 289 580 Caecum
307 537 411 591 agit,
431 535 631 576 insanum
647 533 887 588 Chrysippi
907 532 1105 587 porticus
1125 534 1170 572 et
1188 542 1294 583 grex

73 645 83 654 .
109 605 342 648 Autumat.

108 671 310 727 Excepto
331 669 542 724 sapiente,
563 672 693 710 tenet.

109 739 346 794 Desipiant
363 748 513 778 omnes
535 748 662 789 aeque
683 748 738 776 ac
757 739 819 786 tu,
840 735 915 789 qui
937 734 1019 776 tibi
1039 746 1196 775 nomen

109 805 275 848 Insano
294 816 496 860 posuere.

109 873 323 916 Palantes
343 883 462 913 error
481 873 604 912 certo
625 871 678 912 de
699 870 874 913 tramite
896 869 1036 924 pellit,

108 939 191 982 Ille
213 931 528 988 sinistrorsum,
548 938 622 979 hic
644 937 922 978 dextrorsum
947 935 1067 986 abit;
1099 946 1214 974 unus
1235 934 1410 987 utrique

402 602 519 644 Haec
540 601 746 656 populos,
767 601 864 643 haec
883 612 1067 654 magnos
1086 597 1275 640 formula
1294 608 1434 650 reges,
1503 597 1560 636 45

753 667 886 710 Nunc
907 667 1065 721 accipe
1088 678 1223 719 quare

556 803 694 845 Velut
715 803 871 857 sylvis,
891 802 970 843 ubi
989 801 1158 855 passim

1508 935 1564 975 50

107 1006 253 1056 Error,
275 1005 353 1047 sed
375 1006 508 1047 variis
527 1004 675 1047 illudit
694 1003 917 1058 partibus:
947 1002 1030 1043 hoc
1051 1004 1096 1042 te

109 1072 252 1115 Crede
271 1071 405 1113 modo
424 1071 654 1122 insanum3
684 1070 823 1112 nihilo
845 1075 892 1111 ut
912 1067 1154 1122 sapientior
1174 1066 1260 1116 ille,

111 1138 204 1191 Qui
223 1143 267 1181 te
287 1138 470 1188 deridet,
489 1137 677 1179 caudam
692 1137 851 1178 trahat.

910 1136 991 1177 Est
1012 1147 1148 1188 genus
1170 1146 1303 1174 unum

110 1267 198 1300 nire:
220 1270 301 1310 quod
324 1270 352 1301 si
373 1269 551 1310 reperiatur
565 1269 600 1300 in
615 1271 646 1300 te
661 1278 734 1307 uno,
753 1269 833 1300 nihil
843 1270 926 1300 ultra
937 1270 1056 1310 loquar,
1073 1279 1111 1300 ne
1121 1270 1275 1309 impavide
1291 1272 1419 1300 mortem
1430 1270 1567 1308 oppetas.

110 1309 212 1351 Atqui
227 1311 331 1344 schola
345 1315 376 1343 et
391 1312 537 1351 discipuli
554 1311 720 1352 Chrysippi
735 1315 878 1343 statuunt
892 1312 1035 1343 insanum
1049 1321 1114 1342 esse
1127 1321 1343 1352 quemcumque
1356 1320 1453 1351 prava
1467 1319 1565 1341 socor-

111 1352 166 1384 dio
178 1356 208 1384 et
225 1355 368 1394 quelibet
389 1354 535 1385 veritatis
553 1354 711 1393 ignoratio
725 1354 844 1385 detinet
864 1354 898 1384 in
917 1363 1038 1385 errore:
1061 1357 1154 1393 atque
1178 1354 1332 1384 sententia
1358 1354 1420 1384 ista
1440 1353 1566 1391 populos

109 1404 196 1436 aque
207 1405 245 1426 ac
254 1396 408 1445 principes
421 1397 646 1436 complectitur,
656 1405 717 1426 uno
733 1399 859 1436 excepto
875 1396 1034 1436 Sapiente.
1068 1396 1145 1432 Jum
1159 1395 1304 1434 intellige
1317 1405 1374 1425 cur
1384 1394 1515 1434 perinde
1529 1398 1564 1424 ut

110 1439 147 1468 lu
161 1437 357 1469 innatantia·
370 1447 473 1469 omnes
488 1439 540 1477 qui
555 1441 587 1468 te
600 1437 745 1468 insonum
755 1440 877 1468 vocant.
924 1437 1186 1472 Quemadmoaum
1201 1437 1236 1467 in
1250 1437 1361 1477 sylvis,
1375 1436 1428 1466 ubi
1445 1437 1563 1475 possim

110 1487 197 1510 error
217 1478 415 1519 vagabundos
433 1479 502 1519 ogit
517 1482 610 1510 extra
629 1488 732 1510 veram
744 1479 825 1509 viam
835 1489 848 1516 ;
871 1478 921 1510 hic
940 1480 980 1510 ad
1001 1479 1124 1517 loeeam,
1145 1479 1206 1509 iste
1219 1480 1262 1509 od
1275 1479 1420 1509 dextrum
1433 1480 1540 1518 pergit
1555 1488 1565 1508 .-

107 1521 196 1551 ambo
209 1530 295 1562 oeque
307 1521 455 1554 ahmam
468 1521 528 1553 etsi
542 1521 666 1552 diversa
689 1521 812 1552 ratione
832 1520 963 1561 decepti.
1003 1520 1059 1552 Sic
1073 1523 1104 1552 te
1119 1520 1259 1561 desipere
1273 1520 1433 1557 existima.
1455 1523 1490 1551 ut
1511 1521 1564 1560 qui

106 1564 138 1592 te
151 1561 256 1595 illudit
271 1563 354 1596 haud
363 1564 466 1596 minus
477 1563 628 1604 insipiens
646 1564 776 1596 caudam
790 1562 909 1596 trahat.
954 1563 1014 1595 Est
1021 1561 1190 1610 futatg‘tatis
1203 1564 1305 1595 altero
1319 1563 1446 1603 species,
1465 1566 1564 1593 metu-

715 1668 953 1681 eeeeeeeeeeee

109 1748 175 1777 rat.
219 1745 417 1777 Scholiasta!
442 1745 567 1776 silent.'
591 1745 781 1777 Basta—48
807 1743 953 1783 Cuning.
966 1746 1001 1774 et
1014 1741 1142 1774 Sanad.
1155 1744 1185 1774 et
1199 1741 1357 1782 cujusque.
1395 1742 1512 1772 Zarot.
1531 1746 1567 1773 et

109 1787 187 1819 alim
201 1786 281 1820 edd.
298 1794 379 1820 ante
396 1788 515 1819 Lamb.
537 1791 569 1819 et
591 1796 796 1828 quoeeumque.
834 1786 935 1818 Harl.
951 1788 982 1817 2.
997 1788 1028 1817 8.
1040 1788 1073 1818 4.
1087 1788 1119 1816 6.
1141 1785 1241 1816 Gott.
1256 1784 1349 1816 Han.
1366 1786 1397 1815 1.
1422 1784 1566 1815 Mediol.

109 1831 206 1862 1477.
222 1836 258 1862 et
274 1830 353 1862 edd.
368 1834 447 1871 post
459 1830 578 1861 Lamb.
593 1830 651 1871 qui
666 1830 716 1861 ita
728 1828 837 1860 edidit
856 1838 899 1860 ex
922 1828 1022 1860 codd.
1035 1827 1144 1859 tribus
1160 1826 1429 1859 Vatt.Jannoct.
1446 1826 1567 1858 Faiirn.

109 1877 145 1904 et
159 1873 264 1904 Torn.
288 1875 319 1905 et
344 1875 660 1913 quemeumque.--48
683 1872 792 1903 Insani
821 1870 940 1902 Lamb.
970 1876 1006 1902 et
1035 1869 1110 1901 aliae
1137 1869 1218 1901 edd.
1245 1874 1332 1900 vett.
1359 1878 1436 1900 cnm
1460 1869 1567 1900 Tons.

110 1915 266 1956 Cruquii.
311 1915 427 1947 Insano
441 1924 558 1946 omnes
575 1914 719 1955 Cruqnii
734 1912 834 1945 codd.
851 1918 979 1954 praeter
994 1912 1100 1943 Tons.
1119 1912 1218 1943 Gott.
1233 1911 1322 1942 Han.
1338 1914 1368 1942 l.
1390 1912 1471 1943 Exc.
1485 1911 1566 1942 Sax.

110 1956 211 1988 Harl.
227 1959 259 1989 2.
274 1959 349 1989 3.4.
362 1959 395 1989 6.
410 1957 478 1994 alii,
495 1962 530 1988 et
546 1956 626 1987 edd.
643 1961 722 1998 post
739 1957 931 1996 Crnq.--50
947 1955 1095 1995 Cuning.
1111 1953 1237 1985 Sanad.
1253 1959 1288 1984 et
1309 1953 1464 1990 Francis,
1489 1963 1568 1984 unus

110 1998 277 2039 utrimque.
309 2000 396 2031 Exc-
411 1999 492 2031 Sax.
509 1999 606 2031 Harl.
623 2001 654 2030 3.
678 2004 748 2030 tres
763 1997 864 2029 codd.
882 1997 1097 2035 Bersmanni‚
1119 2001 1155 2027 et
1178 1995 1257 2026 edd.
1284 1994 1465 2027 Heindorf.
1488 2006 1568 2027 unus

110 2040 261 2081 utrisque.
291 2041 410 2073 Zarot.
437 2051 517 2073 unus
538 2042 711 2081 utriusque.
744 2041 844 2072 Harl.
860 2043 893 2071 2.
909 2043 941 2072 4.
957 2043 991 2071 6.
1017 2039 1126 2072 ceteri
1148 2038 1249 2070 codd.
1274 2043 1310 2070 et
1336 2038 1415 2069 edd.
1437 2047 1566 2072 omnes,

111 2090 192 2113 unus
205 2082 425 2123 nitriotem—52
450 2083 550 2114 Crede
573 2084 660 2113 modo
684 2083 782 2114 Harl.
798 2085 830 2113 3.
846 2085 878 2113 4.
891 2085 924 2114 6.
946 2083 1026 2114 vet.
1053 2082 1173 2114 Comb.
1200 2085 1236 2113 et
1263 2082 1306 2113 al.
1331 2085 1417 2113 vett.
1444 2080 1566 2113 edd.—

763 2174 794 2206 N
801 2173 904 2206 OTAE

154 2242 197 2271 ⁴3
226 2239 318 2271 Mola
345 2239 497 2280 stultitia]
542 2239 678 2271 Vitiosa
707 2238 810 2270 animi

110 2286 252 2321 affectio
268 2299 287 2320 a
311 2290 381 2321 veri
404 2289 598 2331 cognitione
620 2289 742 2325 aliena,
758 2298 809 2320 sa-

110 2338 248 2381 pientiae
262 2340 434 2371 contraria
448 2351 456 2370 :
480 2348 559 2371 nam
573 2339 700 2381 alioqui
715 2338 810 2371 furor

111 2397 172 2422 seu
194 2389 367 2432 phrenesis
389 2389 536 2431 sapienti
558 2388 661 2421 etiam
678 2390 809 2421 contin-

111 2448 194 2480 gere
221 2444 336 2481 potest
361 2449 404 2472 ex
427 2444 502 2471 atra
528 2439 616 2479 bile;
638 2448 701 2471 nec
727 2439 810 2471 vitio

113 2487 268 2531 cuiquam
283 2489 371 2522 verti
387 2489 503 2522 dehet.

155 2541 200 2571 44
229 2539 398 2581 Chrysippi
437 2539 591 2582 porticus]
636 2540 811 2578 Porticus,

117 2587 241 2620 Graec
263 2589 355 2627 στοὰ,
368 2589 538 2630 significat
551 2590 698 2622 scholam
720 2590 810 2621 Stoi-

117 2646 212 2676 cam3
233 2646 274 2669 eo
290 2637 379 2679 quod
394 2638 428 2669 in
443 2640 576 2680 porticu
590 2640 810 2672 deambulan-

117 2693 170 2720 tes
185 2687 282 2719 Zeno
296 2687 371 2728 ejus
381 2693 497 2720 auctor
511 2699 551 2721 ac
571 2690 734 2732 deinceps
755 2690 812 2722 alii

115 2737 449 2778 philosopharentur.
470 2738 651 2782 Chrysippi
665 2750 747 2773 vero
762 2741 812 2771 di-

117 2787 210 2820 citur
223 2787 290 2827 hic,
302 2787 391 2829 quod
405 2797 478 2819 earn
490 2787 611 2822 fulcire
627 2791 812 2831 putabatur

118 2837 189 2879 ille,
212 2842 250 2870 ut
274 2837 322 2869 ait
349 2837 436 2869 Tull.
462 2837 568 2870 Acad.
592 2849 650 2881 qu.
673 2841 763 2873 Vide
783 2850 809 2874 ι.

862 2238 936 2272 Sat.
954 2242 985 2271 3.
1000 2242 1075 2271 12⁷.
1094 2239 1177 2272 Not.

905 2292 946 2321 45
970 2290 1137 2331 Formulo]
1169 2289 1272 2331 Apud
1300 2290 1566 2323 Jurisconsultos

862 2338 1018 2372 formulae
1044 2339 1205 2372 dicuntur
1229 2340 1386 2372 solennes
1409 2341 1564 2382 qnaedam

863 2389 1117 2431 propositiones
1137 2390 1179 2421 ad
1203 2390 1359 2422 veritatis
1375 2390 1566 2429 indagatio-

863 2449 941 2471 nem
968 2439 1180 2482 dirigentes:
1209 2441 1382 2472 axiomata
1407 2449 1466 2471 sen
1495 2439 1566 2480 pla-

864 2490 933 2522 cita
945 2494 1070 2522 vocant
1085 2490 1287 2531 philosophi.

906 2542 948 2571 53
977 2540 1117 2571 Coudum
1138 2537 1262 2577 trahat]
1295 2537 1416 2577 AEquc‚
1448 2541 1486 2568 ut
1516 2542 1566 2577 tu,

863 2588 1025 2619 ridiculus
1041 2593 1078 2618 et
1096 2588 1235 2618 insanus
1252 2586 1439 2617 habendus.
1485 2586 1566 2619 Dic-

866 2640 914 2672 tio
946 2638 1169 2680 proverbialis
1198 2646 1241 2668 ex
1273 2646 1314 2668 eo
1342 2636 1446 2676 facta,
1473 2638 1565 2680 quod

866 2690 969 2723 ebriis
982 2694 1018 2720 et
1032 2687 1156 2720 insanis
1170 2688 1268 2728 pueri
1281 2687 1374 2718 soliti
1385 2688 1454 2719 sint
1467 2693 1565 2730 tergo

866 2739 1064 2782 appendere
1092 2737 1266 2779 quidpiam
1294 2737 1403 2769 instar
1431 2738 1566 2779 caudae,

867 2790 909 2822 ad
940 2788 1150 2827 ludibrium3
1184 2787 1291 2819 veluti
1317 2788 1565 2828 exprobrantes

866 2842 915 2874 sic
930 2839 1120 2873 hominihus
1136 2838 1201 2871 illis
1213 2838 1304 2880 quod
1319 2838 1353 2870 in
1370 2838 1489 2872 bestiae
1503 2849 1562 2872 na-
