1930 3242
822 284 867 320 Q.
899 280 1101 312 HORA'rn
1135 278 1307 309 FLAGGI

905 441 1134 482 SATIRA
1165 442 1227 483 ΙΙ.

361 540 402 573 In
420 542 497 573 vitae
518 541 653 572 urbanae
676 538 854 569 Luxuriam
877 543 912 569 et
937 539 1098 579 Ineptias.
1131 540 1231 572 Baxt.
1281 539 1455 572 Inducitur
1476 538 1608 571 Ofellus
1629 539 1769 572 rusticus

401 593 547 634 quidam,
561 593 655 622 bomo
682 590 838 629 simplicis
862 594 898 621 et
922 591 1018 630 probi
1041 592 1176 631 ingenii,
1199 592 1386 634 priscaeque
1406 593 1485 624 vitae
1508 596 1544 623 et
1567 590 1769 632 frugalitatis

401 650 515 682 tenax,
529 642 586 682 qui
602 642 651 672 sui
668 641 826 680 temporis
850 642 962 672 luxum
982 643 1124 682 castigat
1137 647 1172 674 et
1185 642 1388 683 frugalitatis
1405 643 1578 675 commoda
1599 643 1667 674 suis
1682 651 1768 673 com·

401 694 546 726 mendat.
590 692 666 723 Hoc
678 692 819 723 artificio
835 693 993 723 Horatius
1008 691 1132 733 effecit,
1143 697 1180 725 ut
1191 694 1296 726 oratio
1305 694 1403 726 fieret
1414 695 1545 735 gravior
1557 693 1772 735 probabilior-

399 755 481 787 que:
504 753 579 774 nam
602 753 676 775 cum
700 744 871 775 convictor
896 745 1094 776 Maecenatis
1119 746 1323 787 aliorumque
1344 755 1518 787 procerum
1538 751 1639 782 esset,
1659 747 1767 777 minus

398 802 476 837 apte
498 795 571 836 ipse
597 804 718 826 mensae
742 796 880 826 delicias
905 796 1129 837 perstringere
1150 806 1245 837 posse
1269 797 1454 829 videbatur.
1499 798 1633 829 Summa
1656 802 1767 828 autem

398 847 558 879 sermonis
574 845 733 878 Ofelliani
755 847 827 878 fere
850 848 920 878 liaec
936 852 1009 879 est:
1034 849 1163 879 Labore
1179 853 1214 880 et
1236 849 1542 888 exercitationibus,
1557 857 1622 880 non
1637 849 1718 879 raris
1733 852 1769 879 et

397 898 571 939 exquisitis
587 898 670 930 cibis
697 908 779 938 opus
805 903 858 929 est
884 900 925 929 ad
951 900 1097 931 suaviter
1120 900 1298 932 edendum.
1342 900 1444 932 Cibus
1464 901 1574 932 varius
1595 899 1766 938 debilitat,

395 950 536 991 simplex
552 954 663 981 servat
681 955 806 981 rectam
823 951 1058 983 valetudinem.
1101 951 1167 984 Qui
1189 952 1304 992 paucis
1326 956 1504 983 contentus
1517 951 1612 988 vivit,
1626 951 1653 982 is
1667 949 1767 985 facile

395 1002 529 1041 dormit,
545 1002 662 1033 alacris
677 1007 729 1033 est
744 1002 784 1032 ad
800 1003 1030 1041 laborandum,
1046 1013 1110 1034 non
1125 1003 1290 1034 consumit
1305 1003 1530 1043 injuventute
1544 1003 1700 1043 praesidia
1715 1012 1765 1034 se-

397 1052 554 1090 nectutis,
570 1061 634 1083 non
654 1052 764 1092 perdit
785 1062 853 1082 rem
876 1058 908 1083 et
929 1053 1065 1092 famam,
1080 1058 1181 1094 atque
1206 1054 1307 1085 etiam
1327 1054 1360 1084 in
1386 1057 1585 1095 paupertate
1609 1058 1645 1085 et
1666 1053 1765 1085 rebus

396 1103 543 1136 adversis
567 1102 680 1144 habet,
702 1113 769 1144 quo
787 1105 887 1135 vitam
904 1104 1129 1145 tranquillam,
1143 1106 1298 1145 exemplo
1313 1104 1430 1144 Ofelli,
1445 1105 1628 1146 transigere
1650 1104 1767 1145 possit.

398 1157 491 1188 Gesn-

353 1227 476 1278 Qum
496 1229 628 1270 virtus
646 1232 690 1269 et
709 1233 886 1281 quanta,
907 1229 1024 1278 boni,
1045 1230 1103 1270 sit
1121 1229 1264 1271 vivere
1285 1242 1419 1282 parvo

351 1293 472 1346 (Nec
492 1307 613 1335 meus
635 1294 704 1334 hic
727 1307 865 1334 sermo
885 1299 968 1342 est,
988 1295 1063 1335 sed
1085 1307 1184 1347 quae
1203 1295 1412 1348 praecepit
1431 1293 1599 1336 Ofellus

352 1358 577 1408 Rusticus,
598 1360 816 1399 abnormis
836 1361 1027 1412 sapiens,
1049 1372 1283 1413 crassaque
1304 1357 1522 1412 Minerva)

396 1484 472 1520 Quoe
487 1488 658 1524 quantaque
679 1485 779 1515 virtus
799 1485 841 1516 sit
861 1485 975 1515 modico
990 1485 1132 1516 victitare
1151 1483 1261 1524 (neque
1274 1495 1340 1516 mea
1353 1489 1398 1516 est
1411 1485 1476 1516 haic
1488 1485 1596 1523 oratio,
1606 1486 1660 1516 sed
1673 1493 1764 1525 quam

350 1524 453 1556 docuit
470 1526 588 1563 Ofellus
601 1527 742 1565 agrestis,
757 1526 876 1566 sapiens
892 1527 1002 1566 absque
1023 1526 1196 1566 disciplina,
1214 1530 1245 1558 et
1269 1526 1372 1568 rudis)
1398 1528 1427 1557 0
1447 1527 1527 1567 boni,
1549 1527 1687 1568 accipite,
1703 1534 1763 1556 non

945 1616 1173 1628 “NJOOOOm

391 1681 499 1712 Satira
523 1682 624 1712 tertia
645 1681 738 1712 Libri
761 1681 857 1721 primi
879 1681 913 1711 in
936 1681 999 1712 Ed.
1017 1680 1201 1711 Sanad.—1
1226 1680 1321 1712 Gott.
1336 1680 1451 1712 Zarot.
1467 1683 1502 1711 et
1515 1679 1653 1711 Mediol.
1669 1682 1762 1713 1477.

350 1724 442 1753 1502.
466 1722 562 1763 bonis,
589 1723 750 1762 probante
778 1723 1007 1754 Gesncro.—2
1027 1722 1111 1752 Tres
1134 1721 1231 1752 codd.
1259 1721 1440 1762 Torrentii,
1467 1726 1502 1752 et
1525 1721 1620 1754 Harl.
1637 1723 1712 1752 2³.
1727 1723 1760 1753 4.

348 1773 427 1802 quoe,
453 1764 540 1801 quod
570 1765 694 1802 primus
717 1764 846 1802 recepit
874 1764 986 1794 Bentl.
1011 1772 1152 1803 eumque
1178 1763 1284 1794 secuti
1311 1762 1432 1794 Sanad.
1456 1762 1604 1801 Francis,
1624 1762 1761 1801 Bipont.

349 1805 493 1834 Wetzel.
522 1805 621 1836 Baxt.
652 1806 754 1836 Gesn.
783 1806 886 1835 Zenn.
918 1803 1051 1834 Wakef.
1080 1803 1184 1834 Kidd.
1214 1808 1250 1834 et
1275 1804 1391 1834 Comb.
1422 1813 1508 1843 quem
1534 1802 1630 1833 Harl.
1656 1805 1687 1834 6.
1717 1803 1761 1834 al.

349 1849 384 1874 et
414 1845 489 1876 edd.
518 1850 602 1876 vett.
643 1846 746 1882 Ofella
776 1847 863 1885 conj.
892 1846 1066 1875 neoth—a
1101 1845 1110 1861 ‘
1135 1844 1257 1875 Nullus
1273 1849 1325 1874 est
1346 1844 1582 1883 interpretum,
1611 1844 1666 1883 qui
1696 1852 1761 1874 uon

349 1885 537 1924 prodiderit
558 1886 590 1915 in
621 1887 688 1916 suis
720 1888 846 1926 aliquot
870 1886 1008 1916 abnormi
1031 1884 1166 1915 haberi:
1204 1885 1237 1914 in
1267 1885 1382 1924 quibus
1401 1888 1478 1914 silut
1501 1888 1569 1914 tres
1593 1884 1761 1915 Blandinii

349 1924 437 1965 apud
453 1926 634 1965 Cruqnium
654 1928 799 1957 omnium
823 1926 1002 1956 veterrimi.
1048 1925 1140 1956 Idem
1163 1934 1220 1955 nos
1243 1924 1424 1955 invenimus
1447 1924 1481 1955 in
1499 1924 1662 1963 Leidensi,
1678 1925 1761 1956 Bat-

349 1967 486 2004 teliano,
510 1971 546 1996 et
568 1967 673 1997 tribus
700 1968 785 1997 aliis.
842 1967 1013 1999 Quaoritur
1030 1966 1113 2006 jam,
1135 1970 1246 1996 utrum
1273 1966 1316 1996 sit
1344 1964 1601 2006 praeferendum,
1625 1966 1763 2005 abnormi

347 2010 377 2038 et
400 2017 502 2038 crassa
517 2008 673 2048 Minerva,
699 2019 740 2039 an
765 2008 916 2039 abnormis
940 2008 1069 2047 sapiens.
1113 2006 1198 2037 Mihi
1223 2006 1356 2048 quidem
1383 2007 1545 2048 posterius
1570 2008 1671 2047 magis
1690 2007 1761 2048 pla-

985 2090 1126 2123 NOTAE

389 2155 405 2183 1
432 2153 509 2188 Quae
523 2154 634 2193 virtus,
647 2154 715 2194 δῖα]
749 2154 818 2186 Sub
838 2154 944 2186 Ofelli
961 2164 1026 2184 rus-

346 2202 405 2234 tici
420 2202 552 2242 quidem
579 2208 613 2235 at
633 2203 709 2234 boni
734 2209 767 2234 et
791 2203 950 2243 sapientis
965 2203 1026 2233 viri

347 2260 492 2291 persona
514 2251 700 2283 insectatur
714 2252 861 2283 homines
876 2252 967 2283 luxui
990 2255 1026 2283 et

348 2299 470 2331 sumtui
493 2299 643 2330 deditos:
670 2305 737 2331 tum
759 2300 896 2340 frugalis
918 2300 1026 2330 victus

347 2348 570 2379 emolumenta
605 2353 794 2388 percenset.
836 2348 924 2378 Vide
950 2348 1027 2379 ulti—

347 2405 434 2426 mam
456 2395 552 2435 hujus
572 2396 648 2427 libri
672 2398 815 2428 Satiram
831 2401 1026 2437 argumento

347 2453 411 2475 non
426 2444 524 2483 longe
540 2444 743 2475 dissimilem.

388 2492 487 2531 Boni]
513 2493 641 2532 Legunt
657 2493 768 2533 aliqui,
782 2493 887 2529 Iuniis,-
903 2502 963 2524 nec
978 2493 1026 2525 ita

348 2550 522 2583 perperam
538 2547 575 2572 ut
591 2541 723 2574 videtur
737 2543 912 2573 nonnullis.

389 2593 408 2620 3
430 2588 608 2629 Abnomis]
628 2589 659 2621 A
673 2594 792 2622 natura
807 2600 872 2621 non
887 2591 918 2620 in
935 2590 1027 2621 selio-

346 2638 386 2669 lis
413 2639 583 2669 institutus
607 2638 777 2679 bonosque
801 2648 908 2669 mores
932 2639 1027 2669 sorti-

348 2690 414 2717 tus.
457 2686 526 2716 Alii
555 2687 618 2726 leg.
648 2687 795 2726 abnormi,
823 2692 857 2718 et
882 2687 1028 2727 jungunt

347 2742 424 2765 cum
452 2735 604 2774 sequenti
634 2745 725 2776 voce,
751 2735 907 2767 Minerva,
950 2734 1025 2765 Huc

1079 2152 1163 2184 facit
1179 2152 1267 2194 quod
1282 2153 1409 2184 Tullius
1424 2151 1542 2183 scribit
1558 2153 1592 2183 in
1617 2152 1714 2183 Laeiio
1729 2161 1760 2184 n.

1079 2204 1129 2232 18.
1151 2206 1161 2219 ¹
1176 2202 1352 2242 Nunquam
1375 2211 1438 2242 ego
1464 2202 1571 2232 dicam
1595 2201 1632 2232 C.
1650 2201 1761 2231 Fabri-

1078 2253 1176 2292 cium,
1201 2253 1250 2284 M.
1279 2253 1416 2283 Curium
1444 2274 1452 2282 .
1468 2274 1478 2283 .
1493 2274 1501 2282 .
1518 2274 1526 2282 .
1550 2251 1591 2282 ad
1618 2251 1757 2281 istorum

1079 2311 1224 2334 normam
1238 2301 1339 2332 fuisse
1354 2300 1543 2341 sapientes!

1115 2348 1450 2391 CrassaqueMinerva]
1462 2348 1622 2389 Simplex,
1632 2352 1758 2388 rectus,

1080 2399 1237 2438 sincerus,
1258 2399 1340 2429 licet
1365 2397 1499 2427 minime
1517 2396 1662 2428 imbutus
1678 2396 1759 2428 Phi·

1079 2447 1257 2487 losophicis
1273 2445 1395 2485 regulis
1417 2448 1452 2475 et
1466 2443 1685 2483 documentis,
1700 2449 1759 2476 aut

1079 2495 1117 2526 iis
1132 2495 1257 2526 artibus
1275 2503 1313 2525 ac.
1339 2493 1487 2524 scientiis
1503 2492 1620 2532 quibus
1635 2497 1759 2533 praeest

1078 2543 1242 2574 Minerva.
1283 2542 1408 2573 Tullius
1423 2550 1498 2571 mox
1515 2540 1573 2571 cit.
1588 2545 1596 2558 “
1611 2541 1757 2581 Agamus

1077 2591 1180 2630 igitur
1192 2589 1303 2630 pingui
1318 2589 1483 2624 Minerva,
1496 2593 1534 2619 ut
1546 2588 1662 2620 aiunt!
1684 2589 1757 2620 Sci-

1077 2639 1156 2669 licet
1184 2637 1392 2678 proverbium
1423 2641 1475 2667 est
1502 2636 1545 2667 de
1571 2637 1756 2668 bominibus

1075 2685 1200 2727 ingenii
1215 2685 1356 2717 rudioris
1372 2690 1408 2717 et
1422 2684 1576 2725 impoliti.
