1956 3236
613 287 893 319 SERMONUM
931 287 1023 318 mn.
1058 287 1087 318 ι.
1119 277 1165 318 5.
1526 276 1610 318 841

150 385 196 427 N
199 389 304 427 auta
325 384 451 439 piger
468 395 583 425 saxo
603 383 774 436 religat,
796 383 1026 436 stertitque
1048 382 1249 436 supinus.

148 453 342 506 Jamque
358 451 452 493 dies
473 450 638 499 aderat,
660 464 760 492 cnm
781 451 841 492 nil
864 449 1103 504 procedere
1123 449 1293 491 lintrem

150 519 392 562 Sentimus:
423 518 562 559 donec
583 519 840 560 cerebrosus
859 517 1040 572 prosilit
1059 528 1173 558 unus

146 585 217 627 Ac
236 585 369 627 mulae
386 588 624 637 nautaeque
640 588 778 638 caput
796 585 1059 638 lumbosque
1078 583 1252 636 saligno

148 654 285 695 Fuste
304 652 453 693 dolat:
485 655 646 704 quarta
668 652 746 692 vix
762 651 937 692 demum
960 651 1226 704 exponimur
1244 650 1370 692 hora.

147 720 239 761 Ora
259 731 504 772 manusque
526 721 602 759 tua
620 719 827 768 lavimus,
850 718 1056 768 Feronia,
1071 718 1269 771 lympha.

146 787 294 831 Millia
313 789 405 827 tum
426 786 579 840 pransi
598 786 682 827 tria
701 787 910 840 repimus,
933 791 1068 839 atque
1090 785 1294 826 subimus

1505 429 1610 489 >20

1549 787 1607 829 25

140 921 257 953 dormit
270 923 411 964 supinus.
454 925 531 956 Jam
546 934 618 955 vero
634 924 857 963 luxsulgebat,
873 924 994 964 quando
1015 924 1207 955 advertimus
1229 924 1369 965 cymbam
1392 922 1516 954 minime
1535 930 1607 962 pro-

137 964 245 1005 gredi,
257 966 352 997 donec
375 966 546 998 iracundus
559 967 685 1008 quidam
709 967 827 1007 exsilit,
842 970 873 998 et
894 968 985 998 mula·
1007 970 1167 1007 nnutaeque
1181 971 1272 1007 capue
1286 977 1321 998 ac
1336 967 1453 998 lumbos
1466 964 1610 996 verberat

140 1006 264 1046 saligno
277 1007 380 1046 fuste.
428 1009 567 1040 Tandem
581 1009 637 1040 vix
652 1010 728 1041 hora
743 1013 856 1050 quarta
871 1010 1087 1040 descendimus
1102 1020 1118 1040 e
1133 1011 1206 1040 novi
1217 1021 1227 1040 .-
1250 1009 1420 1049 statimque
1433 1007 1552 1046 faciem
1574 1008 1606 1036 et

139 1058 251 1082 manus
264 1050 418 1083 abluimus
430 1061 513 1092 aqua
527 1055 596 1092 tua,
611 1062 628 1083 ο
645 1052 783 1084 Feronia
795 1063 806 1084 .-
829 1053 939 1084 deinde
953 1062 1025 1084 vero
1038 1052 1149 1093 pransi
1163 1053 1244 1084 lente
1256 1052 1459 1093 processimus
1477 1051 1518 1081 ad
1543 1047 1609 1080 tria

756 1143 1000 1160 “O'm‘OOOO

140 1207 347 1242 membranae
370 1211 568 1250 Pulmanni‚
588 1212 808 1252 Bersmanni,
824 1213 941 1244 Zarot.
957 1212 1102 1244 Mediol.
1121 1214 1216 1244 1477.
1240 1212 1384 1243 Venett.
1401 1212 1497 1242 1477.
1514 1210 1610 1240 1478.

141 1253 237 1283 1479.
252 1256 288 1283 et
300 1251 391 1284 forte
404 1263 520 1285 omnes
536 1260 617 1286 ante
634 1254 712 1287 ΑΜ.
730 1256 833 1287 etiam
846 1257 888 1287 R.
899 1255 1017 1296 Stepb.
1033 1256 1079 1286 nil
1093 1265 1174 1286 cum.
1197 1254 1254 1286 Ita
1272 1263 1406 1295 quoque
1419 1251 1535 1284 Bentl.
1546 1251 1608 1282 Sa-

140 1293 220 1324 nad.
234 1294 388 1335 Francis,
402 1297 548 1328 Wetzel.
562 1297 746 1334 Heindorf,
764 1304 801 1329 et
814 1298 1007 1331 Kidd.——22
1025 1299 1069 1328 Et
1081 1298 1172 1328 mulae
1187 1297 1286 1328 Harl.
1298 1299 1414 1328 3.-23
1430 1296 1516 1326 Exc.
1528 1293 1609 1324 Sax-

140 1337 420 1377 exponimus-24
445 1339 524 1371 Nic.
541 1339 704 1372 Heinsius
727 1341 817 1381 conj.
842 1341 999 1377 lavinum-,-
1022 1340 1113 1382 quod
1130 1339 1265 1380 recepit
1279 1339 1481 1370 Bentl.—25
1507 1335 1608 1368 Harl.

803 1424 947 1455 NOTAE

898 1487 960 1518 bus
990 1485 1119 1528 absque
1152 1485 1290 1516 laesione
1326 1485 1460 1516 calcare
1487 1484 1606 1516 aiunt:

897 1536 1043 1567 alterum
1072 1540 1126 1567 est
1142 1534 1231 1576 quod
1255 1535 1414 1566 Feroniae
1435 1535 1531 1566 lucus
1547 1534 1607 1565 ali-

181 1486 222 1515 21
251 1484 360 1516 Donec
388 1485 576 1526 cerebrosus,
606 1486 677 1527 ξω]
720 1487 842 1518 Donec

138 1543 225 1565 unus
249 1534 417 1567 viatorum
447 1545 507 1568 seu
534 1535 766 1577 navigantium
798 1536 841 1568 ad

139 1587 267 1615 terram
283 1584 427 1625 prosilit,
442 1588 546 1626 atque
568 1595 588 1616 e
608 1586 770 1617 salicibus
786 1587 842 1618 lit-

136 1633 204 1664 tori
225 1632 338 1665 assitis
361 1633 490 1674 virgam
515 1638 622 1675 secat,
647 1645 715 1676 qna
737 1635 843 1667 iratus

136 1686 275 1715 nautam
291 1683 519 1716 dormientem
540 1686 683 1725 excitat,
696 1685 769 1726 ejus
786 1695 843 1717 ca-

137 1735 200 1773 put
221 1737 258 1765 et
281 1732 415 1765 lumbos
437 1734 673 1774 percutiendo,
693 1743 758 1766 nec
776 1734 843 1776 ipsi

138 1782 254 1823 parcit
276 1783 378 1815 mulae
409 1783 624 1819 cerebrosus,
650 1784 684 1815 in
707 1783 842 1816 obvium

135 1831 306 1874 quidlibet
341 1843 530 1866 exonerans
569 1833 840 1874 indignationem

137 1890 231 1914 anam
248 1893 289 1915 ac
304 1883 422 1916 bilem.

178 1935 220 1964 23
248 1933 358 1975 Dolat]
378 1934 584 1975 Metapbora
606 1944 626 1965 a
645 1933 754 1966 fabris
776 1934 839 1974 lig-

138 1983 252 2024 nariis,
277 1985 335 2026 qni
358 1985 502 2017 dolabro
525 1990 705 2028 coaequant
732 1995 839 2026 expo-

137 2031 292 2075 liuntque
308 2034 414 2074 ligna.

184 2081 308 2117 Quarta
330 2085 386 2115 vix
405 2085 529 2116 demum
549 2086 732 2126 exponimur
746 2085 839 2126 hora]

139 2130 249 2162 Extra
274 2131 386 2163 navim
414 2134 570 2173 ponimur
591 2134 633 2164 ad
659 2134 841 2165 Feroniam

138 2180 291 2221 tandem,
319 2181 404 2213 hora
437 2187 515 2223 post
543 2188 700 2215 exortum
734 2185 842 2215 solem

140 2235 274 2270 quarta,
297 2230 331 2262 id
355 2235 408 2263 est
431 2231 562 2264 decima
591 2238 710 2264 nostra
735 2238 843 2265 matu-

138 2279 224 2320 tina,
236 2280 269 2311 in
283 2281 490 2322 aequinoctio
503 2291 646 2323 nempe:
663 2283 753 2324 qnod
769 2284 842 2324 plu·

137 2329 230 2362 ribus
243 2331 411 2371 explicavi
424 2331 456 2362 in
469 2332 552 2363 meis
565 2333 843 2364 annotationibus

137 2379 181 2412 ad
197 2380 312 2412 Persii
328 2380 400 2413 Sat.
418 2390 476 2414 nr.
491 2381 637 2414 initium.

179 2431 224 2462 24
249 2430 318 2461 Ora
339 2439 507 2472 mnusque
532 2435 587 2463 tua
611 2432 755 2471 lavimus,
769 2432 841 2473 ξω]

138 2478 192 2510 Ex
207 2479 366 2520 religioso
382 2485 537 2512 veterum
559 2491 641 2521 erga
664 2483 778 2514 Deam
802 2483 841 2513 il·

139 2527 209 2560 lam
235 2530 350 2562 cultu:
385 2540 462 2573 quae
493 2531 527 2563 in
555 2533 696 2564 Soracte
726 2537 841 2564 monte

140 2577 289 2611 babebat
304 2589 436 2612 sacrum
453 2581 596 2622 fontem,
613 2584 738 2622 lucum,
755 2588 839 2614 tem-

141 2626 254 2667 plum:
272 2637 462 2672 nomenque
473 2631 569 2663 dedit
584 2631 658 2663 urbi
678 2631 842 2672 Feroniae,

141 2677 231 2708 inter
252 2676 401 2710 Circaeoe
428 2685 464 2712 et
485 2681 718 2713 Tarracinam.
764 2682 841 2713 Nec

141 2726 297 2758 omittam
313 2727 380 2759 duo
395 2739 470 2770 quie
493 2737 675 2764 narrantur
694 2732 840 2764 miracu-

141 2778 196 2808 la:
221 2778 366 2808 alterum
394 2779 484 2818 quod
510 2782 593 2813 Deae
620 2782 710 2814 illins
732 2781 839 2814 afflati

141 2826 278 2859 numine
297 2826 457 2859 ardentes
480 2838 604 2870 prunas
626 2832 726 2864 nudis
744 2833 841 2875 pedi-

896 1586 1032 1628 quando
1048 1596 1125 1618 cum
1143 1586 1298 1623 arsisset,
1321 1584 1472 1627 indeque
1493 1584 1608 1617 anfer-

898 1646 935 1668 re
953 1637 1171 1668 simulacrum
1189 1636 1316 1666 accolae
1341 1635 1607 1676 meditarentur,

898 1686 1013 1718 subito
1034 1695 1152 1717 nemus
1169 1684 1326 1716 reviruit.
1372 1684 1464 1716 Hinc
1481 1685 1606 1725 Virgil.

896 1736 974 1768 AEn.
997 1745 1066 1768 vu.
1083 1739 1158 1768 800.
1179 1736 1189 1752 ‘
1205 1734 1306 1766 viridi
1329 1734 1480 1774 gaudens
1503 1735 1610 1766 Fero-

896 1786 953 1817 nia
967 1785 1067 1818 luco?
1091 1784 1181 1816 Vide
1195 1784 1311 1816 Strab.
1329 1785 1388 1816 lib.
1406 1793 1444 1815 v·
1461 1783 1606 1824 Dionys.

896 1837 1010 1869 Halic.
1038 1836 1129 1868 Plin.
1169 1837 1278 1867 Porro
1306 1845 1381 1877 qnae
1413 1834 1518 1866 fuerit
1546 1835 1606 1866 illa

895 1888 983 1927 Dea,
1010 1886 1098 1918 baud
1123 1886 1225 1927 plane
1248 1888 1474 1926 compertum.
1522 1884 1605 1916 Dio-

893 1936 1009 1977 nysius
1025 1937 1150 1968 asserit
1168 1936 1349 1967 Feroniam
1366 1940 1604 1967 consecratam

894 1995 914 2016 a
927 1984 1194 2016 Lacedaemoniis
1208 1984 1274 2016 illis
1285 1985 1356 2026 qui,
1370 1989 1525 2024 tempore
1538 1985 1604 2026 Ly-

894 2035 987 2075 curgi
1005 2034 1037 2065 in
1054 2034 1191 2065 Italiam
1207 2033 1356 2075 appulsi,
1372 2034 1483 2065 locum
1501 2034 1604 2066 istum

895 2083 1056 2123 dicarint,
1068 2092 1263 2125 numenque
1276 2083 1447 2115 coluerint
1463 2083 1525 2114 sub
1538 2084 1604 2115 hoc

896 2134 1045 2174 nomine,
1061 2143 1102 2165 eo
1118 2133 1210 2174 qnod
1228 2133 1309 2164 illuc
1325 2132 1408 2164 ferri
1428 2142 1495 2164 non
1516 2132 1602 2165 infe-

896 2183 1008 2215 liciter
1023 2184 1236 2223 contigisset.
1274 2183 1343 2215 Alii
1358 2184 1480 2215 volunt
1495 2183 1603 2224 ipsam

896 2232 1069 2264 Junonem
1087 2242 1163 2264 esse
1181 2242 1256 2274 quae
1274 2233 1321 2264 ibi
1338 2233 1486 2264 Feronia
1503 2243 1602 2265 voce-

898 2289 964 2319 tur,
992 2284 1208 2324 colatur-que,
1236 2283 1326 2315 sicut
1360 2285 1450 2325 apud
1480 2283 1603 2315 Anxur

898 2332 1018 2364 urbem
1047 2342 1113 2364 non
1141 2333 1241 2373 longe
1271 2341 1435 2365 remotam
1459 2334 1601 2374 Jupiter

899 2381 1069 2413 Anxurus.
1115 2383 1217 2414 Certe
1240 2383 1363 2424 Virgil.
1391 2385 1450 2415 cit.
1478 2384 1603 2414 utrius-

897 2441 963 2473 que
979 2432 1108 2473 pariter
1123 2432 1248 2464 ibidem
1264 2433 1430 2463 meminit.
1455 2433 1602 2463 Constat

896 2482 1075 2514 Feroniam
1098 2492 1272 2514 nemorum
1295 2483 1407 2513 Deam
1427 2481 1602 2518 extitisse,

894 2541 914 2562 a
930 2530 1080 2562 ferendis
1093 2531 1270 2563 arboribus
1286 2531 1511 2571 appellatam.
1532 2530 1600 2562 Im·

895 2591 950 2613 mo
978 2586 1113 2612 veteres
1137 2590 1261 2612 numen
1280 2579 1395 2611 fecere
1418 2590 1461 2610 ex
1483 2580 1542 2611 illa
1565 2580 1599 2612 vi

894 2640 1018 2663 arcana
1033 2630 1208 2661 arboribus
1223 2630 1337 2668 insita,
1352 2638 1415 2669 per
1433 2638 1532 2670 quam
1549 2629 1600 2660 vi-

896 2689 990 2722 gent,
1015 2681 1195 2722 pullulant,
1215 2678 1353 2720 florent,
1375 2679 1482 2710 edunt
1504 2678 1597 2711 fruc-

895 2738 962 2764 tus.

938 2785 979 2814 25
992 2780 1101 2812 Miltia
1117 2782 1182 2811 tum
1195 2780 1312 2819 pransi,
1322 2779 1391 2820 dfe-J
1404 2779 1596 2820 Postquam

895 2841 1010 2864 sumus
1032 2831 1149 2873 pransi
1171 2830 1337 2870 Feroniae,
1356 2829 1421 2862 tria
1437 2839 1595 2871 passuum
