1956 3236
638 292 916 324 SERMONUM
955 292 1047 322 mn.
1082 292 1110 321 1.
1139 283 1181 322 3.
1545 280 1629 323 809

181 385 344 436 Tardo,
367 397 606 439 cognomen
629 387 779 439 pingui
801 385 979 427 damus:
1010 386 1080 426 hic
1101 385 1212 437 fugit
1231 396 1381 425 omnes

181 451 390 502 Insidias,
409 452 610 504 nullique
631 452 749 492 malo
770 452 884 492 latus
906 451 1029 493 obdit
1049 455 1244 505 apertum
1258 451 1277 490 Τ

179 517 315 573 (Cum
334 531 467 571 genus
487 517 573 558 hoc
595 518 706 558 inter
723 519 827 558 vitae
850 521 1059 566 versetur,
1079 516 1155 557 ubi
1177 517 1288 557 acris
1571 515 1629 556 60

184 584 375 635 Invidia,
395 590 530 638 atque
550 583 700 636 vigent
718 584 793 624 ubi
815 582 1022 638 crimina)
1039 596 1119 638 pro
1140 584 1250 624 bene
1270 595 1379 623 sano

182 649 254 692 Ac
274 664 359 692 non
379 651 578 700 incauto,
598 650 749 691 fictum
766 654 1048 704 astutumque
1070 662 1301 691 vocamuS.

184 717 436 771 Simplicior
457 718 570 770 quis,
591 722 637 758 et
658 723 740 767 est,
762 718 934 771 qualem
955 731 1024 758 me
1046 731 1170 770 saepe
1189 716 1380 757 libenter

184 782 434 825 Obtulerim
454 785 552 834 tibi,
573 784 812 833 Maecenas,
833 791 884 825 ut
904 784 1015 825 forte
1036 785 1247 836 legentem

183 849 277 891 Aut
295 850 474 891 tacitum
494 851 690 904 impellat
714 851 872 904 quovis
895 862 1092 891 sermone
1105 851 1124 890 ‘l
1155 850 1368 890 molestus
1387 848 1395 888 !
1573 849 1631 890 65

181 967 260 990 mus.
306 957 368 989 Isti
382 959 466 989 lento
479 959 586 990 dumus
600 969 765 998 cognomen
781 959 890 990 crassi.
926 958 986 990 Ille
1000 958 1086 988 dolos
1100 967 1202 988 omnes
1217 958 1380 994 eluctatur,
1396 959 1428 986 et
1441 955 1559 986 nemini
1572 955 1632 986 im·

179 1000 274 1040 probo
296 1001 471 1040 expositum
496 1001 578 1032 latus
598 1002 728 1042 prebet,
753 1001 893 1041 quamvis
912 1003 1111 1032 conversetur
1124 1010 1192 1031 cum
1209 1000 1250 1030 iis
1268 998 1442 1029 hominibus
1456 999 1538 1038 apud
1558 1006 1632 1038 quos

181 1045 318 1081 regnant
343 1043 502 1074 uehemens
524 1043 646 1074 invidia
668 1047 698 1074 et
722 1044 970 1074 criminationes:
993 1043 1073 1073 hunc
1095 1051 1155 1073 non
1176 1043 1357 1080 prudentem
1377 1044 1408 1071 et
1428 1043 1564 1078 cautum,
1578 1040 1633 1070 sed

181 1085 372 1125 versipellem
395 1088 426 1115 et
448 1085 634 1116 malitiosum
658 1085 799 1116 dicimus.
845 1085 884 1116 Si
905 1085 975 1125 quis
992 1084 1144 1124 apertior,
1170 1084 1306 1125 (qualem
1331 1092 1392 1113 non
1411 1091 1483 1114 raro
1506 1081 1564 1113 tibi
1584 1091 1632 1112 me

183 1130 294 1166 sponte
307 1126 446 1168 exhibui,
461 1137 479 1157 o
491 1125 681 1168 Moecenus,)
696 1131 730 1158 ut
746 1127 871 1158 lectioni
885 1130 1043 1158 vacantem
1057 1128 1104 1158 vel
1118 1126 1359 1165 cogitabundum
1373 1123 1523 1162 fortassis
1537 1126 1634 1154 inter-

181 1169 287 1209 pellet,
299 1178 490 1209 quacumque
503 1170 686 1201 allocutione
700 1170 894 1210 importunus
902 1179 915 1206 ,⁴
936 1169 1089 1200 dicimus:
1111 1178 1201 1200 sensu
1215 1167 1368 1199 communi
1382 1167 1505 1198 omnino
1519 1170 1567 1197 est
1582 1166 1634 1196 ille

794 1240 1030 1253 oeeeeeeeeooe

186 1292 296 1323 Zeun.
319 1292 360 1323 R.
384 1296 421 1324 et
445 1293 490 1325 H.
515 1293 635 1334 Steph.
662 1298 698 1324 et
723 1295 975 1326 Danaen—58
1002 1294 1104 1325 Turdo
1119 1303 1155 1325 ac
1169 1302 1335 1333 cognomen
1357 1292 1469 1331 pingui
1485 1301 1527 1323 ex
1544 1291 1635 1332 conj.

187 1335 294 1366 edidit
310 1335 425 1366 Bentl.
446 1336 575 1375 pinguis
589 1335 696 1367 codex
714 1337 879 1375 annebi,
893 1335 982 1367 Adv.
999 1345 1080 1367 xxx.
1094 1339 1126 1367 4.
1149 1345 1234 1366 unus
1249 1334 1372 1367 Jacobi
1399 1333 1636 1365 Carondeletii

186 1386 242 1418 ap.
261 1377 415 1408 Torrent.
439 1378 520 1408 Vet.
537 1378 656 1408 Comb.
673 1378 815 1408 Chabot.
831 1382 867 1409 et
882 1378 1090 1408 Lamb.—-60
1113 1377 1374 1407 vetustissimus
1400 1375 1522 1406 Bland.
1550 1376 1634 1406 Cru-

185 1418 254 1459 quii
283 1427 451 1458 versemur,
481 1418 570 1459 quod
601 1420 732 1458 recepit
760 1419 874 1450 Bentl.
902 1428 944 1449 ne
969 1422 1112 1449 versetur
1135 1418 1321 1448 haberetur
1345 1426 1405 1456 pro
1434 1417 1635 1448 Passim.—

185 1462 227 1491 ⁶³
249 1459 429 1500 Simplicior
441 1460 552 1499 siquis,
567 1461 697 1500 qualem
714 1469 767 1491 me
784 1459 864 1491 edd.
881 1465 966 1491 vett.
981 1460 1120 1490 Venett.
1137 1460 1299 1490 Glarean.
1317 1458 1460 1490 Chabot.
1476 1459 1521 1490 al.
1551 1457 1636 1489 Sim-

181 1500 295 1542 plicior
307 1501 378 1542 quis
389 1505 425 1532 at
437 1505 497 1541 est,
513 1503 632 1542 qualem
647 1511 694 1533 me
706 1502 835 1543 primus
851 1501 959 1534 edidit
977 1501 1158 1532 Lambinus
1176 1511 1218 1532 ex
1232 1500 1334 1532 codd.
1351 1500 1440 1539 nuis;
1465 1505 1501 1532 et
1515 1500 1564 1532 sic
1579 1506 1635 1532 est

185 1544 219 1574 in
234 1542 384 1575 Bentleii
403 1544 522 1584 Regin.
538 1554 557 1575 a
572 1553 617 1576 m.
639 1553 708 1576 sec.
753 1544 935 1584 Simplicior
950 1544 1019 1584 quis
1033 1547 1064 1574 et
1077 1547 1148 1580 est,·
1171 1545 1290 1584 qualem
1314 1553 1362 1574 me
1387 1552 1505 1574 omnes
1532 1542 1634 1574 codd.

186 1584 338 1626 Cruquii,
353 1586 532 1621 Torrentii.
549 1592 584 1616 et
601 1586 751 1618 Bentleii
769 1592 896 1628 praeter
912 1596 1027 1625 unum,
1043 1587 1140 1617 Harl.
1155 1588 1186 1617 2.
1202 1588 1234 1617 3.
1247 1588 1280 1617 4.
1294 1588 1325 1617 6.
1341 1588 1374 1616 7.
1399 1589 1435 1617 et
1458 1585 1509 1616 sic
1525 1584 1638 1616 edidit

185 1632 222 1659 et
237 1627 451 1669 interpungit
466 1629 583 1660 Bentl.
605 1629 726 1669 qualem
741 1639 807 1660 me.
822 1629 1017 1660 ..Moecenas
1030 1628 1226 1669 parenthesi
1242 1628 1398 1667 sumptis.
1443 1627 1640 1658 Bentleium

187 1669 294 1702 secuti
311 1670 478 1710 Dunster,
504 1671 656 1710 Francis,
681 1677 717 1702 et
741 1670 932 1702 Kidd.-65
957 1672 1025 1702 Aut
1049 1669 1179 1701 tacitum
1203 1669 1336 1709 appellet
1359 1669 1478 1700 Lamb.
1501 1678 1544 1699 ex
1569 1677 1638 1699 uno

187 1711 328 1751 codice;
350 1718 386 1743 et
411 1714 459 1744 sic
486 1711 600 1744 Acron
623 1719 660 1744 et
685 1713 830 1744 Chabot.
854 1717 890 1744 et
906 1712 993 1752 conj.
1010 1711 1157 1751 Cuning.
1177 1713 1186 1727 ⁴
1201 1713 1265 1742 Aul
1295 1714 1319 1741 t.
1334 1711 1470 1750 impellat
1487 1710 1636 1741 omnium

186 1753 456 1786 membranarum
479 1755 581 1786 lectio
597 1760 674 1794 est3
699 1759 802 1795 atque
826 1755 875 1785 ita
898 1753 982 1786 editi
1007 1754 1144 1785 vetusti.
1190 1753 1296 1784 Nullo
1313 1758 1426 1783 tamen
1443 1752 1543 1783 modo
1558 1761 1638 1782 con-

187 1796 308 1828 sistere
323 1796 410 1828 hauc
427 1806 538 1837 posse,
546 1797 717 1837 judicavit
737 1796 931 1829 Lambinus.
977 1796 1114 1837 Quippe
1138 1797 1147 1813 ‘
1161 1794 1363 1834 impellere‚'
1386 1804 1463 1826 eum
1491 1795 1534 1824 ad
1560 1803 1635 1825 cor-

163 1846 174 1852 ·
188 1847 251 1879 pus
273 1837 433 1879 refertur,
447 1844 502 1870 est
515 1839 586 1870 ictu
605 1839 749 1879 quodam
775 1849 908 1880 urgere,
926 1838 1080 1877 trudere,
1096 1838 1304 1878 percellere:
1328 1846 1404 1868 cum
1421 1836 1463 1867 ad
1479 1836 1640 1876 animum,

189 1880 345 1920 suadere,
360 1891 509 1920 movere,
524 1882 687 1913 incitare:
712 1891 854 1922 quorum
870 1881 1035 1912 utrumvis
1051 1890 1071 1911 a
1088 1881 1152 1911 loci
1170 1880 1271 1920 hujus
1287 1888 1386 1910 sensu
1403 1880 1549 1910 alienum
1565 1887 1641 1909 cre-

187 1922 286 1954 didit.
332 1924 446 1957 Quare
470 1924 559 1955 idem
586 1925 738 1964 reposuit
751 1924 896 1964 appellet,
912 1922 1086 1961 ingeniose
1103 1922 1240 1963 quidem
1258 1926 1294 1952 et
1308 1920 1431 1953 docte:
1456 1920 1489 1951 in
1506 1929 1572 1962 quo
1596 1920 1638 1951 ab

190 1973 258 1996 uno
270 1966 387 1997 codice
400 1966 530 2006 scripto
544 1975 580 1997 se
596 1966 747 2006 adjutum
763 1970 893 2003 narrat,
904 1970 1022 2005 utpote
1035 1965 1092 2006 qui
1108 1964 1264 1996 habuerit
1279 1964 1425 2003 appellat.
1450 1963 1502 1993 De
1519 1962 1639 1994 codice

191 2010 304 2038 autem
327 2007 411 2048 (non
427 2008 517 2041 enim
531 2007 699 2049 nominat)
721 2008 807 2039 fides
823 2017 928 2049 penes
942 2015 1116 2039 auctorem
1133 2012 1208 2038 esto
1222 2017 1231 2037 :
1255 2011 1409 2037 ceterum
1426 2005 1524 2036 valde
1547 2005 1640 2036 favet

190 2047 268 2080 huic
283 2050 485 2081 correctioni
500 2040 616 2082 Rcron
632 2050 847 2085 Scholiasta,
866 2050 959 2090 cujils
983 2049 1087 2081 verba
1102 2053 1202 2080 sunt:
1228 2049 1237 2066 ‘
1251 2049 1284 2078 Si
1301 2047 1376 2089 quis
1390 2047 1499 2079 libere
1515 2052 1550 2079 et
1565 2047 1638 2078 sine

192 2089 428 2122 observatione
442 2092 605 2131 temporis
623 2092 847 2131 appellaverit
862 2092 1004 2123 amicum
1021 2101 1114 2123 suum
1128 2114 1137 2123 .
1149 2112 1158 2121 .
1171 2114 1179 2123 .
1194 2113 1201 2121 .
1214 2090 1318 2131 siquis
1342 2096 1395 2121 est
1417 2089 1574 2130 simplex,
1604 2095 1642 2120 nt

191 2132 376 2172 legemem,
391 2136 452 2164 aut
466 2133 672 2172 cogitantem
688 2133 849 2164 molestus
866 2133 1085 2174 interpellet3
1107 2133 1221 2164 statim
1239 2142 1315 2163 eum
1331 2141 1450 2164 carere
1467 2132 1636 2163 communi

193 2182 294 2204 sensu
309 2173 476 2206 dicimus.'
520 2175 628 2206 Recte
643 2184 726 2215 ergo
742 2179 777 2206 et
791 2175 947 2215 apposite
963 2175 1005 2206 ad
1022 2175 1229 2206 sententiam
1247 2174 1439 2206 Lambinus.
1483 2174 1572 2205 Vide
1591 2178 1641 2204 ta-

194 2224 285 2257 men,
302 2215 412 2257 siquid
435 2221 471 2248 et
498 2226 559 2248 nos
584 2215 776 2256 afferamus,
793 2217 882 2258 quod
907 2222 967 2248 aut
981 2217 1111 2248 melius
1128 2222 1187 2248 aut
1203 2222 1298 2248 certe
1315 2226 1379 2247 non
1396 2216 1546 2248 deterius
1565 2225 1640 2247 esse

192 2257 360 2290 videatur.
406 2259 498 2298 Lego
514 2259 648 2300 itaque:
672 2260 802 2296 utsorte
816 2260 966 2299 legentem
981 2259 1047 2290 Aut
1059 2260 1189 2291 tacitum
1203 2259 1367 2299 impediat,
1381 2259 1489 2298 quovis
1502 2267 1640 2290 sermone

191 2299 346 2331 molestus.
389 2301 571 2333 Enimvero
592 2301 656 2332 hoc
679 2301 847 2332 commodi
868 2301 971 2332 habet
995 2306 1110 2332 nostra
1136 2301 1447 2342 conjectura,quod
1465 2311 1484 2332 a
1500 2304 1643 2339 recepta

191 2341 339 2373 lectione
355 2343 525 2376 minimum
542 2343 717 2375 abscedit:
744 2353 854 2385 neque
872 2353 951 2375 vero
976 2343 1128 2384 precario
1154 2343 1288 2374 admitti
1315 2344 1476 2383 postulat,
1502 2343 1562 2374 sed
1580 2351 1640 2372 suo

187 2383 268 2424 jure
283 2389 319 2415 et
333 2385 464 2426 magnis
482 2386 679 2417 auctoribus
700 2395 736 2417 se
755 2392 883 2417 tuetur.
927 2386 1100 2417 Charisius
1118 2385 1176 2417 lib.
1193 2394 1227 2417 v.
1246 2395 1278 2426 p.
1295 2387 1372 2417 261.
1395 2385 1452 2415 nbi
1478 2384 1641 2415 idiomata

192 2426 379 2458 accusativi
401 2437 499 2459 casus
523 2434 692 2467 recenset,
716 2428 887 2468 ‘impedio
911 2427 1109 2468 legentem,'
1131 2429 1279 2470 exempli
1306 2428 1382 2458 loco
1408 2425 1554 2467 profert.
1598 2423 1641 2455 Id

238 2566 280 2595 ⁶3
308 2564 501 2607 Simplicior]
538 2567 618 2599 Non
647 2566 887 2607 dissimulator,
942 2565 1127 2605 metipsum
1153 2566 1293 2594 accusat
1315 2561 1494 2599 Horatiae,
1517 2560 1642 2592 callide

197 2618 256 2644 aut
281 2620 483 2656 assentator,
509 2617 565 2658 qui
588 2620 598 2636 ‘
615 2621 771 2658 tempora
795 2615 888 2647 fandi
943 2618 1097 2644 removet
1121 2621 1141 2642 a
1167 2621 1203 2642 se
1228 2610 1363 2648 astutiae
1385 2613 1420 2640 et
1442 2609 1642 2642 calliditatis

196 2661 324 2693 mollia’
348 2667 384 2694 et
409 2666 582 2699 commoda
607 2675 674 2698 non
704 2666 888 2697 observans
941 2663 1135 2704 opinionem
1158 2665 1194 2692 et
1217 2660 1355 2701 famam,
1370 2668 1435 2700 qua
1458 2669 1534 2691 eum
1557 2669 1641 2691 non-

200 2711 342 2743 amicum
370 2713 567 2754 interpellet
603 2716 694 2748 seria
723 2715 888 2757 quaepiam
941 2714 1025 2745 nulli
1040 2711 1290 2753 aspergebant:
1315 2715 1418 2751 atque
1434 2711 1542 2750 ipsum
1555 2711 1640 2741 Ma».-

197 2764 356 2802 agentem
372 2762 425 2792 vel
438 2763 671 2796 meditantem.
941 2768 1098 2795 cenatem
1110 2761 1246 2794 adhibet
1261 2764 1384 2793 testem
1397 2768 1466 2791 suae
1479 2760 1640 2802 simplici-

213 2833 215 2835 ·
245 2810 624 2855 Qualemmecaepe,s·o.]
648 2815 741 2847 Dum
764 2815 814 2847 ita
836 2825 888 2848 se·
942 2815 1033 2847 tatis.
