1904 3256
397 282 481 324 786

865 291 908 326 ρ.
938 284 1141 318 nonam
1174 283 1344 313 FLAcci

398 384 558 437 Inguen
579 384 634 425 ad
655 384 913 423 obscoenum
932 376 1159 416 subductis
1175 387 1312 427 usque
1332 373 1496 414 facetus
1515 386 1525 414 ε

399 449 608 490 Pastillos
628 446 818 489 Rufillus
838 444 943 491 olet,
964 441 1208 494 Gorgonius
1226 440 1387 481 hircum
1404 453 1414 480 ι

402 514 479 555 Nil
500 514 687 554 medium
709 513 786 550 est.

843 507 952 548 Sunt
969 506 1045 559 qni
1059 506 1198 546 nolint
1215 505 1420 558 tetigisse,
1436 505 1520 546 nisi
1538 505 1653 554 illas,

401 642 491 672 Alius
505 643 550 671 est
563 639 615 677 qui
627 635 788 668 succinctis
800 643 890 675 usque
904 635 944 666 ad
957 633 1144 670 umbilicum,
1167 643 1199 664 ee
1222 633 1383 665 ridiculum
1402 634 1546 674 proebeat.
1590 633 1722 674 Rufillus
1744 641 1812 670 pos-

401 683 482 713 tillos
496 681 627 714 renotem
651 677 824 717 Gorgonius
844 686 914 707 vero
935 685 1071 715 caprum.
1118 675 1207 706 Nihil
1228 675 1373 707 mediocre
1390 678 1551 716 reperitur.
1595 675 1675 706 Sunt
1695 673 1748 714 qui
1766 682 1814 703 re·

995 777 1224 791 OWOOOOO

405 848 507 878 Zeun.
525 850 560 876 et
576 845 732 874 Glarean.
775 843 947 874 Matthinus
963 851 1076 873 omnes
1092 842 1271 873 Harl—27
1293 846 1301 859 ¹
1315 842 1488 873 Bentleius
1503 841 1650 873 ostendit
1662 839 1818 880 frequen-

404 889 468 917 tius
483 886 584 918 scribi
602 885 779 924 Gorgonius
793 885 827 915 in
842 884 1012 915 veteribus
1025 883 1324 923 Inscriptionibns3
1341 888 1442 924 atque
1456 883 1505 914 ita
1517 884 1574 915 ille
1589 882 1694 914 edidit
1709 882 1741 912 in
1757 890 1817 912 suo

406 929 558 959 Horatio.
599 926 664 959 Sed
689 927 832 957 varietas
853 926 918 956 ista
932 925 1014 955 satis
1028 923 1185 965 frequens
1200 924 1300 956 estin
1317 925 1515 962 nominibus,
1531 933 1706 964 operarum
1722 922 1818 952 insci—

405 969 473 1001 tia!
496 970 597 1000 Baxt.
644 968 822 1008 Gorgonius
835 967 936 998 etiam
952 966 1048 998 Gott.
1062 971 1099 998 et
1115 967 1197 998 Exc.
1215 967 1377 997 Sam—28
1397 967 1520 998 Sanan,
1536 971 1572 997 et
1587 967 1753 1001 Dunster,
1767 971 1819 994 re-

1043 1059 1185 1090 NOTAE

407 1147 478 1168 rum
491 1140 565 1174 est;
589 1144 701 1175 supra,
713 1133 977 1167 centurionum:
1001 1133 1090 1163 Hinc

408 1190 516 1226 patet.
532 1183 622 1225 quod
637 1183 718 1214 alibi
737 1182 935 1220 notavimus,
949 1181 1092 1212 discinc-

408 1236 493 1272 tum,
502 1233 572 1264 sive
587 1233 597 1250 ⁴
609 1231 762 1263 demissis
770 1231 888 1262 tunicis
900 1228 1095 1270 ambulare,'

409 1282 558 1313 mollitiae
581 1287 681 1322 atque
703 1280 846 1321 ignaviae
861 1283 1094 1320 argumentum

410 1328 525 1370 fuisse,
538 1339 668 1362 necnon
688 1328 843 1370 superbae
865 1332 902 1360 et
922 1337 1016 1359 vanae
1042 1337 1094 1359 os·

410 1379 624 1412 tentationis:
650 1378 835 1409 succinctas
858 1380 968 1408 autem
985 1379 1094 1407 vestes

411 1431 469 1459 aut
493 1426 693 1468 praecinctas
717 1425 795 1455 viris
815 1423 903 1464 frugi
920 1428 955 1454 et
970 1423 1094 1454 virtute

412 1476 509 1508 elaris
524 1474 678 1516 proprias
693 1473 856 1505 extitisse.
881 1471 970 1503 vide
985 1471 1095 1512 Epod.

414 1529 439 1555 1.
457 1533 504 1556 vs.
518 1523 580 1554 ult.
597 1527 631 1553 et
643 1522 751 1563 Epod.
764 1530 814 1552 iv.
826 1524 858 1553 8.

453 1567 646 1612 malthinus]
679 1570 763 1602 Quis
791 1569 870 1599 ille?
893 1571 987 1599 certe
1010 1568 1098 1599 haud

414 1619 510 1661 nobis
525 1620 641 1660 liquet.
692 1617 806 1651 Mollis
820 1626 860 1648 ac
875 1615 1100 1647 effoeminatus

416 1672 565 1701 notatur.
615 1667 703 1698 Non.
729 1665 885 1696 Marcell.
913 1666 922 1681 ‘
935 1665 944 1681 ‘
956 1663 1101 1694 Maltas’

416 1716 578 1757 appellari
591 1716 719 1754 molles,
735 1714 863 1754 antiqui
877 1714 1067 1751 voluerunt,
1084 1721 1104 1743 a

417 1766 550 1804 Graeco,
569 1764 662 1805 quasi
685 1762 879 1802 meamus!
923 1762 1030 1794 Lucil.
1046 1761 1105 1792 lib.

418 1822 538 1844 xxvii.
549 1814 559 1830 ‘
574 1814 734 1844 Insanum
749 1817 870 1844 vocant
888 1821 985 1852 quem
1002 1811 1012 1827 ‘
1025 1811 1104 1842 mal-

420 1860 504 1905 tam'
524 1871 564 1892 ac
577 1861 746 1893 foeminam
760 1861 825 1892 dici
842 1860 979 1891 vident:
1022 1859 1104 1892 Qui-

419 1912 495 1942 dam
517 1910 683 1951 designari
706 1910 821 1941 volunt
843 1909 979 1939 Menam
1001 1907 1106 1946 illum,

419 1960 462 1990 de
477 1968 542 2000 quo
558 1958 666 1998 Epod.
687 1967 737 1989 1v.
770 1957 838 1988 Alii
859 1957 966 1996 ipsum
981 1956 1103 1987 Maece·

420 2012 543 2038 nalem.
564 2007 574 2024 ‘
587 2006 686 2037 Hunc
708 2015 781 2037 esse
803 2006 860 2046 qui
882 2005 998 2036 solutis
1017 2004 1104 2037 tuni-

421 2058 470 2089 cis
485 2057 518 2087 in
534 2056 616 2087 urbe
632 2065 763 2095 semper
778 2054 974 2090 incesserit:
996 2054 1105 2094 inquit

421 2107 551 2138 Seneca
580 2106 686 2145 Epist.
710 2107 781 2136 114.
823 2104 932 2136 Julius
954 2097 1105 2144 Scaliger

424 2155 523 2186 Poet.
538 2164 593 2186 ιιι,
608 2157 661 2186 98.
677 2154 724 2185 ita
736 2153 872 2184 scribit:
899 2157 908 2171 ‘
921 2153 1105 2192 Satirogra-

425 2204 480 2244 phi
496 2213 538 2235 ne
559 2202 672 2235 amicis
695 2203 829 2244 quidem
853 2206 1008 2243 parcunt.
1050 2201 1106 2232 In-

426 2257 539 2292 gratus
554 2252 727 2290 Horatius,
748 2251 803 2292 qui
825 2260 868 2282 ne
885 2261 905 2282 a
919 2251 1109 2282 Maecenate

426 2300 559 2341 quidem
576 2301 742 2332 abstinere
766 2300 894 2339 potnit:
925 2300 952 2330 si
973 2298 1108 2340 quidem

428 2348 519 2389 qnod
533 2349 624 2380 aiunt
640 2358 753 2379 verum
768 2352 834 2386 est,
851 2348 1050 2378 Malthinum
1067 2347 1111 2378 ab

429 2407 469 2428 eo
485 2398 700 2437 appeliatum,
719 2397 815 2437 quus
839 2396 997 2427 demissas
1017 2399 1111 2426 uota-

430 2450 483 2476 ret
499 2445 638 2476 tunicas.
680 2444 772 2484 Ager
783 2444 869 2475 enim
878 2444 1034 2483 Sabinus,
1044 2453 1112 2484 quo

430 2495 581 2526 canicula
593 2495 651 2526 illa
665 2504 683 2526 a
697 2494 810 2526 divino
823 2495 892 2525 viro
907 2494 1027 2525 donata
1039 2492 1112 2525 fue-

431 2549 498 2584 rat,
513 2548 624 2575 tantus
647 2543 798 2584 tantique
818 2548 904 2583 erat,
924 2547 960 2574 ut
976 2542 1113 2584 obJectu

433 2602 492 2622 sno
507 2597 622 2632 posset
637 2592 780 2624 malefici
794 2592 881 2623 oculi
892 2591 995 2623 visum
1012 2591 1114 2623 inter-

433 2641 558 2681 cipere,
582 2651 647 2682 quo
670 2641 776 2672 minus
792 2641 979 2672 tunicarum
994 2640 1115 2672 demis-

435 2690 526 2730 sione
553 2689 804 2721 offenderetur-¹
858 2689 943 2722 Haec
965 2689 1115 2729 Scaliger

435 2738 558 2769 invidia
584 2748 716 2780 semper
738 2739 771 2770 in
795 2738 972 2771 Horatium
993 2737 1116 2775 hostili.

1142 1132 1266 1163 Verum
1282 1136 1367 1171 esto,
1389 1132 1497 1171 ipsum
1517 1132 1738 1162 Maecenatem
1755 1131 1821 1161 vel-

1142 1181 1224 1213 licet
1251 1180 1372 1219 Poeta,
1401 1180 1559 1221 numquid
1594 1181 1603 1196 ‘
1620 1179 1760 1209 barbaro
1787 1182 1824 1209 et

1145 1234 1259 1264 servili
1289 1232 1414 1278 animp'
1443 1231 1477 1263 id
1506 1231 1676 1263 faciebat?
1720 1230 1826 1265 Immo

1145 1282 1156 1298 ⁴
1170 1282 1292 1313 ridenti
1318 1280 1448 1321 amico‚’
1483 1279 1571 1321 quod
1604 1279 1651 1310 ait
1683 1279 1828 1318 Persius,

1147 1329 1238 1360 vafer
1249 1330 1355 1369 tangit
1367 1330 1495 1369 vitium,
1515 1334 1523 1347 ¹
1537 1334 1572 1360 et
1583 1328 1743 1360 admissus
1758 1328 1823 1359 cir-

1146 1387 1223 1409 cum
1239 1378 1424 1418 praecordia
1439 1378 1540 1408 ludit'
1553 1377 1690 1409 festivus
1705 1381 1740 1408 et
1754 1386 1829 1417 gra-

1147 1431 1221 1465 tus;
1256 1428 1389 1466 accepti
1417 1435 1495 1457 vero
1523 1425 1676 1456 beneficii
1705 1424 1829 1465 passim

1147 1483 1282 1506 memor.

1194 1524 1252 1554 Est
1277 1523 1340 1562 qui.
1361 1523 1430 1563 ξω]
1468 1522 1562 1554 Alius
1585 1522 1675 1554 aliud
1697 1521 1832 1553 omnino

1151 1571 1267 1601 vitium
1301 1570 1412 1601 habet.
1466 1571 1631 1611 Agrippa,
1667 1570 1832 1610 inquiunt,

1154 1619 1302 1649 vestibus
1323 1618 1365 1649 ad
1397 1623 1488 1649 nates
1518 1627 1624 1659 usque
1645 1617 1767 1649 decisis
1797 1620 1834 1648 et

1151 1667 1324 1698 subductis
1341 1666 1390 1698 uti
1405 1667 1531 1698 solitus.

1194 1719 1235 1748 2⁷
1260 1715 1419 1756 Pastillos]
1433 1715 1642 1756 Trochiscos,
1651 1724 1709 1746 seu
1719 1714 1834 1754 globu-

1152 1766 1201 1797 los
1218 1765 1387 1797 odoratos.
1430 1765 1462 1797 A
1477 1765 1488 1782 ‘
1499 1764 1609 1805 panis’
1623 1764 1663 1796 fit
1681 1763 1835 1795 diminut.

1152 1815 1372 1856 ‘paniculus,'
1395 1814 1611 1856 ‘panicfflusss
1639 1813 1836 1854 ‘pastinum'

1154 1864 1224 1895 Alii
1255 1864 1427 1895 deducunt
1455 1873 1476 1894 a
1500 1863 1629 1903 παντὸς,
1650 1871 1837 1902 conspersus,

1154 1922 1275 1953 nempe
1299 1911 1466 1944 odorifero
1491 1913 1640 1952 pulvere,
1668 1915 1703 1943 et
1723 1911 1837 1942 simili-

1155 1961 1228 1992 bus.

1202 2009 1377 2047 Gorgonius
1390 2008 1522 2047 hircum]
1541 2009 1676 2039 Tetrum
1687 2007 1838 2048 odorem,

1157 2059 1286 2099 qualem
1316 2058 1434 2088 hircus.
1477 2057 1668 2098 Gorgonius
1704 2057 1838 2088 nimiam

1157 2107 1395 2148 negligentiam
1410 2104 1611 2137 affectabat:
1635 2104 1779 2137 Rufillus
1791 2105 1840 2135 ni-

1159 2156 1259 2187 mium
1295 2156 1420 2186 cultum
1453 2159 1489 2186 et
1519 2153 1726 2186 munditiem.
1769 2152 1841 2183 Isto

1160 2204 1324 2236 versiculo
1340 2203 1495 2234 invidiam
1508 2203 1572 2234 sibi
1583 2206 1730 2233 creatam
1744 2204 1842 2231 notat

1160 2252 1319 2285 Horatius
1339 2252 1410 2283 Sat.
1434 2261 1486 2283 iv.
1499 2254 1560 2291 298.
1604 2249 1700 2281 Unde
1715 2249 1842 2289 colligi-

1161 2311 1232 2333 mus
1248 2301 1422 2332 adversum
1439 2300 1624 2338 nonnullos,
1637 2297 1791 2330 Rufinum
1805 2302 1847 2329 et·

1162 2349 1368 2390 Gorgonium
1385 2357 1586 2389 nequaquam
1605 2347 1690 2391 viles
1700 2352 1736 2378 et
1750 2346 1840 2387 igno-

1163 2398 1246 2430 biles
1259 2397 1420 2429 extitisse.

1204 2449 1245 2477 28
1268 2446 1327 2476 Nil
1352 2444 1497 2485 medium]
1520 2445 1587 2475 Vix
1615 2444 1762 2484 reperire
1791 2447 1844 2474 est

1163 2497 1173 2513 ⁴
1191 2493 1342 2526 auream'
1354 2493 1442 2524 illam
1457 2495 1466 2511 ‘
1480 2491 1768 2524 mediocritatem?
1803 2500 1845 2522 n.

1167 2543 1235 2575 Od.
1250 2545 1302 2574 1⁰.

1208 2592 1289 2623 Sunt
1314 2591 1366 2631 qui
1387 2591 1485 2622 nolint
1506 2590 1657 2630 tetigisse,
1675 2589 1844 2631 &cd-dam

1166 2641 1298 2672 demum
1325 2650 1345 2670 a
1373 2639 1508 2679 flagitiis
1537 2639 1690 2671 deterret>
1719 2637 1852 2678 triplici

1166 2692 1378 2729 argumento:
1395 2688 1483 2728 quod
1499 2697 1569 2719 rem
1581 2687 1775 2719 familiarem
1786 2695 1844 2716 ex-

1167 2737 1322 2768 hauriant
1353 2741 1389 2767 et
1417 2735 1578 2776 perditun
1608 2734 1706 2776 quod-
1723 2742 1844 2774 eorpus
