1904 3256
666 271 856 302 EPODnN

893 271 1057 302 LIBER.

702 430 832 472 ODE
881 429 993 472 VII.

534 528 587 559 m
623 529 865 561 POPULUM
901 529 1171 561 nomnium.

316 585 514 639 Detestnio
528 605 637 638 civilis
653 605 734 638 belli
750 605 794 638 ab
809 605 958 639 Antonio
974 610 1011 638 et
1024 606 1209 647 Cleopatra
1226 605 1390 638 renovati.

354 682 485 733 Quo,
505 694 596 736 quo
618 681 799 724 scelesti
818 682 945 724 ruitis
959 682 979 723 Ἰ
1010 685 1088 723 aut
1107 694 1184 723 cur
1203 680 1396 723 dexteris

409 748 634 805 Aptantur
650 762 776 792 enses
798 750 996 792 conditi‘l

354 816 576 859 Parumne
597 819 772 872 campis
794 823 930 872 atque
953 816 1168 871 Neptuno
1189 829 1325 871 super
1387 849 1390 852 .

410 883 575 926 Fusum
597 889 666 926 est
686 885 834 926 Latini
855 883 1112 937 sanguinis?

348 949 454 994 Non
474 955 523 994 ut
541 952 759 1006 superbas
779 951 942 992 invidae
965 949 1249 1006 Carthaginis

1552 953 1581 994 en

405 1017 638 1061 Romanus
659 1031 786 1060 arces
809 1022 975 1070 ureret3

348 1085 551 1128 Intactus
572 1088 648 1126 aut
667 1085 908 1126 Britannus
928 1088 975 1126 ut
995 1084 1276 1127 descenderet

405 1152 544 1193 Sacra
563 1155 798 1192 catenatus
818 1151 914 1193 via:

165 1256 235 1292 Quo
249 1267 309 1298 quo
330 1258 472 1290 scelerati
492 1257 686 1298 properatis?
706 1258 754 1288 vel
776 1266 832 1288 cur
856 1257 970 1289 inclusi·
985 1257 1103 1296 vagina
1124 1258 1229 1298 gladii
1242 1258 1366 1290 dextris
1380 1257 1584 1289 inseruntur?

121 1296 176 1345 ᾼιι
187 1308 248 1331 non
261 1300 338 1332 saei·
353 1300 465 1333 Latini
477 1300 640 1339 sanguinis
653 1298 787 1340 effusum
803 1303 852 1331 est
865 1305 951 1331 terra
965 1301 1104 1340 marique
1113 1299 1129 1332 ,⁷
1163 1301 1238 1332 Non
1253 1301 1377 1341 quidem
1393 1303 1428 1331 ut
1446 1298 1582 1330 Romani

118 1343 316 1374 tna-eundemne
329 1344 450 1374 excelsa
469 1343 597 1374 castella
615 1342 736 1373 oemulae
754 1342 973 1381 Carthaginis,
988 1343 1037 1374 vel
1051 1346 1085 1373 ut
1101 1343 1256 1374 Britanni
1270 1343 1419 1375 hactenus
1433 1341 1584 1373 indomiti

727 1425 963 1437 omoeaemoe

161 1487 240 1521 Ode
254 1493 356 1522 sexta
369 1489 463 1521 Libri
480 1488 621 1521 secundi
637 1488 670 1520 in
686 1488 774 1520 Edd.
793 1488 917 1520 Sanad.
965 1489 1163 1530 Epigraphe
1179 1489 1214 1520 in
1237 1498 1304 1521 uno
1318 1488 1396 1521 cod.
1418 1489 1581 1521 vetustis-

117 1530 203 1564 nimo
213 1541 268 1573 ap.
283 1532 440 1564 Terreni.
464 1532 506 1563 In
520 1532 599 1572 Pop.
616 1532 707 1563 Rom.
723 1531 835 1563 Primo
859 1531 934 1562 beno
957 1532 1048 1563 civili
1064 1532 1165 1574 finito
1186 1536 1221 1564 ut
1243 1532 1283 1563 ab
1306 1532 1381 1563 aliis
1403 1531 1581 1563 abstineant

115 1574 371 1615 deprecatum—1
397 1574 407 1592 ‘
419 1574 548 1615 Scripti
570 1574 670 1606 codd.
686 1573 828 1613 habent,
848 1577 880 1604 et
893 1583 949 1605 cur
963 1575 1105 1607 dexteris
1114 1585 1128 1612 ‚·
1150 1578 1187 1605 et
1203 1575 1253 1606 sic
1269 1574 1374 1606 etiam
1398 1574 1556 1615 impressi
1571 1584 1581 1613 ;

116 1625 232 1648 verum
247 1617 384 1649 omnino
406 1617 600 1659 legendnm,
623 1617 731 1657 ecquid
753 1616 912 1653 dareris,-
937 1617 1063 1657 copula
1079 1617 1169 1648 enim
1185 1620 1217 1648 et
1240 1617 1451 1648 concitatum
1467 1616 1579 1656 indig-

115 1658 262 1692 nationis
276 1663 404 1692 motum
421 1659 637 1701 comprimit.’
663 1658 870 1699 Cuning.—6
892 1659 1035 1690 Venett.
1052 1663 1088 1690 et
1101 1660 1181 1691 Vct.
1195 1659 1316 1691 Comb.
1331 1668 1416 1690 arces
1429 1662 1579 1690 verteret.

777 1748 919 1781 NOTAE

159 1813 310 1846 Metrum
326 1813 416 1845 idem
433 1812 523 1856 quod
537 1812 648 1855 Epod.
665 1822 690 1844 1.

157 1866 173 1894 l
203 1863 286 1903 Quo,
313 1873 384 1904 quo,
412 1863 482 1904 εμπ]
507 1863 702 1904 Ambigitur
727 1862 818 1904 quod

116 1913 215 1946 civile
242 1913 368 1946 bellum
393 1913 447 1945 hic
474 1913 584 1944 Poeta
611 1917 816 1944 execretur:

117 1972 160 1995 ιιι
183 1964 265 1996 illud
286 1964 377 2006 qnod
397 1969 531 2006 gestum
547 1968 599 1995 est
614 1963 692 1995 hinc
707 1963 817 1994 Brnto

117 2018 152 2045 et
167 2013 296 2054 Caesio,
310 2015 405 2046 illinc
422 2014 579 2056 Augusto
599 2014 649 2046 M.
663 2012 816 2045 Antonio

116 2066 154 2094 et
182 2063 232 2095 M.
259 2063 390 2105 Lepido
413 2063 579 2095 ducibus?
609 2062 664 2094 An
689 2062 814 2093 bellum

116 2111 415 2154 Actiacum,cnjus
429 2112 532 2144 finem
548 2116 583 2144 et
599 2113 728 2144 exitum
745 2111 815 2143 Au-

116 2167 218 2202 gusto
240 2161 379 2194 felicem
403 2161 593 2194 celebrabit
609 2162 719 2203 Epod.
741 2162 815 2194 rx.?

115 2209 172 2243 An
201 2211 317 2253 potius
345 2211 428 2243 illud
457 2211 548 2253 quod
578 2217 657 2253 post
683 2212 816 2244 cladem

115 2261 375 2303 Philippensem
398 2262 496 2294 Sext.
511 2261 695 2303 Pompeius
715 2272 815 2304 repa-

115 2310 239 2343 rabat?
281 2311 374 2342 Vide
406 2320 430 2344 1.
456 2311 525 2344 od.
552 2314 605 2344 14.
632 2320 673 2344 ιι.
697 2311 767 2344 Od.
783 2316 815 2344 7.

114 2368 172 2392 nr.
186 2359 256 2392 Od.
272 2364 305 2394 4.
322 2366 358 2393 et
372 2363 405 2393 6.
439 2361 595 2404 Denique
612 2362 723 2403 Epod.
739 2371 815 2395 xvi.

115 2409 231 2452 ibique
247 2410 332 2443 Not.

158 2459 304 2501 Scelesta]
334 2460 378 2492 In
403 2460 496 2493 cives
512 2465 549 2493 et
564 2462 710 2502 patriam
727 2462 814 2504 inju-

117 2508 198 2541 rimi
210 2514 248 2542 et
261 2510 456 2554 saevientes.

159 2562 186 2608 ².
205 2561 304 2594 Emer
331 2561 466 2604 conditi]
493 2562 570 2594 Pax
601 2563 691 2595 enim
721 2562 816 2595 facta

119 2607 241 2650 fuerat,
263 2612 434 2654 aliquanto
461 2617 539 2654 post
562 2613 815 2645 dimicationem

119 2658 385 2702 Philippensem,
409 2664 637 2704 Pompeianos
662 2664 754 2696 inter
778 2667 814 2695 et

121 2707 310 2747 Augustum
329 2715 429 2751 atque
443 2711 642 2744 Antonium.

162 2761 182 2789 3
208 2757 334 2799 Campis
356 2763 447 2799 aeque
473 2763 617 2804 Neptuno
641 2763 750 2804 super]
773 2763 813 2795 In

119 2809 248 2850 campis
282 2809 569 2851 Philippensibus,
601 2818 638 2845 et
666 2815 701 2846 in
732 2815 815 2846 mari

873 1811 999 1843 Siculo.
1044 1813 1100 1843 De
1115 1812 1179 1843 hoc
1197 1811 1308 1853 Epod.
1324 1821 1376 1843 iv.
1394 1812 1437 1843 de
1453 1812 1521 1843 illis
1539 1821 1579 1845 n.

873 1861 942 1893 Od.
970 1865 1003 1894 7.
1050 1863 1233 1904 Neptunus
1254 1863 1357 1895 maris
1381 1864 1489 1903 Deus,
1517 1872 1579 1904 pro

871 1913 947 1954 ipso
964 1913 1062 1944 mari.

913 1967 932 1994 5
958 1963 1032 1995 Non
1045 1967 1081 1995 ut
1095 1964 1257 2005 superbas,
1280 1963 1351 2005 ξω]
1390 1963 1578 1995 Enimvero

871 2016 1004 2045 tantum
1036 2015 1209 2056 sauguinis
1234 2014 1377 2046 Romani
1401 2023 1510 2055 nuper
1526 2013 1579 2045 fu-

869 2072 943 2095 sum
971 2074 1039 2096 non
1063 2072 1116 2097 est
1141 2075 1202 2106 pro
1230 2065 1428 2097 defensione
1457 2065 1576 2106 patriae

870 2114 923 2145 vel
946 2115 1092 2155 ultione,
1107 2120 1146 2147 ut
1162 2115 1242 2148 olim
1259 2115 1397 2157 quando
1411 2115 1576 2157 Scipione

870 2163 959 2195 duce
975 2164 1092 2197 deleta
1108 2169 1144 2197 et
1160 2165 1301 2197 incensa
1315 2165 1490 2206 Carthago
1513 2169 1578 2197 est.

870 2213 966 2246 Tunc
993 2220 1088 2246 certe
1112 2215 1261 2256 gloriose
1283 2219 1473 2256 pugnatum
1496 2219 1575 2246 est:

871 2268 908 2294 at
933 2269 1112 2296 certarunt
1138 2274 1248 2305 nuper
1273 2265 1365 2296 cives
1388 2265 1422 2297 in
1451 2265 1578 2306 seipsos

870 2314 988 2356 impie,
1006 2321 1046 2347 ut
1061 2320 1098 2347 et
1114 2326 1204 2348 nunc
1219 2321 1405 2349 armantur.

915 2365 1036 2397 Invidoe
1053 2366 1277 2408 Carthaginis]
1314 2367 1488 2407 Carthago
1510 2366 1577 2397 Ro-

868 2425 932 2448 tnae
946 2417 1079 2453 aemula,
1093 2417 1254 2459 quamdiu
1265 2418 1374 2456 stetit,
1387 2416 1464 2448 fuit.
1489 2415 1579 2446 Vide

869 2475 926 2499 ιιῐ.
943 2466 1010 2498 od.
1026 2470 1058 2498 5.
1082 2467 1357 2498 Vell.Patercnl.
1372 2465 1430 2496 lib.
1447 2468 1518 2495 1.et
1533 2473 1575 2496 11.

910 2518 931 2547 7
956 2516 1101 2548 Intactas
1129 2520 1184 2547 aut
1215 2513 1406 2553 Britannus]
1452 2513 1575 2554 Neque

871 2570 952 2597 tunc
981 2564 1077 2595 fusus
1109 2570 1163 2595 est
1194 2565 1337 2596 Latinus
1360 2563 1509 2604 sanguis,
1534 2568 1575 2595 ut

870 2615 1042 2652 Britanni,
1072 2613 1221 2645 nondum
1260 2613 1394 2645 subacti
1419 2612 1575 2645 Romano

868 2664 1031 2704 Imperio,
1063 2664 1294 2703 vincerentur,
1322 2667 1424 2706 atque
1450 2664 1483 2695 in
1512 2664 1573 2696 tri-

869 2715 995 2755 umpho
1012 2714 1222 2745 ducerentur
1244 2723 1287 2746 ex
1303 2723 1397 2745 more
1413 2713 1456 2746 ad
1473 2714 1573 2755 Capi-

869 2764 988 2796 tolium
1007 2773 1068 2804 per
1085 2763 1171 2795 viam
1188 2773 1330 2795 sacram.
1375 2763 1463 2795 Vide
1487 2763 1571 2795 Sue-

869 2819 939 2847 ton.
969 2814 1094 2846 Octav.
1120 2823 1196 2855 cap.
1218 2816 1272 2846 25.
1300 2813 1400 2846 Dion.
1429 2812 1486 2845 lib.
1511 2821 1569 2844 xx„
