1956 3236
4 1559 6 1563 .
5 1543 7 1551 ἡ
3 1136 12 1534 «Α--,-,,-.η-ῆ--“

431 238 515 279 852
900 251 942 287 Q.
972 247 1175 279 HoRA'rn
1210 248 1378 276 mntem

432 340 521 389 Qui
542 340 661 380 locus
681 353 707 380 a
725 340 822 380 forti
846 338 1057 378 Diomede
1075 345 1142 378 est
1164 338 1367 378 conditus>
1383 338 1499 378 olim.

430 404 653 446 Flentibus
673 404 743 444 hic
764 403 922 442 Varius
942 401 1126 443 discedit
1146 408 1326 443 moestus
1346 405 1511 444 amicis.

429 469 535 510 Inde
555 469 707 508 Rubos
727 466 831 506 sessi
850 467 1133 517 pervenimus,
1153 472 1304 520 utpote
1324 468 1495 521 longum

429 533 668 586 Carpentes
688 533 782 579 iter,
805 535 847 570 et
866 530 1030 571 factum
1050 532 1291 584 corruptius
1311 533 1452 574 imbri.
1789 536 1847 576 95

429 598 614 638 Postera
631 602 871 649 tempestas
886 597 1040 637 melior
1055 612 1066 646 ;
1083 598 1156 638 via
1175 597 1296 650 pejor
1312 598 1509 652 adusque

429 663 533 704 Bari
552 662 710 702 moenia
730 662 920 714 piscosi:
950 662 1050 702 dein
1070 662 1231 704 Gnatia
1251 663 1438 716 lymphis

1819 713 1851 722 ,Κ

428 728 558 768 Iratis
578 731 806 767 exstructa
826 727 948 768 dedit
966 727 1168 780 risusque
1194 728 1424 781 jocosque,

424 838 654 874 haudfelicior:
677 839 754 878 quod
767 838 908 878 oppidum
929 838 1115 878 edificatum
1138 842 1184 868 est
1203 840 1351 878 quondam
1373 850 1393 870 a
1415 844 1538 871 strenuo
1556 841 1709 872 Diomede.
1755 841 1846 871 Illinc

432 879 543 909 Varius
566 879 668 910 tristis
690 880 834 910 abscessit
854 879 891 910 ab
910 879 1016 910 amicis
1034 880 1213 911 dolentibus.
1259 881 1345 912 Hinc
1368 882 1470 912 Rubos
1489 883 1679 922 perreximus
1698 881 1849 920 fatigati,

425 921 503 959 quod
517 920 638 959 longius
652 920 713 952 iter
728 921 914 959 feceramus,
929 925 1020 960 atque
1043 921 1078 951 ob
1097 922 1233 960 pluviam
1256 924 1418 954 molestius.
1463 924 1624 955 Postridie
1647 928 1762 964 tempus
1776 923 1844 960 suit

423 962 524 999 mag-is
538 966 749 1002 opportunum,
763 966 796 993 at
812 963 863 993 via
875 963 1009 993 deterior
1022 971 1115 1001 usque
1129 964 1170 992 ad
1182 973 1283 994 muros
1299 965 1392 994 Burii
1403 965 1525 1004 piscosi.
1568 965 1691 996 Deinde
1706 964 1846 1003 Egnatia

423 1002 553 1040 infensis
566 1004 655 1043 aquis
668 1004 790 1035 conditu
803 1004 933 1044 proebuit
945 1004 1042 1034 risum
1055 1013 1090 1034 ac
1104 1004 1219 1043 ludum,
1233 1006 1312 1044 quod
1324 1007 1504 1045 persuadere
1517 1007 1621 1038 volunt
1631 1006 1723 1037 thura
1736 1005 1846 1046 absque

1011 1095 1149 1108 eeeeee

1152 1095 1253 1108 00«st

424 1161 465 1190 91
488 1158 588 1198 Aquoe
602 1169 659 1189 non
674 1159 790 1190 dulcior
805 1160 1066 1200 Cruquius.--93
1091 1160 1186 1192 Harl.
1200 1163 1230 1192 3.
1247 1166 1281 1191 et
1297 1160 1374 1191 edd.
1390 1166 1474 1192 vett.
1497 1161 1568 1192 hinc
1585 1160 1706 1192 Varius.
1749 1159 1846 1190 Harl.

424 1202 455 1229 2.
471 1202 503 1230 4.
520 1204 551 1231 6.
565 1203 596 1231 7.
620 1210 732 1231 omnes
746 1201 928 1240 Torrentii,
950 1202 1097 1232 Bentleii
1115 1203 1232 1243 Regin.
1253 1207 1288 1233 et
1303 1202 1368 1232 duo
1385 1203 1454 1240 alii,
1478 1203 1543 1233 duo
1565 1201 1775 1237 Bersmanni‚
1798 1201 1847 1231 hic

430 1241 563 1278 Varius;
586 1247 622 1273 et
637 1242 684 1273 sic
699 1242 777 1273 edd.
803 1242 909 1283 antiq.
934 1243 1048 1274 Bentl.
1076 1249 1111 1274 et
1136 1246 1364 1275 meeum—97
1388 1244 1474 1274 Edd.
1491 1249 1568 1275 ante
1584 1243 1696 1275 Bentl.
1718 1242 1847 1278 dehinc,-

1068 1337 1205 1368 NOTAE

466 1401 507 1428 92
524 1398 588 1432 Qui
603 1398 683 1428 locus
698 1408 716 1428 a
725 1397 807 1434 forti
821 1398 969 1429 Diomede
980 1402 1025 1429 est
1039 1409 1108 1430 con-

424 1446 509 1483 ditus
536 1445 622 1485 olim]
660 1445 843 1476 Diomedes
872 1446 1002 1476 AEtoliae
1025 1456 1109 1485 rex;

425 1499 502 1535 post
518 1493 679 1525 Achillem
700 1498 735 1524 et
750 1493 891 1533 Ajacem
909 1494 1108 1526 fortissimus

424 1544 513 1574 inter
534 1542 693 1573 Graecos:
718 1543 878 1581 singulari
903 1552 1013 1582 pugna
1033 1553 1109 1574 cum

426 1592 578 1622 Hectore
614 1595 649 1620 et
676 1590 782 1620 AEnea
812 1599 1007 1629 congressus
1036 1597 1110 1630 est3

424 1639 612 1670 Palladium
636 1638 793 1676 abstulit3
817 1639 962 1669 Martem
980 1649 1111 1680 quoque

426 1692 461 1719 et
482 1688 647 1718 Venerem
673 1687 864 1718 vulnerasse
883 1687 915 1717 in
931 1687 1018 1717 bello
1032 1688 1112 1718 Tro·

418 1737 501 1776 jano
530 1735 649 1767 fertur.
699 1736 916 1776 Quapropter
940 1736 1113 1776 indignata

427 1787 502 1816 Dea
518 1795 655 1817 uxorem
670 1786 740 1825 ejus
756 1786 906 1825 AEgialen
924 1786 1111 1817 libidinibus

425 1833 524 1864 soedis
547 1833 632 1864 adeo
654 1833 812 1872 perdidit,
834 1838 872 1864 ut
894 1835 950 1864 ille
975 1839 1043 1865 tum
1069 1835 1110 1864 ab

425 1883 500 1922 ipsa
515 1887 584 1913 tum
601 1893 618 1912 a
632 1883 741 1922 patria
752 1881 983 1919 abliorruerit;
1001 1882 1110 1912 diver-

426 1932 572 1972 teritque
587 1931 620 1961 in
641 1931 808 1970 Apuliam,
826 1931 880 1961 ubi
899 1940 972 1960 cum
990 1931 1109 1961 Dauno

425 1990 502 2021 rege
524 1981 650 2012 foedere
674 1982 769 2020 inito,
785 1990 850 2011 non
874 1989 971 2010 unam
994 1980 1109 2011 urbem

426 2029 589 2061 condidit.
653 2030 885 2060 Meuiorantur
919 2029 1110 2067 Canusium,

426 2078 537 2119 Arpos
560 2079 628 2109 sive
651 2078 759 2119 Argos
784 2078 957 2119 Hippiam,
979 2088 1051 2119 quae
1075 2083 1111 2109 et

426 2126 630 2168 Argyrippa.

468 2180 509 2208 93
529 2177 641 2208 Varius
655 2177 800 2216 discedit]
822 2176 1028 2208 Vocantibus
1045 2177 1110 2208 alio

426 2226 578 2266 negotiis.
620 2225 688 2256 Alii
705 2227 819 2256 volunt
841 2227 881 2256 ad
905 2231 1016 2257 eastra
1036 2226 1110 2258 Cae-

427 2276 510 2306 saris
525 2275 740 2306 contendisse
756 2275 822 2305 alia
838 2275 903 2305 via:

470 2326 511 2354 94
534 2323 652 2363 Rubos]
673 2323 760 2354 Rubi
784 2323 862 2353 urbs
878 2322 1023 2362 Apuliae,
1037 2323 1108 2364 qui-

428 2372 569 2403 busdam
593 2372 681 2403 Ruvo
695 2371 798 2408 dicta,
822 2373 1000 2403 Canusium
1023 2374 1109 2404 inter

429 2426 464 2452 et
482 2422 630 2452 Barium.

472 2471 576 2510 Fessi]
612 2469 788 2502 Confectis
818 2479 837 2500 a
871 2470 1025 2510 Canusio,
1054 2470 1111 2502 ubi

429 2520 648 2560 pranderunt,
677 2519 795 2559 viginti
828 2519 1024 2551 milliaribus
1053 2525 1112 2552 aut

428 2569 575 2600 circiter.

470 2621 512 2649 96
542 2619 675 2650 Postera
703 2621 865 2659 tmpestas
899 2620 1015 2655 melior,
1043 2618 1112 2658 Sta]

429 2665 556 2698 coeium
572 2677 638 2698 non
654 2667 815 2708 pluvium,
832 2672 870 2698 ut
885 2668 964 2699 heri.

481 2716 539 2747 Via
558 2716 655 2756 ριῄοτ]
678 2716 734 2748 Ob
749 2716 941 2749 hesternum
957 2716 1109 2755 imbrem,

1161 1399 1376 1438 locorumque
1393 1397 1638 1429 difficultatem.

1203 1448 1242 1477 9⁷
1258 1445 1340 1477 Bar!
1350 1447 1458 1477 moenia
1466 1446 1592 1486 piscosi]
1609 1445 1744 1476 Barium
1755 1444 1847 1484 Apu-

1161 1495 1214 1525 liae
1245 1495 1415 1535 oppidum,
1445 1495 1572 1535 regioni
1601 1503 1718 1526 nomen
1749 1493 1845 1524 dedit

1161 1542 1314 1572 Barianae
1348 1543 1468 1574 dictoe:
1503 1543 1586 1584 mari
1623 1543 1770 1580 alluitur,
1804 1541 1845 1571 ad

1163 1600 1254 1621 oram
1285 1591 1374 1621 sinus
1401 1591 1522 1622 Veu'eti
1536 1602 1544 1622 ι
1571 1599 1674 1630 quare
1699 1589 1847 1629 piscosum

1165 1646 1262 1671 vocat
1293 1640 1466 1672 Horatius.
1521 1641 1702 1672 Conditum
1731 1644 1783 1671 est
1810 1644 1846 1670 et

1164 1689 1369 1720 nominatum
1400 1689 1442 1719 ab
1471 1689 1588 1720 incolis
1611 1689 1708 1720 Barae
1735 1697 1847 1727 parvae

1164 1738 1279 1768 insulae
1293 1737 1381 1778 apud
1396 1738 1631 1776 Brundusium,
1643 1741 1728 1768 teste
1738 1737 1848 1768 Festo.

1209 1786 1342 1825 Gnatia]
1372 1786 1457 1817 Haec
1482 1791 1518 1817 et
1543 1786 1688 1824 Egnatia
1711 1785 1848 1822 dicitur,

1164 1833 1262 1864 hodie
1295 1835 1426 1873 Gnazzi,
1457 1834 1508 1864 vel
1534 1834 1655 1865 Nazzis
1687 1834 1765 1865 urbs
1787 1833 1847 1864 Sa-

1162 1881 1363 1912 lentinoruin
1400 1883 1500 1912 etiam
1530 1882 1707 1921 maritima,
1739 1881 1848 1913 media

1162 1928 1234 1960 fere
1250 1931 1338 1962 inter
1353 1931 1488 1962 Barium
1504 1935 1539 1962 et
1556 1931 1789 1968 Brundusium,
1806 1931 1847 1961 ab
1876 1934 1877 1938 ’

1163 1983 1306 2019 utroque
1321 1979 1450 2011 distans
1468 1981 1606 2020 triginta
1623 1980 1757 2012 circiter
1774 1980 1846 2013 mil-

1162 2028 1311 2059 liaribus.

1204 2077 1353 2118 Lymphis
1367 2078 1465 2109 Iratis
1483 2078 1655 2118 exameta]
1671 2077 1739 2110 Seu
1755 2076 1844 2118 quod

1163 2137 1256 2167 aquae
1273 2127 1380 2158 dulcis
1397 2129 1535 2168 penuria
1546 2128 1692 2165 laborat,
1707 2135 1766 2157 seu
1787 2135 1846 2166 po-

1162 2176 1226 2207 tius
1241 2176 1329 2216 quod
1346 2177 1392 2207 sic
1409 2181 1526 2207 notare
1542 2177 1615 2206 vult
1630 2174 1738 2206 Poeta
1753 2174 1847 2204 Gua-

1161 2225 1267 2255 tianos
1283 2228 1319 2254 ut
1335 2224 1569 2264 lymphaticos,
1584 2223 1615 2254 id
1631 2227 1684 2254 est
1698 2222 1844 2260 insenos,

1161 2274 1284 2314 quippe
1299 2273 1356 2313 qui
1376 2282 1441 2303 non
1465 2271 1563 2303 modo
1577 2271 1719 2303 credant
1734 2270 1792 2301 sed
1809 2275 1844 2301 et

1162 2322 1233 2353 aliis
1250 2320 1450 2362 persuadere
1465 2321 1567 2351 velint
1582 2329 1651 2351 rem
1667 2319 1844 2351 incredibi-

1161 2372 1225 2403 lem
1243 2375 1299 2402 aut
1320 2370 1599 2410 superstitiosam,
1614 2369 1656 2400 de
1676 2378 1742 2409 qua
1757 2378 1844 2400 mox.

1161 2420 1248 2451 Vide
1264 2421 1400 2451 Festum
1423 2419 1456 2449 in
1479 2428 1571 2457 voce,
1588 2419 1597 2435 ‘
1614 2416 1771 2458 lympha:
1786 2416 1844 2448 ubi

1163 2469 1295 2510 egregie
1319 2467 1467 2499 ostendit
1495 2466 1660 2507 lympham
1689 2466 1756 2497 dici
1782 2475 1843 2506 pro

1163 2519 1319 2559 nympha,
1334 2522 1461 2548 mutata
1476 2517 1628 2549 litei-ula:
1648 2520 1685 2547 et
1695 2516 1844 2556 lympha-

1164 2574 1216 2600 tos
1239 2568 1305 2598 dici
1330 2565 1482 2605 furiosos,
1507 2575 1548 2598 eo
1570 2565 1657 2607 quod
1679 2564 1842 2597 creditum

1164 2616 1345 2654 veteribus,
1357 2625 1375 2646 a
1387 2615 1552 2655 nymphis,
1568 2614 1595 2645 si
1610 2613 1844 2654 conspiceren-

1163 2670 1230 2703 tur,
1255 2664 1398 2695 furorem
1426 2663 1571 2695 immitti.
1616 2663 1717 2695 Ludit
1743 2663 1842 2703 igitur

1163 2713 1271 2746 Poeta
1286 2714 1320 2745 iu
1335 2713 1488 2754 ambigua
1503 2721 1596 2744 voce.
