1890 3256
584 311 934 343 emsa-omnum
971 312 1065 342 me.
1098 312 1129 342 1.
1160 303 1201 343 1.
1503 302 1614 342 1075

163 402 335 444 Crustis
356 404 399 442 et
419 401 562 455 pomis
584 401 741 443 viduas
761 405 967 443 venentur
986 413 1162 451 avaras,

162 468 491 522 Excipiamque
511 479 656 517 senes,
678 481 790 521 quos
811 468 855 509 in
875 468 1047 509 vivaria
1067 468 1238 510 mittant
1256 483 1267 510 t

164 535 324 576 Multis
345 534 519 576 occulto
540 535 697 575 crescit
716 547 784 575 res
805 535 988 575 foenore.
1045 533 1211 576 Verum

163 601 287 651 Esto,
308 601 409 642 aliis
429 600 542 641 alios
562 602 690 642 rebus
711 601 960 654 studiisque
981 601 1142 652 teneri3

166 667 304 709 Iidem
323 667 477 709 eadem
498 673 689 720 possunt
709 667 863 708 horam
884 668 1040 708 durare
1056 667 1294 720 probantes
1308 669 1327 707 ἲ

166 734 332 776 Nullus
351 734 395 775 in
416 734 520 774 orbe
541 735 662 775 sinus
682 734 807 775 Baiis
827 735 1042 788 praelucet
1061 735 1266 783 amoenis,

164 801 212 842 Si
230 801 342 842 dixit
361 799 501 850 dives,
522 800 648 841 lacus
668 803 712 841 et
732 813 848 841 mare
870 801 1004 841 sentit
1024 813 1216 841 amorem

164 868 438 910 Festinantis
457 867 547 908 heri
564 880 575 918 ;
607 867 681 908 cui
701 867 740 908 si
759 867 921 908 vitiosa
940 866 1076 907 libido

1557 533 1614 574 80

1541 868 1616 933 ,85

160 997 243 1028 Sunt
258 997 311 1038 qui
323 998 434 1030 viduas
447 1009 559 1030 avaras
572 1003 696 1039 captent
710 999 858 1031 crustulis
872 1002 903 1030 et
924 999 1045 1039 pomis,-
1060 1001 1154 1038 atque
1169 997 1411 1030 circumveniant
1424 1006 1522 1032 senes,
1540 1006 1616 1036 quos

159 1039 287 1070 mittant
301 1040 336 1071 in
349 1040 480 1073 vivaria.
525 1042 625 1073 Mum
649 1051 720 1082 opes
742 1045 857 1081 augent
879 1042 997 1072 occulto
1010 1041 1144 1079 foenore.
1188 1041 1235 1071 Ae
1256 1042 1328 1071 licet
1351 1041 1468 1071 diversi
1490 1041 1615 1071 diversa

159 1085 372 1113 consectentur
391 1083 517 1122 negotia
534 1087 565 1114 et
583 1085 754 1124 proposita,
774 1084 922 1124 numquid
943 1083 1004 1123 ipsi
1024 1085 1130 1114 eadem
1148 1086 1325 1113 constanter
1343 1082 1490 1121 prosequi
1509 1083 1615 1112 calent

157 1133 214 1164 per
238 1133 331 1155 unam
353 1125 482 1157 horam?
525 1126 564 1157 Si
589 1126 722 1166 locuples
746 1126 850 1156 dicat:
875 1126 992 1156 Nullus
1017 1125 1102 1156 sinus
1125 1125 1159 1155 in
1184 1125 1297 1156 mundo
1319 1128 1450 1164 proestat
1464 1124 1615 1162 jucundis

163 1165 267 1205 Baiis,
288 1166 398 1198 statim
421 1168 505 1199 lacus
526 1168 666 1199 marinus
686 1169 847 1208 experitur
865 1167 1070 1208 cupiditatem
1090 1166 1207 1198 domini
1228 1167 1435 1208 properantis.
1481 1166 1572 1203 Quod
1586 1165 1614 1196 si

768 1260 1008 1273 eeeeeeeeeee

162 1328 249 1357 -78
273 1325 415 1357 Fra-'tris
434 1329 466 1358 et
485 1336 562 1367 pm.
583 1330 739 1358 venantur
751 1326 980 1358 Schoenborn.
998 1329 1029 1358 2.
1075 1326 1200 1357 Fra-stis
1214 1330 1269 1357 aut
1290 1325 1389 1366 pomis
1406 1325 1485 1355 Vat.
1502 1324 1616 1355 Palat.

164 1371 197 1399 3.
222 1378 242 1400 ιι
258 1377 301 1400 m.
328 1377 380 1408 pr.
427 1368 555 1400 Frustis
577 1372 608 1400 et
628 1369 727 1409 pomis
749 1369 850 1401 Gott.
870 1370 954 1401 Exc.
979 1369 1059 1400 Sax.
1087 1367 1186 1399 Harl.
1203 1371 1234 1399 1.
1249 1371 1282 1400 2.
1300 1371 1331 1399 3.
1347 1370 1379 1399 4.
1396 1370 1426 1398 6.
1443 1370 1475 1398 7.
1500 1367 1618 1397 Zarot-

165 1409 306 1442 Mediol.
332 1412 427 1442 1477.
452 1411 592 1442 Venett.
622 1411 722 1442 Fabr.
749 1414 846 1443 1555.
889 1411 970 1441 Vet.
994 1410 1112 1442 Comb.
1142 1411 1183 1441 al.
1222 1414 1306 1441 vett.
1331 1413 1483 1440 venantur
1512 1409 1616 1439 etiam

164 1451 263 1484 Harl.
293 1454 414 1484 4.—⁷9
441 1452 673 1492 Excipiamque
697 1453 778 1484 Vat.
810 1455 842 1483 2.
872 1453 1002 1484 mittunt
1030 1451 1260 1483 Schoenborn.
1283 1454 1399 1482 3.-81
1436 1451 1513 1481 Esto
1541 1450 1618 1481 alios

162 1495 236 1525 aliis
250 1494 329 1526 vat.
346 1494 445 1526 Rom.
461 1497 494 1528 9.
521 1499 556 1525 et
578 1495 808 1526 Schoenboru.
823 1497 941 1526 4.-82
965 1495 1045 1526 Vat.
1071 1494 1184 1525 Palat.
1203 1497 1232 1526 l.
1259 1504 1278 1524 a
1302 1503 1345 1524 m.
1368 1502 1419 1533 pr.
1442 1492 1617 1533 possint.—

162 1539 204 1568 83
226 1535 355 1567 Nullius
367 1536 401 1567 in
416 1536 490 1568 urbe
507 1536 603 1568 Harl.
621 1540 650 1569 l.
666 1536 784 1568 Zarot.
800 1541 835 1568 et
852 1537 931 1568 Vet.
947 1536 1067 1567 Comb.
1092 1537 1173 1568 locus
1196 1545 1257 1577 pro
1271 1537 1358 1567 sinus
1372 1535 1500 1566 habent
1519 1533 1617 1565 Harl.

163 1581 193 1610 ².
209 1580 240 1610 3.
259 1579 408 1620 praecedit
430 1579 512 1611 Vat.
538 1579 638 1611 Rom.
662 1582 695 1612 9.
720 1579 827 1611 amicis
854 1589 915 1620 pro
941 1580 1070 1610 amoenis
1094 1579 1192 1611 Harl.
1208 1581 1324 1610 7.-85
1348 1577 1543 1609 Festinantis
1571 1577 1618 1606 eri

827 1685 972 1718 NOTAE

166 1746 342 1787 piebatur3
363 1747 453 1789 quod
476 1748 534 1789 qui
551 1747 774 1787 redimebant,
789 1747 865 1780 ‘de-

165 1796 300 1828 cumani
312 1796 322 1810 '
335 1797 609 1838 appellabantur,
632 1797 723 1839 quod
738 1800 747 1816 ‘
765 1798 865 1830 decu-

165 1844 259 1876 mas'
289 1845 479 1886 exigerent.
525 1847 681 1878 Tertium
705 1857 723 1878 e
750 1848 867 1887 sylvis,

167 1903 227 1925 seu
243 1903 263 1926 e
283 1894 442 1935 pastione
461 1904 644 1936 pecorum;
669 1901 705 1928 et
730 1900 739 1914 ‘
756 1897 865 1937 scrip-

167 1943 262 1975 tura’
293 1943 497 1976 vocabatur:
536 1945 594 1986 qui
624 1955 704 1977 vero
739 1955 866 1986 pascua

167 1993 304 2034 publica
316 1994 566 2032 conducebant,
577 1997 586 2012 ‘
599 1995 752 2036 magistri
761 1997 866 2037 scrip·

169 2041 282 2082 tnrae,'
298 2052 357 2074 seu
376 2043 633 2084 ‘scripturarii,’
649 2045 866 2086 dicebantur,

171 2102 191 2123 a
205 2092 437 2124 describendis
453 2093 618 2133 eJusmodi
633 2094 868 2134 vectigalibus.

171 2142 340 2174 Quartum
378 2151 398 2173 e
431 2141 545 2173 salinis
574 2142 725 2173 instituit
752 2142 867 2173 Ancus

173 2191 333 2223 Martius.
355 2190 431 2224 Cic.
459 2200 520 2231 pro
542 2191 635 2231 Lege
658 2191 802 2222 Manilia
820 2192 869 2223 ita

170 2241 309 2273 scribit:
347 2242 357 2259 ‘
375 2241 460 2272 Cum
488 2241 633 2271 hostium
662 2242 773 2282 copiae
801 2251 867 2272 non

170 2292 272 2333 longe
293 2292 429 2330 absunt,
453 2290 586 2322 etiamsi
609 2291 754 2331 irruptio
776 2292 868 2322 nulla

170 2341 264 2374 facta
274 2346 340 2380 est,
356 2347 471 2373 tamen
484 2349 610 2381 pecora
622 2341 871 2382 relinquuntur,

170 2392 381 2432 agricultura.
417 2391 600 2431 deseritur,
639 2397 867 2422 mercatorum

172 2441 342 2482 navigatio
358 2440 580 2482 conquiescit.
624 2440 680 2472 Ita
700 2450 810 2482 neque
826 2451 868 2472 ex

174 2494 288 2531 portu,
312 2500 422 2531 neque
448 2500 490 2521 ex
513 2489 676 2531 decumis,
701 2500 810 2532 neque
826 2501 869 2522 ex

173 2538 339 2579 scripturn
355 2540 500 2580 vectigal
514 2542 708 2572 conservari
732 2541 870 2582 potest!

217 2590 259 2619 ⁷8
283 2589 422 2630 Crasti-s]
446 2590 550 2623 Quid.
566 2591 633 2631 leg.
651 2591 791 2630 Fra-stis,
809 2591 869 2622 mi-

175 2647 238 2669 nus
255 2637 354 2670 bene.
401 2638 483 2679 Alii,
502 2640 638 2679 Fructis,
654 2650 727 2682 pro,
751 2640 868 2672 fructi-

178 2687 259 2718 bus:
282 2687 370 2728 quod
382 2689 558 2728 usurpavit
571 2690 668 2730 Cato,
678 2691 870 2726 Terentius,

176 2739 242 2768 &e.
279 2736 326 2768 At
351 2737 544 2770 ‘crustula'
562 2738 636 2779 jam
660 2740 820 2772 habemus
843 2749 868 2771 1.

176 2787 247 2818 Sat.
265 2789 295 2817 1.
310 2787 419 2826 posita
434 2796 494 2827 pro
510 2788 700 2822 muneribus
717 2800 756 2822 ac
773 2790 869 2822 donis

179 2835 350 2868 vilioribus
366 2841 403 2868 et
418 2836 544 2877 parvis.

962 1750 1005 1779 79
1031 1747 1259 1788 Excipiamque
1279 1755 1378 1785 senes,
1405 1744 1472 1786 θα]
1494 1746 1618 1777 Senum

919 1808 958 1829 ac
975 1798 1151 1830 viduarum
1169 1798 1289 1838 opibus
1305 1801 1340 1827 et
1359 1795 1619 1827 haereditatibus

919 1848 1124 1879 insidiantur
1139 1847 1303 1878 nonnuili.

965 1898 1053 1933 Quos
1076 1897 1109 1928 in
1134 1896 1256 1928 vivaria
1271 1895 1415 1935 mittant]
1439 1895 1621 1925 Devoran-

919 1947 980 1978 dos
997 1956 1017 1977 a
1033 1955 1070 1977 se
1084 1946 1181 1987 quasi
1198 1946 1310 1986 pisces
1327 1945 1360 1975 in
1377 1944 1513 1975 vivariis
1538 1943 1621 1973 edu—

919 2001 1028 2028 came.

963 2048 1003 2076 8³
1031 2045 1144 2076 Nullus
1167 2045 1202 2076 in
1223 2044 1306 2084 orbe,
1319 2043 1388 2085 ξω]
1409 2043 1486 2076 Jam
1502 2042 1623 2074 levita-

922 2099 990 2126 tem
1013 2095 1186 2126 hominum
1222 2100 1257 2126 et
1289 2094 1552 2125 inconstantiam
1590 2093 1623 2122 in

923 2143 1095 2184 proposito
1112 2143 1341 2184 reprehendit.

966 2193 1074 2233 Baiis]
1098 2194 1149 2224 De
1172 2193 1235 2224 hac
1259 2192 1342 2224 urbe
1366 2191 1498 2223 deliciis
1516 2191 1622 2223 tantis

922 2241 1096 2281 affluente,
1113 2247 1150 2273 ut
1173 2251 1282 2274 mores
1303 2242 1542 2282 integerrimos
1566 2241 1623 2272 de-

923 2296 1098 2334 pravaret,
1113 2292 1266 2333 dixijam
1284 2301 1325 2325 ιι.
1340 2293 1409 2324 Od.
1426 2294 1478 2323 18.

966 2345 1007 2373 84
1029 2342 1132 2373 Lacus
1155 2346 1186 2373 et
1208 2342 1309 2383 mare]
1338 2342 1503 2373 Lucrinus
1528 2342 1621 2371 lacus

922 2392 956 2423 in
971 2391 1045 2423 sinu
1071 2393 1203 2424 Baiano
1229 2392 1324 2423 situs.
1370 2391 1422 2422 De
1439 2400 1479 2422 eo
1495 2398 1537 2421 ιι.
1555 2390 1623 2421 Od.

922 2445 973 2475 15.
987 2447 1023 2474 et
1039 2451 1081 2474 11.
1099 2443 1170 2474 Sat.
1184 2446 1216 2474 4.

966 2494 1005 2523 85
1032 2492 1225 2524 Festinanti-⁹
1254 2492 1338 2532 lteri]
1379 2485 1512 2531 Cupide
1544 2500 1626 2530 pro·

922 2542 1073 2581 perantia
1096 2542 1130 2572 in
1161 2543 1272 2572 iocum
1304 2549 1484 2578 amoenum,
1511 2540 1553 2570 ad
1577 2540 1623 2570 ibi

922 2590 1105 2621 struendas
1137 2590 1229 2621 aedes
1261 2590 1394 2622 deliciis
1425 2590 1622 2621 destinatas.

921 2639 1079 2672 Juvenal.
1100 2640 1173 2672 Sat.
1199 2649 1256 2671 ιιι.
1283 2643 1315 2672 4.
1361 2645 1369 2658 ‘
1386 2640 1499 2673 Janua
1522 2641 1622 2671 Baia-

923 2698 996 2720 rum
1008 2694 1075 2729 est,
1096 2693 1132 2721 et
1147 2695 1281 2730 gratum
1300 2691 1408 2730 littus,
1423 2690 1544 2721 amoeni
1561 2690 1623 2721 Se-

923 2739 1063 2770 cessus!

970 2789 1030 2820 Cui
1041 2789 1070 2820 si
1078 2789 1190 2821 vitiosa
1200 2790 1295 2822 libido
1307 2791 1338 2822 F
1337 2791 1431 2822 ecerit
1442 2793 1622 2832 auspicium,

925 2838 991 2879 sse]
1015 2839 1049 2871 Si
1066 2839 1170 2871 libido
1192 2849 1252 2872 suo
1274 2840 1450 2880 instinctu,
1474 2842 1526 2872 vel
1545 2851 1621 2882 pru-
