1890 3256
631 299 912 332 sannionum
947 298 1041 330 mn.
1072 298 1126 329 ιι.
1156 288 1199 329 7.

1535 288 1648 330 1035

192 393 409 450 (Quando
427 395 493 437 ita
511 393 702 448 majores
723 393 978 448 voluerunt)
1005 398 1128 436 utere
1145 407 1158 446 ;
1187 405 1330 435 narra.
1618 394 1647 433 5

193 461 231 511 ἹῘ
253 462 364 504 Pars
384 462 608 504 hominum
630 461 752 503 vitiis
773 461 932 514 gaudet
950 465 1217 511 constanter,
1238 464 1284 502 et
1300 463 1427 512 urget

192 528 504 582 Propositum3
534 539 640 580 pars
661 527 803 568 multa
822 531 964 577 natat,
985 527 1120 569 modo
1141 531 1263 568 recta
1281 537 1539 581 capessens,

193 595 419 637 Interdum
440 594 591 649 pravis
613 594 834 635 obnoxia:
866 607 990 648 saepe
1014 597 1192 635 notatus

192 660 306 703 Cum
325 660 463 702 tribus
483 660 657 711 anellis,
678 660 814 701 modo
832 660 950 702 laeva
970 659 1152 702 Priscus
1172 660 1304 709 inani,

190 809 304 841 mensis
317 809 510 850 Decembris,
533 809 779 850 quandoquidem
801 808 849 839 ita
874 811 1046 839 sanxerunt
1070 808 1201 847 nwjores
1226 808 1348 845 πυκνὴ
1370 809 1504 848 loquere.
1551 807 1645 838 DAv.

191 851 342 891 Plerique
363 851 520 883 hominum
542 852 696 883 obstinate
710 851 800 882 vitiis
817 850 1025 890 delectantur,
1041 853 1071 881 et
1083 853 1287 891 perseverant
1315 851 1350 881 in
1369 850 1477 890 pravis
1499 849 1645 880 moribus.

188 892 261 924 Alii
273 893 362 924 multi
370 893 545 935 fluctuant,
559 903 639 925 nunc
648 894 796 924 virtutem
810 895 985 932 sequentes,
1000 893 1079 923 alias
1093 893 1181 924 vitiis
1195 892 1400 932 obsequentes.
1443 891 1498 923 Sic
1514 892 1645 922 Priscus

180 933 366 976 frequenter
379 936 463 968 visus
485 939 532 968 est
556 946 626 968 cum
641 934 744 967 tribus
757 934 901 966 annulis.-
919 935 1011 975 paulo
1036 944 1109 966 vero
1131 938 1202 976 post
1227 934 1359 966 sinisera
1383 944 1480 966 vacua
1506 934 1646 965 diversus

794 1038 1038 1051 OOONOWOO

187 1112 386 1155 desipiunt.'
399 1116 476 1147 Fea.
499 1115 667 1148 decembris
679 1115 747 1147 duo
758 1115 856 1147 vatt.
867 1120 903 1148 et
917 1114 1062 1146 totidem
1073 1124 1129 1156 ap.
1139 1115 1327 1147 Bothe—9
1338 1114 1426 1146 Edd.
1440 1118 1524 1146 vett.
1538 1123 1644 1156 usque

188 1156 231 1188 ad
247 1157 460 1197 Lambinum,
471 1159 621 1195 annun,-
637 1163 673 1190 et
687 1158 737 1190 sic
748 1158 875 1198 Delph.
888 1158 1003 1189 Bentl.
1017 1156 1309 1189 Wetzel.Wakef.
1327 1156 1433 1188 Kidd.
1446 1162 1481 1188 et
1492 1157 1644 1196 Doering.

187 1199 298 1233 anellis
309 1209 390 1231 vero
405 1201 567 1233 exhibent
582 1201 681 1232 Harl.
694 1200 766 1240 142.
779 1203 809 1231 3.
825 1203 856 1232 4.
871 1203 903 1231 6.
920 1202 954 1231 7.
968 1209 1083 1231 omnes
1095 1199 1196 1231 codd.
1209 1209 1266 1240 ap.
1277 1199 1395 1236 Feam,
1407 1199 1573 1236 etJaeek‚
1585 1198 1644 1229 alii

184 1250 243 1281 ap.
253 1241 368 1280 Lamb.
379 1247 416 1274 et
426 1243 585 1274 Torrent.
596 1243 678 1274 Vet.
687 1243 880 1275 Comment.
892 1242 1042 1283 Cruquii,
1057 1242 1140 1273 item
1149 1242 1253 1283 Cruq.
1265 1242 1300 1272 in
1313 1241 1428 1279 Notis,
1439 1241 1643 1272 Lamb.Toi·-

187 1290 276 1316 rent.
290 1283 401 1316 Bond.
413 1284 586 1318 Schrevel.
598 1285 701 1317 Baxt.
716 1285 824 1318 Gesn.
839 1285 946 1317 Zeun.
961 1284 1102 1326 Bipont.
1112 1284 1232 1316 Comb.
1247 1284 1329 1321 Fea,
1347 1283 1459 1315 Bothe
1472 1288 1508 1315 et
1518 1282 1642 1315 Jaeck.

842 1388 985 1422 NOTAE

182 1479 305 1508 eontra
319 1483 446 1508 morem
461 1483 650 1515 servorum,
673 1483 756 1517 quos
771 1474 884 1506 edaci-

184 1529 237 1557 tas
255 1525 348 1557 brevi
363 1524 512 1556 conficit.

178 1568 181 1571 ’
224 1577 246 1607 4
263 1575 424 1607 Libertate
440 1574 608 1607 Decembri
620 1574 723 1615 utere]
759 1573 830 1606 Dic
842 1574 884 1606 li-

182 1624 440 1668 berequicqnid
461 1625 621 1664 volueris,
637 1624 803 1666 siquidem
819 1624 884 1656 hoc

182 1673 248 1705 tibi
261 1673 344 1706 dant
353 1674 559 1706 Saturnalia.
604 1674 656 1705 Ea
667 1683 789 1714 nempe
807 1682 884 1705 xiv.

184 1723 266 1755 Kal.
296 1723 398 1756 Janu.
427 1722 703 1763 celebrabantur,
725 1722 758 1754 in
781 1723 884 1754 hono-

183 1782 254 1805 rem
267 1773 421 1813 Saturni,
446 1777 482 1805 et
509 1777 765 1804 monumentum
789 1772 883 1803 aurei

181 1823 244 1856 sub
268 1824 343 1865 eJus
371 1833 473 1862 regno
494 1822 626 1864 saeculi,
649 1832 715 1864 quo
728 1826 884 1862 tempore

181 1873 298 1905 cuncti
314 1873 461 1914 aequales
477 1876 575 1903 erant
590 1877 659 1903 tam
677 1871 767 1903 servi
783 1881 883 1912 quam

180 1922 330 1965 ingenui.
376 1920 534 1953 Macrob.
550 1929 577 1952 1.
595 1923 646 1952 lo.
669 1920 884 1952 ‘Saturnalia

181 1981 250 2004 uno
261 1971 317 2003 die
330 1971 430 2003 solita
441 1971 558 2012 peragi
573 1981 581 2002 ε
599 1974 677 2011 post
687 1970 720 2001 in
733 1969 882 2002 triduum

182 2025 388 2062 propagata,
422 2020 565 2060 adjectis
596 2030 616 2051 a
638 2021 775 2052 Caesare
803 2020 882 2051 huic

181 2071 290 2103 mensi
313 2070 448 2110 diebus,
470 2071 594 2102 deinde
618 2079 660 2101 ex
679 2069 795 2102 edicto
811 2070 882 2102 Au-

183 2120 294 2162 gusti5
318 2129 384 2161 quo
413 2119 515 2151 trium
539 2119 671 2151 dierum
697 2118 802 2151 ferias
824 2120 884 2151 Sa-

183 2168 373 2201 turnalibus
389 2167 521 2200 addixit
536 2190 546 2200 .
562 2191 571 2200 .
589 2191 598 2199 .
611 2186 624 2200 -.
640 2168 699 2200 sed
721 2168 883 2209 Sigillari-

181 2229 276 2251 orum
307 2219 445 2260 adjecta
474 2219 657 2251 celebritas
687 2220 720 2250 in
747 2224 880 2260 septem

180 2268 253 2302 dies
268 2268 456 2301 discursum
473 2269 648 2310 publicum
665 2273 701 2301 et
723 2269 880 2301 laetitiam

179 2319 354 2360 religionis
369 2319 544 2352 extendit:
587 2318 687 2352 Alex.
709 2320 751 2352 ab
775 2319 877 2352 Alex.

178 2377 222 2402 11.
235 2372 289 2401 22.
312 2370 324 2387 ‘
337 2369 476 2401 Saturni
504 2370 604 2401 festis
627 2370 747 2402 diebus
763 2380 878 2402 servos

177 2419 400 2460 ingenuorum
417 2420 607 2452 ministeria
628 2429 810 2461 occupare,
826 2421 877 2460 pi-

177 2469 250 2501 leos
272 2478 418 2509 sumere,
434 2474 470 2501 et
484 2479 504 2501 a
517 2469 634 2501 liberis
650 2470 744 2501 nullo
758 2470 878 2502 discri-

179 2518 272 2549 mine
281 2516 431 2558 differre,
443 2518 615 2561 stipesque
624 2520 771 2551 invicem
783 2519 879 2561 dare,

180 2571 218 2598 et
238 2576 376 2598 munera
403 2569 584 2610 missitare,
613 2576 786 2602 servatum
809 2575 877 2604 est.

181 2617 304 2658 Regna
326 2626 459 2658 quoque
480 2619 594 2651 sortiri
609 2620 699 2652 inter
715 2621 878 2663 aequales,

182 2669 218 2696 et
233 2669 394 2707 tanquam
411 2675 508 2707 reges
524 2668 732 2712 imperitare,
754 2671 878 2712 magis—

182 2717 291 2746 tratus
306 2723 490 2754 purpuram
504 2716 657 2758 induere,
680 2719 827 2762 reliquos
844 2720 878 2751 in

181 2767 279 2795 veste
313 2763 460 2795 candida
495 2764 586 2798 diem
622 2769 877 2802 concelebrare.

183 2812 249 2846 Qui
262 2812 365 2845 etiam
376 2822 447 2846 mos
461 2813 593 2848 Graecis
603 2820 638 2849 et
648 2819 774 2851 exteris
785 2828 876 2852 com-

938 1473 1048 1504 munis
1072 1472 1150 1505 fuit.
1196 1473 1356 1514 Namque
1379 1472 1470 1514 apud
1494 1472 1643 1514 Babylo-

937 1526 1012 1557 nios
1029 1527 1138 1558 Sacea
1153 1526 1373 1567 appellantur
1394 1524 1496 1565 festa,
1520 1526 1642 1567 quibus

938 1575 1012 1608 dies
1027 1575 1177 1617 quinque
1193 1575 1410 1616 imperabant
1425 1575 1514 1607 servi
1536 1575 1642 1608 domi-

938 1625 990 1657 nis
1004 1636 1014 1664 ;
1039 1632 1224 1667 eorumque
1251 1635 1337 1656 rinus
1352 1626 1442 1657 stola
1457 1630 1568 1657 sumta
1583 1626 1642 1657 do-

938 1676 1154 1714 minabatur-J
1169 1677 1235 1707 &c.
1259 1675 1348 1706 Vide
1363 1685 1465 1716 supra
1477 1676 1547 1708 Sat.
1563 1685 1620 1707 ιιι.

980 1727 1000 1756 7
1026 1724 1146 1764 Natat]
1187 1723 1358 1755 Instabilis
1383 1729 1456 1756 est:
1480 1725 1568 1756 sieut
1585 1735 1643 1756 na·

940 1777 1052 1805 tantes
1083 1773 1184 1805 modo
1219 1779 1340 1804 contra
1373 1772 1516 1814 flumen,
1541 1775 1642 1808 modo

937 1826 1098 1855 currente
1109 1822 1268 1855 feruntur
1282 1832 1392 1855 amne.

980 1876 1001 1904 9
1027 1874 1107 1904 Cum
1122 1873 1223 1904 tribus
1235 1872 1362 1913 anellis]
1396 1873 1520 1904 Plures
1536 1883 1642 1906 annu-

936 1922 985 1954 los
1000 1927 1136 1962 gestare
1151 1922 1362 1954 luxuriosum
1378 1922 1577 1954 habebatur.

980 1972 1125 2013 Priscus]
1162 1973 1230 2004 Hic
1247 1978 1364 2004 orator
1379 1971 1483 2004 fuisse
1501 1972 1642 2014 dicitur,

935 2023 1110 2056 Senatorii
1127 2023 1264 2066 quidem
1280 2024 1334 2055 vel
1350 2029 1445 2056 certe
1462 2025 1640 2066 Equestris

928 2074 1075 2106 ordinis.

979 2125 1076 2156 Loem
1093 2124 1198 2164 inani]
1209 2124 1290 2156 Sine
1303 2124 1371 2155 ullo
1386 2125 1508 2156 annulo
1522 2136 1530 2156 ι
1548 2126 1639 2166 quod

936 2174 1099 2214 egestatis
1129 2175 1274 2214 signum.
1318 2172 1360 2204 In
1397 2174 1483 2205 laeva
1518 2179 1639 2216 utpote

935 2224 1046 2255 minus
1059 2229 1198 2255 actuosa
1213 2222 1329 2254 annuli
1341 2227 1532 2263 gestantur.
1562 2226 1638 2256 Ma-

936 2274 1032 2306 crob.
1059 2283 1125 2306 vu.
1154 2277 1206 2306 13.
1232 2273 1242 2291 ‘
1259 2273 1431 2306 Annulum
1458 2276 1491 2306 in
1518 2276 1640 2317 digito,

932 2323 990 2365 qui
1007 2323 1144 2354 minimo
1173 2323 1305 2355 vicinus
1328 2328 1395 2365 est,
1416 2334 1516 2366 quem
1534 2327 1638 2357 etiam

931 2373 1166 2405 medicinalem
1190 2377 1326 2413 vocant,
1346 2378 1382 2405 et
1399 2383 1499 2415 manu
1515 2376 1638 2415 praeci-

932 2432 999 2465 pue
1013 2423 1152 2455 sinistra
1175 2423 1378 2464 gestandum
1402 2423 1502 2454 esse.’
1546 2424 1637 2456 Gell-

933 2482 970 2506 Χ.
990 2476 1044 2506 10.
1065 2474 1075 2491 ‘
1089 2474 1278 2514 Repertum
1301 2477 1354 2504 est
1377 2482 1516 2504 nervum
1533 2483 1638 2514 quen-

932 2524 1008 2555 dam
1025 2524 1255 2556 tenuissimum
1274 2522 1316 2553 ab
1333 2531 1375 2552 eo
1391 2522 1502 2562 digito
1518 2522 1560 2553 ad
1576 2532 1637 2554 cor

929 2573 1073 2605 hominis
1107 2570 1316 2613 pervenire!
1370 2570 1462 2602 Hinc
1490 2571 1550 2603 tali
1579 2572 1637 2603 ho-

931 2631 1013 2654 nore
1037 2631 1113 2653 eum
1142 2620 1285 2660 digitum
1314 2619 1444 2660 placuit
1466 2619 1635 2653 decorari.

931 2671 1022 2702 Vide
1040 2670 1131 2702 Plin.
1145 2678 1287 2702 xxxin.
1302 2671 1332 2700 1.
1357 2669 1414 2700 nbi
1438 2669 1480 2700 de
1502 2669 1634 2710 origine

930 2726 966 2753 et
976 2722 1055 2762 jure
1073 2720 1274 2751 annulorum
1298 2728 1492 2751 aureorum.
1528 2719 1632 2752 Alex.

930 2771 973 2803 ab
988 2770 1090 2803 Alex.
1106 2778 1149 2802 11.
1166 2772 1198 2801 9.
1211 2771 1275 2800 &c.
