1956 3236
401 292 484 333 848

866 306 910 340 Q.
944 301 1148 331 HORA'rn
1183 301 1355 331 FuAcci

401 394 667 447 Campanum
690 395 733 434 in
752 394 961 440 morbum,
984 392 1028 431 in
1044 392 1196 432 faciem
1219 393 1427 444 permulta
1441 393 1637 446 jocatus,

398 460 626 500 Pastorem
648 460 827 498 saltaret
844 457 907 497 uti
927 456 1121 510 Cyclopa
1139 458 1347 509 rogabat;

399 524 479 565 Nil
493 525 557 565 illi
572 525 692 564 larva
713 528 790 562 aut
809 522 984 574 tragicis
1003 535 1117 576 opus
1133 536 1230 564 esse
1251 525 1483 564 cothurnis.

396 588 539 630 Multa
561 589 751 628 Cicirrus
768 589 823 629 ad
842 589 951 638 haec,
972 588 1178 630 donasset
1189 589 1335 642 jamne
1357 594 1554 631 catenam

1759 588 1818 629 65

394 710 523 741 hirsutoe
526 708 647 746 frontis
658 711 776 747 partem
788 708 959 740 sinistram.
1004 708 1088 739 Hinc
1101 708 1296 749 pluresjocoae
1309 710 1342 740 iu
1354 711 1470 740 vultum
1485 710 1728 748 campanumque
1738 717 1819 739 mor-

395 751 464 781 bum
479 750 614 787 jactans,
635 750 742 780 orabat
753 754 787 780 ut
800 751 928 780 saltaret
941 751 982 780 ad
995 751 1114 780 modum
1132 751 1272 790 Cyclopis
1290 751 1421 790 pastoris
1433 761 1444 786 ‚·
1467 760 1560 789 neque
1574 759 1645 780 vero
1659 750 1744 780 lurra
1764 752 1821 780 aut

394 791 551 822 cothurnis
565 791 694 830 tragicis
707 791 806 831 ipsum
819 791 972 831 indigere.
1013 792 1065 822 Ad
1079 792 1141 822 ista
1155 792 1283 832 denique
1301 792 1443 823 Cicerrus
1453 792 1587 831 plurima
1602 791 1727 822 retorsit
1739 802 1750 822 .-
1770 790 1819 821 111-

1037 863 1178 895 NOTAE

434 938 476 967 ⁶2
501 937 686 976 Campanum
699 936 733 967 in
746 937 893 977 morbum]
923 937 989 968 Seu
1005 944 1079 967 ver-

393 995 594 1026 rucas,quas
602 986 772 1017 habebant
779 985 971 1027 frequentes
981 986 1078 1016 Gam-

392 1035 471 1074 paui
482 1035 513 1064 in
529 1035 622 1065 vultu
634 1035 738 1066 foedas
750 1047 757 1066 :
770 1036 823 1066 vel
833 1041 963 1075 turpem
975 1044 1078 1075 quau-

391 1083 468 1114 dam
492 1083 590 1113 aliam
607 1083 692 1114 luem
715 1083 865 1114 ciborum
882 1093 920 1114 ac
936 1083 1078 1114 luxuriae

391 1131 652 1172 intemperantia
666 1138 823 1164 creatam.
847 1133 923 1164 Non
936 1131 1078 1163 absurde

390 1181 584 1211 Torrentius
601 1181 758 1220 iutelligit
771 1190 844 1211 eum
861 1180 1024 1218 morbum,
1037 1179 1079 1210 de

391 1237 458 1269 quo
475 1229 564 1259 Plin.
582 1237 682 1260 xxvr.
706 1232 736 1260 1.
766 1229 898 1260 ‘Sensit
918 1233 954 1260 et
976 1227 1080 1259 facies

390 1277 560 1308 hominum
577 1287 694 1318 novos,
709 1278 863 1318 omnique
879 1288 951 1309 aevo
967 1277 1078 1318 priore

390 1326 591 1366 incognitos,
612 1335 679 1358 non
703 1327 813 1357 Italiae
834 1327 944 1366 modo,
962 1335 1078 1356 verum

390 1376 490 1406 etiam
504 1376 666 1406 uuiversae
684 1377 842 1416 Europae,
857 1377 1010 1406 morbos:
1025 1396 1034 1406 .
1049 1397 1056 1406 .
1069 1396 1077 1404 .

389 1425 461 1455 sine
477 1424 591 1455 dolore
616 1425 750 1464 quidem
771 1425 844 1455 illos
861 1434 900 1454 ac
916 1425 986 1454 siue
1003 1433 1077 1463 per·

388 1473 477 1504 nicie
504 1476 606 1511 vitae3
631 1473 691 1503 sed
720 1477 816 1503 tanta
845 1472 1011 1512 foeditate,
1041 1477 1077 1503 ut

389 1531 610 1562 quaecumque
636 1531 724 1552 mors
749 1521 960 1561 praefereuda
975 1525 1078 1552 esset.

389 1570 627 1601 Gravissimum
642 1579 685 1600 ex
701 1570 750 1600 liis
764 1570 912 1600 lichenas
928 1570 1077 1609 appella·

387 1628 469 1650 vere
488 1619 612 1650 Graeco
634 1619 788 1656 nomine3
814 1618 933 1648 Latine
950 1622 1076 1648 menta-

388 1676 493 1708 gram,
518 1667 671 1708 qnoniam
688 1676 707 1697 a
725 1672 838 1698 mento
858 1665 930 1697 fere
949 1665 1077 1697 orieba-

387 1716 613 1757 tur,joculari
626 1717 765 1756 primum
780 1715 918 1746 lascivia
930 1715 1054 1746 dictam
1067 1725 1076 1754 ;

387 1770 426 1796 ut
455 1770 508 1796 est
533 1764 656 1805 pro'cax
683 1770 803 1796 natura
830 1765 1012 1796 multorum
1041 1765 1076 1795 in

386 1813 504 1845 alienis
531 1814 698 1844 miseriis:
732 1819 878 1854 occupat
901 1814 934 1844 in
965 1814 1077 1844 multis

387 1867 479 1894 totos
509 1863 626 1903 utique
654 1863 778 1903 vultus,
806 1863 910 1894 oculis
947 1867 1076 1894 tantum

386 1911 612 1949 immunibus3
635 1911 879 1951 descenditque
908 1912 941 1941 iu
978 1911 1075 1949 colla,

386 1965 586 2001 pectusque,
602 1964 638 1991 et
654 1969 780 1999 mauu5‚
802 1959 889 1991 foedo
904 1960 990 1990 cutis
1006 1959 1074 1990 fur-

386 2008 486 2041 fure!
509 2011 717 2049 Campanum
734 2010 790 2040 alii
806 2009 957 2040 morbum
973 2009 1075 2040 inter-

385 2062 564 2099 pretantur
587 2059 755 2098 propriam
779 2058 810 2088 ei
837 2058 928 2095 genti
950 2057 1075 2087 luxuri·

386 2116 438 2138 am
457 2107 761 2147 arrogantiamque.

428 2157 469 2186 63
494 2156 658 2186 Pastorem
684 2156 813 2186 saltaret
844 2155 892 2186 uti
929 2153 1075 2196 Cyclopa]

386 2204 578 2244 Exprobrat
601 2204 850 2235 similitudinem
875 2214 949 2235 cum
972 2205 1076 2244 Poly-

385 2252 519 2292 phemo,
549 2251 674 2291 quippe
711 2253 766 2282 ille
803 2253 928 2292 pariter
957 2253 1074 2293 ingens

387 2309 530 2340 corpore
557 2303 592 2331 et
612 2300 747 2330 immani
770 2305 913 2340 statura,
935 2301 1076 2332 hirsuta-

387 2358 453 2391 que
470 2348 596 2387 froute,
611 2348 643 2379 iu
654 2350 829 2389 quaenam
841 2351 980 2380 cicatrix
998 2360 1075 2381 ocu-

385 2399 454 2429 lum
485 2398 645 2438 Cyclopis
673 2398 866 2428 obturatum
891 2398 1073 2429 referebat.

387 2447 608 2488 Quapropter
636 2455 700 2477 uec
723 2448 808 2477 larva
831 2445 936 2477 facies
957 2447 1075 2486 turpis,

386 2505 448 2528 nec
464 2505 562 2526 crura
585 2500 636 2526 sat
661 2504 800 2536 procera
816 2495 1006 2535 indigerent
1020 2505 1074 2525 co-

386 2546 528 2580 thurnis,
552 2545 585 2575 id
612 2549 678 2583 est,
703 2545 777 2575 altis
800 2544 937 2584 calceis,
953 2543 1073 2585 quibus

387 2595 430 2626 ad
445 2595 655 2635 majestatem
669 2598 808 2625 utuntur
820 2593 985 2634 'rragoedi,
1010 2594 1074 2624 Pe-

386 2647 459 2674 trus
485 2645 635 2675 Crinitus
658 2647 701 2674 (ie
725 2643 866 2675 honesta
884 2642 1073 2682 disciplina,

386 2700 477 2723 xvn.
493 2694 524 2723 3.
540 2693 697 2733 apposite
714 2693 860 2730 omniuo,
884 2693 893 2709 ‘
908 2692 1004 2723 Inter
1018 2700 1073 2723 vo-

386 2744 533 2784 luptates
549 2744 725 2785 scenicas‚'
747 2745 868 2786 inquit,
886 2744 896 2762 ‘
909 2743 1073 2775 celebrari

1133 943 1229 975 video
1258 945 1438 985 Cyclopea.
1479 943 1535 975 Sic
1559 946 1720 974 vocarunt
1743 952 1817 974 cum

1132 993 1311 1033 Cyclopem
1327 993 1359 1023 111
1377 1002 1478 1024 scena
1492 993 1669 1023 saltantem
1686 991 1815 1032 profer-

1133 1047 1220 1081 rent,
1247 1042 1363 1072 habitu
1390 1047 1425 1072 et
1458 1041 1675 1079 ornamentis,
1698 1040 1818 1080 quibus

1133 1090 1360 1130 Polyphemus
1377 1089 1464 1129 apud
1482 1088 1606 1120 Poe'tas
1625 1088 1818 1119 decoratur.

1133 1138 1231 1171 Quod
1247 1147 1309 1177 ego
1329 1137 1410 1167 duxi
1424 1133 1729 1174 observandumfut
1745 1135 1818 1167 Ho-

1132 1188 1208 1219 ratii
1223 1189 1331 1218 locum
1349 1187 1607 1226 interpretemur
1622 1185 1723 1225 paulo
1734 1182 1820 1215 indi-

1131 1235 1290 1276 ligentius
1307 1235 1348 1265 ab
1365 1234 1436 1265 aliis
1453 1233 1655 1274 expositum.
1697 1232 1819 1270 Itaque

1131 1286 1181 1316 sic
1197 1285 1318 1320 allusit,
1344 1293 1419 1315 cum
1445 1283 1488 1314 de
1510 1283 1689 1314 Sar-mento
1704 1291 1818 1313 scurra

1131 1339 1167 1365 et
1197 1333 1324 1364 Messio
1355 1332 1458 1370 Osco,
1486 1339 1664 1370 eorumque
1700 1329 1817 1360 litibus

1131 1381 1284 1412 disserit:
1310 1389 1348 1410 ac
1379 1380 1544 1409 Messium
1573 1387 1631 1408 ore
1659 1377 1751 1408 foedo
1782 1382 1818 1409 et

1129 1428 1216 1459 facie
1232 1428 1321 1468 turpi
1338 1427 1548 1467 similemque
1567 1427 1668 1456 larvae
1681 1425 1818 1457 reddit!

1131 1478 1206 1510 Quo
1232 1477 1304 1507 loco
1332 1477 1444 1507 saltare
1474 1476 1607 1515 Cyclopa
1628 1474 1708 1505 nihil
1734 1480 1815 1514 puto

1130 1526 1219 1557 aliud
1245 1525 1286 1556 ab
1319 1525 1461 1555 Horatio
1484 1523 1638 1562 intelligi,
1661 1531 1758 1563 quam
1781 1526 1817 1553 et

1129 1573 1240 1604 fronte
1256 1578 1291 1604 et
1305 1573 1422 1603 habitu
1449 1572 1548 1602 talem
1573 1570 1676 1602 fuisse
1697 1571 1818 1602 Messi-

1131 1630 1199 1661 um,
1213 1626 1248 1652 ut
1265 1621 1507 1660 Polyphemum
1523 1619 1558 1648 in
1579 1627 1681 1649 scena
1696 1618 1819 1648 saltau-

1130 1675 1198 1701 tem
1225 1675 1339 1710 posset
1359 1668 1568 1709 exprimere3
1591 1675 1630 1697 ac
1654 1667 1757 1697 risum
1773 1666 1816 1697 de

1129 1728 1165 1750 se
1191 1717 1422 1759 spectantibus
1448 1716 1549 1748 facile
1578 1713 1816 1746 commovere.¹

1130 1768 1373 1808 Polyphemum
1398 1766 1440 1797 ab
1465 1765 1588 1806 Ulysse
1611 1769 1814 1796 occaecatum

1130 1818 1206 1857 lege
1229 1816 1317 1856 apud
1338 1816 1535 1852 Homerum,
1559 1813 1683 1854 Odysa.
1701 1813 1818 1854 μνίῐ·

1131 1866 1188 1904 gil.
1216 1864 1346 1895 AEneid.
1371 1872 1427 1894 111.
1465 1863 1520 1893 De
1545 1871 1585 1892 eo
1606 1861 1742 1892 Servius
1770 1861 1818 1891 ita

1130 1912 1266 1943 scribit:
1295 1910 1399 1941 Multi
1426 1910 1668 1950 Polyphemum
1699 1909 1818 1940 dicunt

1130 1971 1228 1992 unum
1243 1960 1395 1990 habuisse
1418 1960 1563 1998 oculum,
1579 1959 1634 1989 alii
1647 1958 1744 1998 duos,
1760 1958 1816 1989 alii

1129 2013 1211 2040 tres.
1255 2008 1318 2038 Sed
1335 2013 1441 2038 totum
1455 2006 1643 2037 fabulosum
1660 2011 1723 2037 est.
1757 2006 1817 2037 Vir

1128 2058 1185 2088 ille
1214 2057 1490 2097 prudentissimus
1517 2055 1596 2094 fuit,
1624 2060 1660 2087 et
1686 2055 1729 2087 ob
1754 2055 1816 2086 hoc

1129 2107 1259 2138 oculum
1276 2105 1308 2136 in
1330 2106 1444 2146 capite
1468 2105 1624 2136 habuisse
1639 2104 1759 2143 fertur,
1782 2104 1816 2136 id
1834 2128 1838 2131 .

1130 2161 1195 2195 est,
1213 2155 1315 2195 juxta
1337 2155 1524 2194 cerebrum,
1539 2155 1615 2195 quia
1637 2153 1815 2195 prudentia

1129 2206 1202 2245 plus
1229 2204 1374 2234 videbat.
1420 2204 1543 2234 Verum
1573 2202 1710 2242 Ulysses
1739 2210 1812 2231 eum

1131 2258 1242 2284 tamen
1276 2252 1454 2291 prudentia
1482 2250 1670 2290 superavit:
1707 2253 1744 2280 et
1770 2250 1812 2280 ob

1126 2304 1189 2334 hoc
1211 2311 1285 2332 eum
1311 2309 1457 2331 caecasse
1486 2299 1634 2339 fingitur.
1667 2298 1753 2330 Vide
1780 2304 1814 2330 et

1128 2350 1281 2391 Euripid.
1297 2349 1438 2390 Cyclop.

1170 2403 1210 2431 65
1248 2399 1402 2430 Damnaret
1417 2399 1523 2436 ,iamne
1557 2399 1708 2436 catenam,
1744 2398 1812 2438 ᾄο]

1126 2450 1222 2482 Servi
1247 2449 1332 2480 enim
1359 2447 1548 2479 manumissi
1574 2456 1633 2478 seu
1658 2447 1811 2487 Laribus,

1128 2510 1186 2532 seu
1196 2501 1342 2531 Deorum
1361 2498 1473 2537 alicui,
1487 2495 1729 2528 consecrabant
1741 2497 1812 2527 vin-

1127 2549 1203 2580 cula
1216 2547 1335 2588 quibus
1351 2547 1428 2577 011111
1445 2545 1556 2577 stricti
1571 2544 1717 2579 fueraut.
1754 2545 1810 2576 Ita

1127 2596 1274 2629 Cicirrus
1301 2596 1455 2626 servilem
1486 2594 1601 2636 objicit
1630 2593 1813 2634 turpitudi-

1126 2654 1200 2677 nem
1216 2645 1403 2676 Sarmento.
1431 2641 1520 2676 vide
1534 2642 1636 2676 Alex.
1653 2642 1695 2674 ab
1710 2641 1812 2674 Alex.

1127 2702 1183 2726 111.
1199 2696 1251 2725 20.
1536 2712 1538 2714 v
