1904 3256
636 296 915 328 sunnonem
950 297 1047 327 ms.
1080 296 1112 327 1.
1141 284 1182 326 3.

1544 283 1629 325 801

221 401 311 424 mum
327 390 620 424 ridetStoicorum
643 388 780 429 fastum,
795 389 851 431 qui
874 390 1060 430 sapientem
1076 388 1184 420 solum
1197 386 1380 428 jactabant
1396 394 1471 418 esse.
1488 385 1629 418 divitem

220 451 256 477 et
271 454 399 486 regem,
414 447 451 476 et
470 443 556 474 dicit
581 451 618 473 se
635 443 736 474 malle
758 452 834 474 esse
856 443 998 474 stultum
1020 447 1055 473 et
1080 441 1264 482 privatum,
1278 449 1379 482 qnam
1405 448 1484 470 curn
1505 438 1630 470 Stoicis

223 507 344 540 sapere
360 502 396 529 et
410 504 564 538 regnare.

180 584 416 625 Oumsus
432 581 521 622 hoc
542 580 700 621 vitium
723 585 790 621 est
810 582 1079 630 cantoribus,
1101 580 1217 620 inter
1237 578 1408 619 amicos

184 649 249 691 Ut
267 660 490 702 nunquam
511 646 716 687 inducant
734 648 929 687 animum
952 652 1130 688 cantare
1149 645 1288 698 rogati
1304 658 1316 696 ;

183 716 351 772 Injnssi
371 725 591 767 nunquam
613 713 843 754 desistant.

182 783 267 824 Ille
285 780 500 835 Tigellius
519 779 618 820 hoc.

904 713 1072 754 Sardus
1093 713 1284 753 habebat

682 778 848 829 Caesar,
869 780 946 832 qui
968 791 1122 831 cogere
1143 783 1310 830 posset,

182 848 231 889 Si
250 851 419 901 peteret
439 858 519 898 per
539 845 778 886 amicitiam
801 846 936 898 patris
957 851 1089 898 atque
1110 857 1252 894 suam,
1274 857 1357 885 non
1604 843 1633 884 5

185 912 439 967 Quicquam
462 911 721 965 proficeret:
753 912 791 951 si
812 911 1099 960 collibuisset,
1122 911 1179 951 ab
1205 923 1292 966 ovo

182 980 338 1034 Usque
359 978 415 1020 ad
435 978 553 1019 mala
573 977 738 1027 citaret,
760 977 812 1018 Io
834 977 1039 1018 Bacche!
1072 977 1208 1018 modo
1238 989 1410 1018 summa

228 1097 359 1129 Cunctis
379 1097 434 1128 hoc
446 1098 528 1129 inest
540 1097 652 1128 titium
668 1095 856 1134 cantoribus,
873 1098 908 1126 ut
934 1104 1002 1125 cum
1012 1095 1229 1132 familiaribus
1249 1094 1355 1134 rogati
1366 1096 1505 1132 cantare,
1519 1101 1638 1131 semper

184 1143 343 1176 remma,-
363 1139 491 1171 minime
503 1140 609 1178 rogati
623 1148 778 1178 nunquam
792 1141 920 1168 cessent.
967 1137 1007 1167 Id
1021 1137 1152 1168 habebat
1169 1137 1321 1176 Tigellius
1334 1137 1387 1167 ille
1399 1135 1528 1167 Sardus.
1570 1134 1638 1165 Au-

182 1185 296 1219 gustus
307 1181 360 1221 qui
373 1191 482 1220 cogere
491 1182 654 1221 potuisset,
667 1181 694 1210 si
705 1182 830 1218 rogaret
843 1189 900 1219 per
911 1179 1150 1210 benevolentiam
1167 1179 1267 1219 patris
1279 1182 1309 1209 et
1319 1188 1418 1218 suam,
1430 1178 1509 1208 nihil
1519 1177 1640 1208 obtine-

186 1221 248 1254 bae.
275 1223 367 1259 Quod
378 1233 405 1254 ει
398 1224 564 1264 ’,μαι-ενα
571 1223 610 1254 ab
619 1232 674 1253 oto
684 1231 777 1262 usque
787 1222 828 1252 ad
836 1230 927 1261 poma
937 1221 1101 1262 recitabat,
1118 1222 1153 1252 10
1167 1222 1300 1257 Bacche,
1313 1231 1393 1252 nunc
1403 1230 1544 1261 suprema
1555 1228 1639 1258 voce,

791 1305 830 1316 oe
834 1304 990 1316 eeaeaeeeoe
994 1305 1031 1317 re

227 1370 302 1401 Sat.
318 1370 422 1401 tertia
437 1369 530 1401 Libri
546 1369 685 1400 secundi
701 1369 734 1400 in
751 1369 806 1400 ed.
822 1370 1014 1400 Sanam—2
1040 1367 1084 1400 Ue
1095 1369 1150 1400 aia:
1161 1370 1310 1400 inducant
1322 1368 1432 1399 codex
1449 1367 1640 1398 vetustissi-

186 1421 261 1442 mus
276 1411 419 1442 Bertbii.
422 1413 514 1442 —7‘
528 1411 566 1442 Io
579 1411 704 1441 Bacche
720 1411 856 1441 videtur
871 1410 975 1441 fuisse
992 1411 1124 1441 initium
1141 1411 1274 1441 Cantici
1289 1421 1297 1440 ε
1322 1410 1371 1440 sic
1386 1410 1475 1440 enim
1492 1409 1570 1439 olim
1585 1418 1638 1438 so-

185 1453 302 1484 lebant
313 1457 349 1483 et
365 1453 497 1484 cantica
510 1457 547 1483 et
563 1452 721 1492 poemata
738 1461 758 1482 a
771 1452 886 1491 primis
903 1452 1074 1483 vocabulis
1086 1452 1278 1491 designare.
1302 1451 1443 1482 Persius
1460 1451 1532 1481 Sat.
1543 1459 1569 1481 1.
1585 1453 1640 1482 96.

186 1493 288 1526 Ovid.
303 1493 410 1526 Trist.
426 1502 466 1525 ιι.
478 1496 554 1525 261.
578 1493 754 1534 Aristoph.
771 1494 834 1534 Eq.
848 1503 880 1533 p.
898 1496 973 1524 219.
998 1493 1088 1525 Nub.

1107 1503 1139 1534 p.
1155 1496 1229 1526 108.
1252 1494 1330 1526 Jam
1346 1493 1403 1524 din
1421 1498 1486 1529 est,
1503 1502 1578 1524 cum
1596 1502 1640 1523 ex

185 1536 384 1585 conjectura
397 1545 478 1567 vere
491 1535 697 1575 divinabam,
711 1535 759 1566 sic
776 1545 850 1566 esse
866 1535 1130 1576 corrigendum:
1154 1536 1182 1566 si
1197 1535 1398 1572 collibuisset,
1409 1536 1448 1566 ab
1458 1546 1514 1566 ovo
1536 1535 1638 1574 Usque

184 1579 226 1609 ad
239 1579 320 1609 mala
330 1578 474 1618 iteraret,
487 1577 524 1608 10
539 1577 674 1608 Bacche.

720 1577 821 1610 Quod
838 1577 914 1608 ideo
930 1578 1172 1617 interpolatum
1189 1578 1330 1616 credidi,
1342 1578 1422 1619 quia
1441 1578 1641 1618 plerumque

185 1619 332 1652 Librarii
347 1624 397 1652 ier
411 1625 447 1652 et
461 1629 512 1652 cer
527 1625 564 1651 et
577 1621 625 1651 lev·
641 1625 677 1651 et
693 1620 815 1651 similia
831 1620 922 1652 soliti
937 1626 1052 1652 essent
1075 1619 1316 1660 compendiose
1341 1619 1500 1658 scribere,
1524 1629 1642 1650 conso-

846 1706 986 1737 NOTAE

228 1771 245 1800 1
273 1768 424 1800 Omnibus
447 1767 516 1808 hoc]
538 1767 669 1799 Serium
693 1768 775 1798 nihil
802 1776 886 1807 prae-

185 1817 253 1850 sert
269 1828 309 1850 ac
322 1818 468 1859 spondet
484 1818 592 1858 prima
603 1817 694 1849 frons
711 1817 810 1858 hujus
826 1818 886 1849 Sa·

186 1868 284 1899 tire:
309 1872 344 1898 at
366 1867 395 1898 si
419 1872 525 1898 totum
550 1871 698 1907 specta,
723 1867 803 1897 nihil
832 1877 885 1897 us·

187 1926 287 1960 quem
307 1918 564 1958 seriumanagis.
610 1918 731 1957 Itaque
754 1918 786 1948 in
810 1918 884 1956 hac,

187 1972 226 1998 ut
241 1972 276 2001 et
291 1967 324 1999 in
339 1967 564 2008 praecedenti,
589 1967 730 1999 callidus
758 1967 884 2008 ubique

189 2017 369 2057 Horatius,
383 2022 420 2049 et
441 2026 567 2048 summe
583 2016 692 2056 vafer,
707 2017 749 2048 ab
761 2017 885 2057 jocoso

190 2066 330 2097 exordio
353 2066 472 2106 quibus
494 2066 642 2097 animum
669 2067 807 2098 lectoris
830 2076 886 2097 ex-

189 2114 290 2154 citat,
319 2115 361 2145 ed
393 2115 550 2154 graviora
585 2124 727 2155 quaeque
762 2116 886 2157 sensim

191 2163 421 2205 progreditur,
435 2173 475 2194 ac
492 2173 619 2195 morum
636 2164 887 2204 praeceptiones

189 2214 338 2245 insinuat
369 2213 672 2253 praestantissimas.
719 2214 787 2245 Hic
815 2224 890 2245 sco-

193 2272 255 2304 pus
271 2267 334 2300 est,
350 2259 528 2303 virgilium
549 2264 559 2281 ‘
577 2264 695 2294 animae
710 2263 886 2295 dimidium

191 2311 282 2344 suoe'
307 2314 394 2344 tueri
436 2313 599 2346 adversus
636 2313 889 2345 obtrectatores

191 2361 366 2403 quosdam,
381 2362 440 2403 qui
462 2363 606 2402 ingentis
629 2363 757 2404 alioqui
781 2364 888 2395 virum

188 2411 330 2453 ingenii,
359 2411 402 2444 ob
431 2413 560 2445 leviora
589 2414 757 2454 quaepiam
794 2414 890 2454 vitia,

194 2461 341 2504 iniquius
357 2462 574 2495 vellicabant.

234 2513 254 2543 ⁸
275 2511 394 2544 Sarum
415 2513 578 2553 Tigellius]
602 2513 667 2544 Vel
693 2522 812 2544 nomen
837 2517 889 2545 est

193 2561 365 2601 peoprium
379 2561 509 2600 Sardus,
526 2564 577 2594 vel
601 2564 728 2604 gentile
744 2563 787 2594 ab
811 2564 888 2594 Sar-

195 2607 284 2640 dini·
298 2611 418 2651 patria.
463 2613 586 2654 Neque
605 2618 700 2645 certe
721 2613 811 2644 idem
835 2617 888 2643 est

196 2658 253 2698 qui
269 2657 515 2701 Hermogenes,
530 2662 572 2693 de
584 2673 648 2703 qno
660 2663 887 2703 postmodum.

195 2706 342 2748 Utrique
364 2717 484 2741 nomen
511 2712 680 2751 Tigellius.-
705 2719 740 2744 at
764 2713 818 2744 hic
841 2713 888 2743 vi-

197 2756 299 2788 vebat
314 2757 421 2788 adhuc
443 2758 521 2791 dum
542 2761 616 2793 haec
639 2762 748 2795 Poeta
761 2762 887 2794 scribe-

197 2811 263 2845 ret,
278 2811 315 2837 nt
336 2807 464 2848 legenti
489 2812 608 2849 patet;
630 2811 686 2843 ille
713 2822 793 2845 vero
816 2813 887 2853 jam

283 2860 399 2900 Delph.
411 2864 444 2891 et
463 2860 537 2892 Var-
552 2862 637 2894 Clas.

881 2865 1000 2898 Horat.

940 1768 1009 1798 vita
1034 1771 1206 1799 cesserat:
1232 1767 1323 1809 quod
1347 1766 1482 1808 quidem
1511 1766 1642 1806 perspi·

938 1827 1038 1848 cuum
1056 1823 1109 1848 est
1131 1827 1172 1848 ex
1188 1818 1310 1848 Satirae
1336 1815 1565 1857 praecedentis
1581 1815 1642 1846 ini-

937 1866 998 1897 tio.

977 1919 998 1946 4
1023 1917 1141 1955 Cogere
1149 1915 1268 1956 posset]
1293 1915 1362 1947 Pro
1375 1924 1506 1947 summa
1522 1920 1559 1946 et
1574 1914 1642 1946 Im-

939 1967 1110 2007 peratoria
1126 1967 1343 1998 auctoritate.

980 2019 999 2047 5
1024 2015 1151 2056 Patris]
1174 2016 1290 2047 Patris
1316 2016 1367 2047 sui
1399 2025 1461 2056 per
1488 2015 1643 2056 adoptio-

939 2075 1028 2106 nem,
1042 2067 1125 2099 Julii
1142 2076 1264 2107 nempe
1280 2066 1439 2106 Caesaris,
1463 2076 1483 2097 a
1504 2076 1572 2107 quo
1590 2066 1644 2097 Ti-

940 2116 1060 2154 gellius
1082 2116 1260 2147 beneficiis
1285 2116 1374 2148 haud
1399 2115 1644 2152 mediocribus,

940 2167 975 2195 et
991 2165 1102 2205 gratia
1127 2166 1289 2207 singulari
1315 2166 1500 2198 honoratus
1518 2165 1646 2205 fuerat,

941 2218 979 2245 ut
994 2213 1122 2246 dictum
1139 2222 1190 2247 est
1207 2217 1239 2246 in
1254 2215 1500 2256 superioribus.

983 2266 1005 2294 6
1026 2264 1076 2295 Ab
1098 2275 1153 2296 ovo
1202 2276 1275 2306 sque
1289 2268 1330 2297 ad
1349 2266 1446 2307 mala]
1468 2266 1497 2297 A
1516 2266 1645 2306 princi·

942 2314 1000 2354 pio
1016 2323 1122 2345 coenae
1145 2324 1163 2345 a
1203 2315 1318 2347 finem.
1366 2317 1473 2348 Poma
1489 2323 1524 2348 et
1540 2317 1644 2349 bella-

941 2363 992 2394 ria
1007 2363 1048 2394 nd
1072 2365 1254 2396 secundam
1283 2375 1430 2397 mensam
1458 2367 1645 2406 pertinere,

940 2416 1059 2444 notum
1075 2419 1146 2446 est:
1172 2414 1304 2446 initium
1331 2425 1414 2446 vero
1438 2425 1545 2446 coenae
1562 2415 1643 2446 duci

927 2462 985 2494 ‘ab
1001 2463 1088 2503 ovis,
1109 2464 1163 2495 vel
1187 2464 1260 2496 Cic.
1285 2466 1396 2505 Epist.
1423 2464 1466 2495 ad
1494 2464 1643 2505 Paetum,

941 2520 993 2543 lx.
1009 2515 1064 2544 20.
1081 2514 1160 2544 satis
1176 2514 1324 2544 ostendit
1341 2524 1348 2543 :
1375 2517 1383 2530 ‘
1402 2513 1575 2551 Integram
1593 2513 1643 2543 fa-

941 2571 1030 2592 mem
1054 2562 1095 2592 ad
1119 2573 1218 2593 ovum
1242 2561 1372 2600 affero,’
1395 2561 1516 2602 inquit.
1554 2562 1644 2594 Hine

942 2617 978 2642 et
1007 2611 1170 2651 Apuleius
1201 2621 1265 2642 ova
1291 2612 1301 2629 ⁴
1319 2611 1511 2651 gustulum'
1537 2621 1643 2643 coenae

943 2667 1053 2693 vocat.
1075 2661 1163 2692 Vide
1179 2661 1271 2693 Just.
1290 2662 1382 2702 Lips.
1406 2660 1526 2703 Antiq.
1546 2662 1643 2695 Lect.

943 2712 1002 2743 lib.
1022 2720 1078 2743 ιιι.

985 2765 1004 2793 7
1031 2763 1166 2801 citaret,
1179 2762 1214 2792 Ῑο
1228 2762 1366 2803 Bacche]
1384 2761 1559 2794 Recitaret
1571 2772 1642 2795 car-

942 2821 1019 2844 men
1050 2812 1092 2843 ab
1122 2813 1267 2853 ipsomet
1289 2811 1380 2845 forte
1402 2813 1640 2854 compositum,

1483 2869 1501 2897 3
1526 2866 1554 2897 E
