1930 3242
655 296 932 327 SERMONUM
969 296 1064 326 mn.
1096 296 1127 325 1.
1156 285 1228 326 10.

1582 283 1671 325 905

215 393 286 433 Tu
305 391 412 433 nihil
431 392 474 433 in
494 403 652 444 magno
671 391 830 432 doctus
852 390 1078 446 reprendis
1100 389 1302 431 Homero
1319 390 1339 429 'l

218 459 298 501 Nil
320 460 460 501 comis
481 457 636 512 tragici
656 463 802 499 mutat
823 458 1024 500 Lucilius
1046 457 1192 500 Acci‘l

218 527 325 568 Non
346 526 455 567 ridet
474 538 629 567 versus
650 525 762 566 Enni
782 526 998 579 gravitate
1019 526 1227 574 minores,

215 633 346 673 dai-gnis
361 634 395 664 in
410 633 548 664 Homero
563 637 699 672 magno?
744 633 909 674 Numquid
924 634 1067 666 Lucilius
1080 634 1146 675 ipse
1150 634 1278 673 facetus
1291 632 1371 664 nihil
1385 635 1486 664 mutat
1498 631 1584 664 Attii
1596 631 1672 663 Tra·

213 677 390 715 goediarum
404 675 586 716 scriptoris?
620 678 673 707 An
688 686 748 707 non
761 677 881 708 deridet
897 677 998 708 Ennii
1010 686 1118 708 tersus
1131 678 1275 718 quosdam
1286 676 1428 718 leviores,
1442 676 1562 716 quando
1576 674 1675 715 loqui·

824 772 840 782 ο
845 771 900 783 000
903 772 939 783 00
942 772 960 783 e
963 772 999 783 ee
1002 771 1061 783 000

218 839 253 866 et
272 835 370 866 Harl.
398 838 430 866 3.
452 845 521 875 age,
547 839 748 876 (ματη-53
772 837 849 868 Acci
885 837 1011 868 Venet.
1038 839 1134 867 1559.
1160 835 1324 868 Glarean.
1355 835 1469 867 Bentl.
1497 837 1560 867 διο.
1602 837 1676 868 Atti

216 877 335 910 Lamb.
359 878 436 910 Acti
452 878 641 911 Baxt.—⁵4
666 879 753 910 Num
776 879 859 910 ridet
874 889 981 910 versus
998 878 1083 911 Exc.
1098 879 1266 910 Sax.—56
1291 878 1372 914 Quis
1386 881 1471 909 vetat
1486 879 1570 910 Exc.
1592 879 1676 911 Sax-

879 985 1021 1018 NOTAE

216 1057 254 1084 ut
267 1051 398 1083 fatetur
414 1050 560 1083 Quintil.
573 1055 655 1081 ante
670 1050 808 1082 citatus.

259 1105 302 1133 52
325 1100 479 1141 Homero]
526 1099 594 1132 Qui
633 1100 741 1131 bonus
771 1100 853 1132 licet
883 1104 920 1133 et

216 1164 358 1194 maguus
375 1153 546 1185 interdum
561 1153 636 1194 ipse
651 1154 850 1186 dormitasse
867 1163 920 1186 re-

218 1206 372 1246 peritur:
397 1213 507 1246 neque
523 1204 659 1235 omniuo
675 1209 728 1236 est
740 1206 814 1236 sine
827 1214 920 1236 men-

217 1256 283 1294 dis,
299 1254 452 1296 quamvis
471 1258 678 1294 agnoscatur
697 1254 740 1285 ab
757 1255 922 1287 universis

218 1305 367 1346 ingenio,
381 1309 470 1343 arte,
484 1303 688 1344 eruditione,
699 1304 840 1346 aliisque
855 1305 922 1337 vir-

218 1356 362 1397 tutibus,
378 1355 528 1388 omnium
544 1354 646 1387 facile
660 1356 832 1397 princeps.
863 1356 922 1388 Vi-

219 1407 262 1438 de
278 1406 479 1446 Longinum.

261 1459 303 1488 53
336 1455 398 1487 Nil
426 1455 522 1486 comis
549 1455 668 1494 tragici
696 1457 798 1486 mutat
826 1454 921 1487 Luci·

216 1505 295 1546 lius]
331 1505 368 1537 Si
398 1505 549 1537 Lucilius
579 1505 654 1545 ipse
684 1504 717 1535 in
748 1504 920 1546 prioribus

210 1556 329 1599 ‘poetis
359 1556 516 1598 quaedam
555 1555 731 1596 emendat,
767 1565 830 1588 cur
859 1566 922 1588 uos

218 1606 387 1639 Lucilium
405 1605 448 1638 ad
471 1606 636 1638 trutinam
661 1614 730 1638 uon
744 1606 925 1638 revocabi-

217 1658 315 1689 mus?

261 1706 339 1740 Acci
356 1706 470 1749 um]
498 1705 578 1739 Acci
600 1706 755 1738 scribunt
770 1706 922 1748 quidam.

217 1756 478 1799 Tragoediarum
486 1757 648 1797 scriptor,
658 1756 812 1788 Pacuvio
821 1757 924 1798 paulo

214 1809 345 1851 junior,
359 1807 496 1849 ingenio
512 1807 582 1839 acri
597 1805 676 1838 fuit.
720 1807 802 1848 Ejus
819 1806 925 1838 versi-

219 1859 283 1891 bus
314 1858 472 1891 exornari
501 1858 704 1898 templorum
734 1867 774 1888 ac
803 1866 921 1888 monu-

218 1914 412 1942 mentorum
425 1908 538 1940 aditus
549 1907 685 1939 volebat
698 1907 828 1939 Decius
838 1908 924 1938 Bru-

221 1965 288 2000 tus,
305 1960 394 1992 teste
419 1959 587 1991 Cicerone
610 1958 644 1989 in
662 1957 763 1989 Orat.
781 1967 843 1999 pro
858 1956 926 1988 Ar-

223 2010 299 2042 chia
313 2008 435 2048 Poeta,
456 2018 490 2040 n.
514 2011 569 2040 27.
614 2008 788 2040 Pacuvius
812 2012 927 2039 autem

225 2058 316 2091 Attii
348 2058 566 2099 Tragoeffiam
594 2058 741 2090 Atreum
771 2058 928 2090 laudavit

224 2109 322 2140 velut
349 2108 513 2150 grandem
537 2112 574 2139 et
600 2116 781 2138 sonoram:
809 2116 927 2149 repre·

225 2157 347 2190 bendit
369 2167 450 2189 vero
473 2157 570 2199 quasi
591 2156 788 2189 subacidam
810 2161 846 2188 et
866 2156 929 2188 du-

226 2208 420 2240 riusculam.
464 2207 566 2242 Quod
588 2206 700 2239 fassus
718 2211 771 2239 est
790 2206 930 2247 Attius;

227 2259 430 2301 addiditque
457 2269 495 2291 se
528 2269 597 2291 non
627 2258 818 2300 poenitere3
850 2258 931 2300 quia

225 2309 318 2342 sicut
341 2319 443 2351 poma
468 2309 591 2341 acerba
615 2310 760 2350 primum
785 2314 822 2341 et
846 2309 933 2340 dura

226 2359 393 2402 paulatim
408 2359 495 2392 fiunt
509 2361 624 2398 mitia3
651 2360 700 2392 ita
721 2363 758 2391 et
769 2359 906 2401 ingenia
922 2369 932 2391 ε

227 2416 349 2443 eontra
373 2420 449 2452 qnae
478 2410 572 2442 vieta
593 2411 778 2451 gignuntur
793 2415 828 2440 et
847 2409 931 2440 mol-

227 2460 285 2501 lia,
306 2460 350 2493 ad
365 2470 480 2492 veram
497 2459 630 2501 frugem
648 2465 684 2492 et
699 2460 931 2491 maturitatem

228 2519 401 2552 nunquam
427 2510 656 2552 perveniunt3
683 2509 740 2540 sed
766 2509 877 2550 potius
893 2518 932 2540 ac

229 2560 338 2600 magis
370 2565 585 2600 putrescunt.
631 2560 720 2591 Vide
740 2560 862 2592 Crinit.
888 2558 933 2590 de

231 2608 352 2640 Poetis
374 2618 399 2640 ι.
422 2611 455 2641 7.
479 2609 570 2641 Gell.
595 2619 678 2642 xm.
699 2613 732 2642 2.
757 2615 794 2641 et
818 2617 932 2642 xvin.

232 2667 311 2699 cap.
323 2658 385 2690 ult.
397 2658 455 2689 ubi
467 2658 516 2691 sic
528 2660 648 2692 scribit
659 2661 694 2692 in
709 2660 797 2692 fine:
811 2662 820 2678 ‘
833 2660 934 2691 Post-

234 2717 276 2740 ea
301 2708 346 2741 Q.
374 2708 516 2748 Ennius,
538 2713 575 2740 et
591 2709 696 2750 juxta
719 2710 876 2742 Caecilius
899 2714 935 2741 et

215 2759 425 2799 ‘Terentius,
455 2768 495 2790 ac
521 2759 663 2792 subinde
691 2762 874 2801 Pacuvius,
899 2765 936 2793 et

235 2809 390 2841 Pacuvio
407 2809 480 2849 jam
502 2817 583 2840 sene
598 2808 728 2852 Attius,
744 2811 936 2853 clariorque

237 2864 320 2891 tunc
336 2859 369 2891 in
385 2858 553 2900 poematis
569 2868 684 2891 eorum
700 2861 936 2894 obtrectandis

974 1049 1124 1081 Lucilius
1134 1048 1226 1081 fuit!
1249 1048 1368 1081 Attius
1377 1048 1574 1090 Tragoedias
1590 1048 1678 1080 bene

973 1101 1096 1132 multas
1127 1100 1279 1141 scripsit,
1308 1109 1448 1141 quarum
1471 1100 1680 1140 Fragmenta

976 1150 1132 1192 quaedam
1148 1155 1354 1191 supersunt:
1373 1148 1555 1182 comoedias
1566 1148 1681 1180 etiam.

975 1202 1086 1235 Quam
1101 1199 1253 1233 fortassis
1268 1201 1313 1232 ob
1330 1210 1401 1232 rem
1416 1202 1426 1219 ⁸
1442 1199 1547 1232 comis
1561 1199 1680 1240 Tragi-

976 1251 1048 1284 cus'
1076 1251 1132 1283 hic
1159 1251 1368 1293 appellatur.
1414 1250 1530 1293 Vulgo
1565 1254 1682 1282 tamen

977 1311 1044 1333 vox
1069 1301 1214 1333 ‘comis’
1240 1311 1308 1332 non
1324 1301 1358 1332 in
1375 1301 1484 1342 genit.
1500 1300 1684 1341 accipitur,

976 1351 1036 1384 sed
1062 1352 1096 1383 in
1120 1351 1287 1383 nominat.
1311 1350 1527 1393 referturque
1551 1351 1594 1382 ad
1609 1359 1682 1392 seq.

975 1403 985 1421 ‘
1008 1401 1184 1434 Lucilius!
1237 1402 1428 1442 Tragoediae
1465 1401 1557 1433 Attii
1594 1401 1684 1432 cele·

975 1452 1133 1492 brantur,
1154 1451 1331 1491 Phoenice,
1353 1451 1495 1491 Medea,
1514 1451 1683 1491 Menalip-

976 1513 1051 1544 pus,
1075 1502 1254 1543 Alcmeon,
1280 1502 1523 1541 Prometheus,
1548 1501 1686 1543 Atreus,

975 1553 1200 1594 Philoctetes,
1212 1553 1475 1594 Neoptolemus,
1487 1554 1552 1584 &c.
1568 1553 1600 1583 in
1614 1552 1685 1594 pri-

976 1604 1039 1635 mis
1055 1609 1171 1635 autem
1188 1603 1417 1644 Argonautae,
1432 1603 1524 1634 unde
1537 1608 1589 1635 est
1601 1603 1685 1635 illud

977 1663 1115 1685 carmen
1132 1653 1175 1685 de
1192 1653 1288 1694 Argo
1301 1653 1379 1683 navi
1390 1653 1682 1684 laudatissimum:

978 1708 988 1722 ⁸
1002 1704 1115 1735 Tanta
1143 1703 1251 1734 moles
1281 1702 1409 1734 labitur
1443 1702 1687 1734 Fremebunda

978 1763 1022 1785 ex
1052 1754 1138 1794 alto,
1163 1753 1295 1795 ingenti
1321 1753 1436 1785 sonitu
1462 1756 1498 1784 et
1524 1753 1686 1794 strepitu,

979 1804 1061 1836 Prae
1078 1813 1115 1836 se
1130 1803 1239 1834 undas
1257 1802 1363 1834 volvit
1377 1813 1386 1833 ε
1402 1802 1551 1834 vortices
1570 1802 1602 1833 vi
1614 1813 1688 1834 sus-

976 1855 1075 1887 citat.
1122 1854 1218 1891 Ruit,
1256 1853 1418 1894 prolapsa
1457 1853 1600 1894 pelagus
1630 1861 1684 1884 re-

977 1904 1130 1946 spergit:
1155 1902 1305 1944 profluit.
1333 1903 1391 1934 Ita
1413 1902 1493 1934 dum
1515 1903 1689 1944 interrup-

981 1961 1053 1987 tum
1081 1954 1204 1987 credas
1233 1953 1384 1986 nimbum
1414 1953 1544 1985 volvier
1560 1964 1569 1986 ς
1598 1953 1689 1984 Dum

980 2005 1070 2048 quod
1090 2004 1235 2036 sublime
1251 2003 1363 2035 ventis
1379 2003 1558 2045 expulsum
1575 2004 1691 2044 rapier

979 2057 1121 2096 Saxum,
1151 2059 1211 2087 aut
1238 2054 1414 2096 procellis,
1442 2055 1498 2086 vel
1532 2053 1691 2095 globosos

981 2106 1137 2138 turbines
1154 2105 1314 2137 Existere
1331 2104 1418 2137 ictos
1434 2104 1535 2136 undis
1548 2114 1690 2137 concur-

983 2155 1148 2188 santibus.
1177 2155 1255 2187 Nisi
1270 2165 1354 2196 quas
1367 2158 1547 2187 terrestres
1564 2160 1690 2197 pontus

984 2211 1119 2248 strages
1150 2206 1309 2238 conciet:
1339 2204 1412 2237 Aut
1447 2203 1537 2237 forte
1571 2206 1692 2237 Triton

984 2256 1119 2290 fuscina
1142 2265 1282 2288 verrens
1307 2265 1432 2298 specus
1453 2256 1582 2288 Subter
1602 2255 1692 2287 radi-

986 2317 1045 2340 ces
1060 2306 1200 2349 penitus
1222 2307 1364 2338 undanti
1391 2307 1425 2338 in
1453 2305 1544 2338 freto
1560 2306 1691 2338 Molem

986 2369 1030 2391 ex
1046 2358 1216 2400 profundo
1231 2367 1367 2389 saxeam
1385 2357 1427 2388 ad
1443 2357 1564 2389 coelum
1580 2355 1692 2387 eruit.'

985 2410 1076 2441 Vide
1091 2414 1127 2441 et
1142 2408 1234 2450 apud
1261 2408 1336 2439 Cic.
1363 2408 1424 2439 cit.
1449 2406 1538 2438 Attii
1563 2414 1696 2444 versus,

986 2460 1088 2492 variis
1105 2460 1188 2492 locis
1204 2459 1248 2490 de
1267 2458 1381 2490 Divin.
1395 2467 1421 2488 1.
1436 2466 1470 2486 n·
1482 2458 1535 2486 44.
1552 2456 1618 2486 &c.

1028 2512 1071 2542 54
1096 2508 1198 2550 Enni]
1232 2509 1276 2541 Q.
1304 2506 1434 2538 Ennius
1459 2503 1572 2535 Poeta
1593 2507 1693 2535 natus

987 2565 1040 2592 est
1064 2559 1218 2598 Tarenti,
1235 2558 1302 2598 vel,
1325 2562 1361 2587 ut
1388 2555 1544 2596 plerique
1559 2554 1694 2594 volunt,

988 2609 1112 2642 Rudiis
1128 2610 1161 2639 in
1178 2606 1308 2647 oppido
1322 2605 1585 2636 Salentinorum.
1613 2604 1694 2636 'rul-

988 2662 1066 2701 lius,
1082 2669 1144 2701 pro
1158 2658 1296 2698 Archia,
1312 2656 1322 2674 ‘
1337 2656 1484 2688 Rudium
1499 2656 1669 2688 hominem
1682 2656 1693 2671 '

989 2715 1103 2751 vocat,
1122 2714 1158 2741 et
1173 2709 1259 2740 mire
1281 2706 1495 2739 commendat
1522 2706 1667 2737 Ennium
1684 2717 1692 2738 :

989 2771 1055 2794 nec
1071 2760 1181 2791 minus
1197 2757 1268 2797 alii,
1280 2757 1372 2788 velut
1385 2755 1455 2787 acri
1473 2755 1579 2786 virum
1598 2756 1694 2796 inge-

989 2812 1059 2851 nio,
1076 2809 1270 2842 eruditione
1285 2805 1479 2847 multiplici,
1495 2805 1575 2846 fide,
1589 2806 1694 2837 comi-

990 2866 1076 2902 tate,
1091 2858 1278 2902 probitate,
1301 2855 1459 2889 doctrina
1474 2855 1609 2888 omuino
1626 2855 1694 2888 sin-
