1904 3256
701 273 891 304 EPonnN
926 272 1092 304 LIBER·

1507 264 1593 306 697

797 366 826 398 N
834 365 938 399 OTIE

142 431 327 472 restringat
357 429 572 472 phlegmatis.
618 430 728 461 Porro
750 430 841 471 ejus·

141 481 234 512 modi
246 481 358 511 vinum
376 479 463 521 petit
484 478 661 516 Horatius,
682 483 720 510 ut
734 479 842 520 possit

142 531 274 564 affatim
291 532 408 564 bibere
433 531 563 572 absque
588 539 715 561 nausea
730 534 767 562 et
783 540 841 562 vo-

141 583 239 614 mitu.

185 635 225 663 37
252 632 369 662 Curam
384 634 554 671 metumque
571 630 725 671 Coesmis]
743 630 843 670 Mag-

142 692 187 714 no
203 691 239 713 se
253 679 360 712 fuisse
375 681 408 712 in
423 685 516 712 metu
531 689 593 722 pro
606 679 746 710 Caesarc
757 679 842 711 indi-

143 737 222 771 παις
254 735 290 763 et
320 731 456 772 quidem
483 730 600 762 Romae
628 735 709 761 tunc
734 729 841 762 fuisse

144 781 407 824 trepidationem
448 790 514 812 non
556 790 695 821 parvam
732 779 841 813 refert

896 431 990 462 Dio:
1013 435 1048 462 at
1073 432 1168 461 hoste
1191 429 1226 460 in
1253 428 1368 471 fugam
1395 439 1504 470 verso,
1520 431 1592 471 jam

895 481 1008 519 laetus,
1033 480 1109 512 vino
1135 489 1172 511 se
1193 479 1421 512 discussurum
1439 481 1486 512 ait
1502 482 1594 522 quic-

894 530 975 572 quid
993 531 1125 572 pavoris
1150 534 1187 561 et
1212 538 1304 561 curae
1327 530 1454 562 animos
1471 530 1528 561 diu
1546 531 1595 562 in-

896 581 998 612 sedit.
1326 618 1328 620 Ι

940 632 981 662 38
1007 629 1120 672 Lyaeo]
1143 629 1201 661 Ita
1218 628 1345 661 dicitur
1369 629 1537 669 Bacchus,
1556 640 1594 661 ac

896 681 1043 722 proinde
1072 681 1200 719 vinum,
1229 690 1249 711 a
1277 679 1376 719 λύειν,
1405 680 1530 718 solvere,
1560 686 1597 712 ut

889 730 963 771 jam
979 730 1098 762 notavi
1114 739 1141 762 ι.
1157 730 1226 762 Od.
1240 733 1271 762 7.

746 931 876 974 ODE
925 932 994 975 X.

592 1033 643 1063 ΙΝ
678 1033 891 1064 MAEVlUM
927 1033 1144 1063 POETAM.

147 1108 266 1142 Poetae
290 1109 428 1149 Maevio,
451 1109 576 1140 homini
604 1109 688 1140 duro
715 1113 751 1141 et
774 1109 952 1146 maledico,
972 1109 1157 1150 saeculique
1180 1108 1231 1139 sui
1248 1108 1390 1150 ingeniis
1411 1107 1553 1148 infesto,
1568 1108 1602 1138 in

499 1161 670 1193 Graeciam
687 1162 888 1203 navigaturo
905 1162 1121 1204 naufragium
1137 1166 1246 1202 optat.

320 1235 403 1276 MA
413 1246 473 1277 uA
497 1236 644 1278 soluta
662 1237 792 1279 navis
812 1238 906 1279 exit
926 1238 1052 1288 alite,

374 1301 536 1344 Ferens
558 1303 742 1344 olentem
765 1303 995 1345 Maevium.

317 1366 380 1409 Ut
397 1369 580 1410 horridis
602 1374 831 1422 utrumque
853 1371 1055 1410 verberes
1076 1370 1207 1418 latus,

372 1433 549 1483 Auster,
569 1439 789 1475 memento
809 1435 1047 1484 fluctibus3

189 1541 291 1573 Navis
303 1541 371 1573 abit
383 1543 485 1574 soluta
496 1545 590 1583 portu
603 1541 722 1580 infelici
734 1543 884 1585 auspicio,
897 1544 1010 1576 vehens
1023 1543 1190 1582 soetenlem
1202 1544 1368 1576 Moevium.
1414 1546 1533 1577 Auster
1547 1545 1606 1584 sac

142 1587 179 1616 nt
197 1584 288 1616 tetri·
298 1583 454 1626 fluctibus
472 1594 564 1616 vexes
587 1588 751 1626 utrumque
771 1586 854 1618 latus
875 1586 978 1619 navis.
1026 1587 1131 1618 Eurus
1146 1591 1217 1618 uter
1241 1587 1324 1618 muri
1342 1588 1526 1628 perturbato
1542 1589 1606 1620 dis-

754 1668 992 1682 O‘OOOOOOOOOO

189 1724 266 1757 Ode
293 1725 440 1767 septima
458 1726 551 1757 Libri
568 1726 679 1767 quarti
702 1726 736 1757 in
762 1725 827 1757 Ed.
842 1725 968 1757 sanad.
1012 1727 1125 1758 Vetus
1150 1726 1348 1767 Epigraphe
1370 1735 1426 1765 ap.
1447 1727 1605 1759 Tor-rent.

145 1766 194 1799 sic
217 1767 334 1807 habet,
355 1768 496 1800 Invisum
507 1769 569 1799 sibi
583 1769 735 1800 Maerium
749 1769 950 1800 devovet—1
974 1767 1078 1810 Apud
1094 1770 1243 1800 Marium
1259 1769 1448 1800 victorium
1466 1771 1607 1808 p.2525.

144 1811 334 1841 masculino
361 1820 487 1851 genere
510 1810 666 1852 effertur,
688 1811 778 1842 Malo
804 1811 905 1842 soluta
929 1811 1020 1842 navis
1042 1812 1111 1842 exit
1138 1811 1226 1843 alite.
1271 1811 1353 1849 Sed,
1378 1817 1607 1850 praelerquam

146 1852 236 1892 quod
253 1862 368 1884 omnes
385 1853 485 1884 codd.
501 1858 537 1884 et
560 1858 704 1894 uterque
727 1853 934 1884 Scholiastes
961 1853 993 1883 in
1021 1854 1132 1884 altera
1159 1854 1309 1884 lectione
1331 1853 1539 1893 conspirant,
1556 1853 1605 1883 ita

146 1894 274 1926 citatur
289 1900 324 1926 et
339 1895 462 1928 Servio
477 1896 519 1926 ud
539 1896 636 1936 virg.
653 1896 727 1927 Ecl.
744 1903 800 1926 ιιι.
817 1897 869 1926 90.
893 1895 1050 1927 Diomed.

1068 1905 1102 1936 p.
1116 1899 1192 1927 482.
1217 1901 1253 1927 et
1274 1895 1430 1926 Laetam.
1447 1895 1489 1925 ad
1516 1895 1606 1926 stat.

144 1936 252 1969 Theb.
277 1940 404 1971 ιιι-4
428 1938 645 1970 Burmannus
678 1938 722 1969 ad
753 1937 830 1969 val.
850 1937 944 1969 Flac.
971 1946 998 1970 r.
1024 1941 1098 1970 639.
1125 1938 1216 1978 conj.
1250 1941 1402 1969 memento
1419 1936 1607 1978 flatibus.—

803 2033 944 2065 NOTAE

161 2090 165 2094 ”
190 2095 342 2128 Metrum
357 2097 446 2128 idem
463 2097 552 2138 quod
569 2096 680 2137 Epod.
696 2105 721 2128 1.

190 2149 208 2178 1
234 2147 325 2178 Malu
343 2148 455 2186 soluta,
477 2147 547 2187 δμη]
570 2146 689 2178 Amico
701 2146 846 2188 Virgilio

149 2201 187 2228 et
199 2196 289 2228 bono
301 2195 421 2228 Poe'tae
434 2195 581 2227 faustam
596 2197 844 2237 navigationem

147 2251 203 2278 est
226 2251 429 2288 apprecatus
451 2256 477 2278 ι.
504 2246 573 2278 Od.
598 2249 629 2278 3.
655 2251 692 2278 at
718 2247 846 2279 Maevio

148 2295 320 2330 contraris
336 2296 449 2327 omnia
463 2295 530 2328 hic.

193 2345 284 2377 Mula
298 2345 389 2387 alite]
412 2346 500 2377 Sunt
519 2346 578 2388 qui
603 2346 613 2364 ‘
630 2345 766 2378 alitem'
790 2345 850 2377 fte-

148 2394 276 2427 minino
291 2404 419 2435 genere
444 2396 523 2437 poni
550 2397 657 2428 velint
680 2406 741 2437 pro
762 2397 850 2428 malo

148 2453 283 2486 semper
309 2445 465 2487 augurio.
509 2446 671 2478 Laetam.
698 2446 732 2478 in
761 2446 850 2479 Stat.

149 2494 259 2527 Theb.
274 2503 333 2527 111.

193 2546 214 2575 2
229 2544 371 2577 mentem
386 2545 553 2587 Maevium]
569 2545 604 2577 Is
617 2545 850 2577 obsoletarum

153 2601 272 2624 vocum
293 2598 455 2634 sectator,
471 2595 706 2636 bonorumque
722 2594 850 2626 Poeta-

155 2649 229 2672 rum
257 2642 457 2685 insectator,
488 2645 621 2677 duobus
654 2645 729 2677 istis
759 2644 850 2676 vitiis

156 2689 326 2723 duntaxat
346 2692 494 2726 famosus
511 2695 634 2735 Poeta,
648 2694 784 2735 Virgilii
801 2698 851 2726 at-

157 2749 224 2782 que
236 2739 372 2772 Horatii
387 2745 595 2784 temporibus
608 2756 615 2775 :
640 2749 710 2776 tam
722 2744 852 2775 invisus

158 2788 254 2820 bouis
277 2798 378 2831 quam
393 2791 535 2826 invidus.
566 2795 688 2836 virgil.
706 2794 780 2827 Ecl.
795 2803 854 2827 111.

898 2099 954 2128 90.
974 2102 984 2116 ‘
997 2097 1068 2131 Qui
1084 2097 1226 2129 Bavium
1243 2106 1310 2128 non
1333 2096 1419 2136 odit,
1434 2102 1526 2128 amet
1548 2101 1607 2128 tua

899 2148 1063 2186 carmina,
1079 2148 1209 2179 Maevi!
1234 2146 1350 2188 Atque
1372 2146 1462 2177 idem
1482 2148 1608 2187 jungat

899 2198 1034 2239 vulpes,
1050 2202 1086 2229 et
1115 2199 1264 2236 mulgeat
1292 2197 1431 2228 hircos:
1473 2197 1608 2229 Auctor

901 2247 960 2279 lib.
977 2247 1021 2279 de
1042 2248 1145 2279 Caus.
1167 2247 1330 2287 Corrupt.
1347 2247 1445 2288 Eloq.
1458 2247 1507 2278 ita
1519 2257 1609 2288 prae·

903 2297 1011 2338 cipit:
1046 2296 1056 2314 ‘
1075 2296 1242 2330 Quaedam
1268 2301 1452 2328 arceantur
1478 2301 1516 2328 ut
1534 2297 1607 2337 jam

903 2346 1086 2378 obliterata
1103 2351 1139 2378 et
1159 2345 1312 2385 olentia‚'
1335 2346 1370 2377 id
1389 2351 1453 2386 est,
1469 2346 1607 2377 nimiam

905 2401 1111 2428 vetustatem
1133 2406 1172 2428 ac
1199 2396 1304 2427 veluti
1328 2396 1431 2428 situm
1451 2395 1608 2426 redolen-

905 2448 964 2479 tia.

944 2500 965 2528 4
987 2496 1117 2536 Auster,
1132 2499 1293 2533 memento,
1309 2493 1377 2534 ξω]
1402 2493 1563 2524 Austrum
1586 2504 1607 2526 a

902 2546 1051 2577 Meridie
1067 2544 1204 2576 flantem
1223 2549 1258 2575 et
1276 2544 1308 2574 in
1325 2543 1423 2574 Ionio
1438 2542 1522 2574 mari
1539 2544 1609 2575 val-

903 2595 946 2625 de
962 2595 1159 2625 saevientem
1175 2593 1317 2633 primum
1336 2592 1474 2623 invocat
1486 2592 1606 2625 adver-

904 2653 960 2674 sus
997 2643 1160 2674 Maevium
1202 2641 1440 2682 navigantem:
1483 2641 1609 2674 deinde

905 2694 1034 2725 Eurum
1050 2692 1093 2723 ab
1109 2691 1275 2723 Oriente:
1298 2695 1368 2722 tum
1382 2691 1528 2722 Boream
1546 2702 1607 2724 seu

906 2743 1107 2784 Aquilonem
1136 2752 1155 2773 a
1177 2741 1456 2782 Septemtrione3
1480 2747 1518 2774 ut
1541 2743 1609 2774 col-

906 2794 1077 2825 luctantes
1092 2802 1184 2824 mare
1200 2791 1412 2833 subvertant,
1428 2792 1606 2825 Maevium-
