1890 3256
570 285 919 318 nmsromnum
954 284 1050 315 us.
1086 285 1116 315 ι.
1145 274 1187 314 2.
1425 328 1431 335 .
1488 273 1599 314 1081

151 381 388 431 seditione,
410 380 542 431 dolis,
563 379 742 430 scelere,
763 383 894 436 atque
913 378 1095 422 libidine
1112 381 1154 419 et
1178 378 1258 426 ira,
1547 376 1602 416 15

151 449 318 491 Iliacos
338 449 451 490 intra
464 440 614 489 muros
633 452 843 501 peccatur
863 449 910 489 et
928 450 1083 503 extra2
1101 495 1106 501 ⁸

153 515 347 566 Rursus,
367 514 473 568 quid
493 514 628 555 virtus
647 517 690 554 et
710 514 819 566 quid
843 513 1064 567 sapientia
1087 512 1247 567 possit,

152 581 276 622 Utile
297 580 525 635 proposuit
544 580 672 621 nobis
692 580 922 633 exemplar
942 578 1182 633 Ulyssem;

153 645 244 698 Qui
263 646 450 689 domitor
468 645 634 700 Trojae,
654 646 889 688 multorum
911 646 1128 700 providus
1148 646 1277 697 urbes
1322 649 1326 653 '

153 709 209 755 Et
227 726 372 755 mores
390 712 618 754 hominum
638 714 835 767 inspexit
853 726 864 765 ;
893 714 1119 768 latumque
1139 726 1218 767 per
1239 725 1409 766 aequor,
1547 714 1602 752 20

154 780 271 821 Dum
290 779 391 828 sibi,
413 779 518 820 dum
540 780 676 821 sociis
699 781 888 822 reditum
909 785 1052 834 parat,
1074 793 1236 834 aspera
1256 780 1395 822 multa

152 845 356 896 Pertulit,
376 845 575 887 adversis
591 859 731 887 rerum
752 845 1065 887 immersabilis
1086 846 1232 897 undis.

151 912 351 954 Sirenum
371 925 506 955 voces
527 918 571 955 et
591 912 734 954 Circae
757 913 922 967 pocula
941 913 1089 964 nosti3

150 1043 226 1076 Tam
240 1043 328 1074 intra
341 1052 433 1084 quam
444 1047 537 1074 extra
548 1052 651 1074 muros
669 1041 770 1081 Trojoe
781 1046 970 1082 grassantur
983 1042 1162 1083 seditiones,
1171 1038 1468 1084 fi·‹1udes,flagitia‚
1483 1043 1602 1083 cupidi-

148 1089 210 1126 tas,
224 1085 399 1116 iracundia.
442 1085 520 1116 Jam
533 1095 604 1116 vero
616 1085 690 1126 quid
704 1085 806 1116 virtus
819 1085 895 1125 quid
915 1086 1084 1125 prudentia
1105 1085 1219 1123 valeat,
1243 1086 1325 1116 idem
1343 1085 1499 1117 Homerus
1515 1086 1604 1116 exhi·

150 1129 201 1159 bet
212 1127 302 1159 notis
316 1127 390 1159 utili
404 1128 543 1167 exemplo
561 1127 705 1168 Ulyssis:
726 1127 781 1168 qui
793 1130 863 1167 post
877 1130 1089 1168 expugnatam
1104 1126 1229 1165 Trqiam
1239 1127 1446 1167 perlustravit
1467 1128 1604 1159 diversos

148 1170 289 1210 populos,
304 1178 468 1210 eorumque
479 1179 580 1201 mores
598 1170 730 1200 callidus
756 1169 953 1208 observavit3
975 1173 1006 1201 et
1019 1170 1092 1200 dum
1106 1170 1168 1201 sibi
1182 1170 1332 1210 sociisque
1346 1170 1480 1201 reditum
1492 1179 1603 1210 procu-

149 1215 214 1248 rat,
238 1211 353 1252 gravia
375 1212 511 1252 plurima
531 1211 629 1242 subiit
650 1212 797 1243 immenso
826 1211 921 1250 mari,
950 1212 1117 1243 contrariis
1142 1212 1339 1250 negotiorum
1356 1212 1510 1253 fluctibus
1530 1221 1604 1242 nus-

151 1264 243 1294 quam
255 1263 451 1286 summersus.
497 1253 569 1286 Scis
582 1256 692 1286 cantus
705 1253 862 1294 Sirenum,
881 1257 975 1295 atque
992 1253 1099 1286 Circes
1117 1254 1306 1295 pharmaca,·
1329 1263 1398 1295 quoe
1410 1254 1440 1285 si
1457 1253 1552 1292 fatue
1575 1257 1607 1285 et

754 1346 997 1360 eeeeeeeeee

151 1413 370 1495 imita.
375 1412 1606 1496 2¹¹2sse13351⁰¹3‘'nam-¹5„infimeMxtzoz‘tssaftz‘ffc

150 1496 295 1538 Cuning.
320 1500 487 1537 peccantur
512 1497 743 1528 Schoenborn.
745 1499 829 1529 -17
862 1497 1000 1528 Rursum
1026 1506 1114 1528 uuus
1142 1496 1218 1529 cod.
1246 1496 1363 1528 Bentl.
1390 1502 1425 1527 et
1452 1497 1501 1527 sic
1527 1495 1607 1527 edd.

150 1539 266 1571 Bentl.
290 1538 438 1580 Cuning.
455 1538 581 1571 Sanad.
597 1539 751 1579 Francis,
764 1537 900 1571 Wakef.
915 1540 1060 1571 Wetzel.
1075 1543 1110 1570 et
1123 1539 1215 1571 Kidd
1221 1542 1317 1570 .-19
1342 1538 1457 1578 Trqiae,
1478 1541 1509 1570 et
1528 1539 1606 1569 mul-

149 1583 249 1612 torum
273 1581 506 1613 Schoenborn.
532 1583 647 1613 3.-21
672 1580 769 1612 Idem
797 1582 919 1621 codex,
946 1585 1013 1613 tum
1040 1581 1146 1613 sociis.
1190 1581 1424 1612 Schoenboru.
1444 1583 1476 1612 4.
1498 1589 1608 1620 aspera

150 1622 240 1664 beu«,
254 1628 290 1655 et
307 1633 327 1655 a
340 1633 386 1655 m.
402 1633 470 1655 sec.
491 1633 602 1664 aspera
616 1624 725 1655 multa.
727 1626 812 1655 -22
827 1624 1060 1655 Schoenborn.
1074 1626 1106 1655 2.
1118 1626 1149 1653 3.
1160 1625 1194 1654 4.
1216 1633 1320 1654 rerum
1335 1626 1366 1653 et
1381 1622 1608 1653 immersabilis.

149 1666 234 1696 -88
258 1665 365 1697 Circes
382 1666 492 1706 pocula
514 1666 602 1696 notit
626 1666 859 1698 Schoenborn.
874 1668 907 1697 2.
931 1666 1066 1697 Cir-cena
1079 1665 1219 1697 earmina
1231 1666 1315 1696 nosti
1327 1664 1556 1696 Schoenbom.
1571 1667 1604 1695 3.

154 1706 257 1738 cz'reoe
273 1707 409 1748 plurimi
423 1707 525 1740 codd.
541 1717 598 1749 up·
612 1708 730 1748 Fam,
746 1708 805 1739 alii
818 1709 906 1740 Mss.
918 1708 1008 1750 apud
1024 1707 1144 1739 Lamb.
1158 1707 1272 1739 Pulm.
1284 1707 1382 1738 Torr.
1399 1707 1515 1738 Bentl.
1527 1707 1605 1739 Val.

810 1801 952 1834 NOTAE

151 1875 278 1908 arando
294 1876 404 1907 sulcos
419 1876 556 1907 ducere.
602 1877 694 1908 Hine
706 1876 851 1908 delirare

151 1925 335 1966 significat,
352 1935 373 1957 a
395 1930 490 1957 recta
516 1926 568 1956 via
592 1925 776 1965 declinare,
792 1926 851 1957 ab·

152 1983 280 2014 errare,
292 1974 463 2016 desipere.
487 1976 579 2008 Non.
594 1975 754 2008 Marcell.
771 1975 850 2007 Fes-

153 2029 220 2064 tus,
232 2024 355 2056 Isidor-

186 2073 317 2114 Achivi]
357 2073 414 2104 Ita
450 2078 616 2105 vocantur
650 2073 694 2104 ab
725 2072 854 2104 Achaia

154 2126 300 2158 Graeciae
317 2126 470 2167 regione,
486 2125 538 2155 vel
555 2125 596 2155 ab
610 2122 738 2156 Aehaeo
754 2133 846 2165 rege.

198 2179 237 2208 1⁵
254 2174 429 2216 Seditione]
453 2174 595 2206 Achillis
609 2183 628 2204 a
644 2174 773 2215 reliquo
796 2183 855 2205 ex-

154 2227 266 2259 ercitu
296 2225 502 2258 accedentis.
554 2225 610 2256 De
639 2233 705 2266 quo
738 2232 762 2254 t.
786 2222 855 2255 od.

155 2278 207 2306 15.
224 2275 257 2306 in
274 2274 353 2306 tine.

197 2325 305 2366 Dolis]
330 2325 462 2366 Ulyssis
474 2321 695 2355 Palamedem
711 2322 856 2354 circum—

155 2375 333 2410 venientis.

199 2423 332 2460 Scelere.
348 2423 486 2463 libidine,
503 2423 568 2463 ira]
591 2423 725 2454 Passim
741 2432 857 2454 exem·

156 2474 213 2515 pla
224 2475 318 2515 legas
333 2475 366 2505 in
383 2474 504 2506 Iliade.
528 2475 584 2506 De
601 2473 855 2515 Agamemnone

156 2523 270 2564 Ajaeis
285 2524 429 2556 cadaver
448 2525 579 2556 humari
602 2529 758 2564 vetante,
771 2525 854 2556 item

157 2570 371 2613 Iphigeniam
386 2577 572 2613 mactante,
587 2573 715 2605 dictum
737 2578 790 2605 est
814 2582 856 2605 ιι.

158 2622 230 2654 Sat.
245 2624 278 2654 3.
296 2622 350 2653 De
365 2621 475 2663 Ajaee
492 2622 634 2660 furioso,
650 2623 732 2654 ibid.
748 2626 810 2655 διο.

203 2674 243 2703 18
269 2671 437 2711 Proposuit
461 2671 548 2704 nobis
576 2675 731 2715 exemplar
760 2675 792 2705 U
793 2675 855 2714 lys·

159 2720 238 2761 sem]
259 2721 301 2752 In
318 2720 485 2762 Odyssea,
497 2721 553 2753 ubi
570 2723 707 2765 Ulysses
722 2723 856 2756 infinita

160 2772 243 2803 mari
262 2775 421 2812 terraque
434 2773 585 2812 pericula
600 2774 700 2806 modo
715 2775 856 2815 virtute,

161 2820 260 2853 modo
285 2825 358 2852 arte
385 2821 508 2853 vicisse
535 2823 727 2856 ostenditur
744 2834 753 2863 ;
787 2834 855 2856 non

904 1877 1011 1908 solnm
1025 1879 1145 1908 contra
1156 1875 1306 1907 homines
1321 1879 1357 1907 et
1366 1879 1530 1916 monstra,
1544 1875 1607 1907 sed

905 1931 941 1956 et
957 1930 1078 1957 contra
1092 1926 1187 1957 Deos
1211 1926 1372 1956 luctatus.
1415 1925 1556 1966 Jupiter
1571 1930 1609 1958 et

905 1974 1089 2015 Neptunus
1105 1974 1308 2005 concutiunt
1317 1978 1354 2005 et
1366 1972 1532 2014 frangunt
1547 1975 1609 2006 ali·

904 2023 1041 2065 quando
1055 2032 1179 2055 naves:
1205 2022 1411 2064 Lotophagi,
1427 2024 1611 2065 Cyclopes,

905 2072 1146 2114 Laestrygonii,
1168 2072 1283 2112 Circe,
1306 2073 1458 2113 Sirenes,
1479 2073 1609 2114 Scylla,

906 2123 1109 2164 Charybdis,
1124 2123 1232 2164 proci,
1255 2122 1397 2153 exitium
1413 2123 1608 2154 machinan-

906 2177 974 2204 tur.
1011 2173 1063 2204 Ex
1078 2173 1130 2203 his
1145 2176 1259 2203 tamen
1275 2171 1430 2203 omnibus
1446 2173 1608 2215 evadens,

907 2221 1034 2253 dudum
1059 2220 1296 2262 vagabundus,
1320 2226 1400 2262 post
1427 2231 1532 2253 annos
1559 2223 1609 2254 vi-

906 2272 992 2313 ginti
1035 2272 1069 2303 in
1121 2272 1269 2312 patriam
1318 2273 1456 2304 tandem
1493 2274 1609 2306 rediit.

904 2323 1036 2356 ‘Quam
1061 2322 1168 2354 multa
1192 2332 1310 2363 passus
1330 2328 1384 2354 est
1408 2325 1547 2363 Ulysses
1573 2327 1608 2356 in

906 2372 966 2403 illo
991 2381 1106 2404 errore
1131 2371 1326 2404 diuturno!'
1356 2373 1431 2405 Cic.
1455 2371 1557 2406 Offic.
1582 2384 1608 2407 1.

906 2433 940 2456 n.
954 2426 1025 2456 113.

951 2476 992 2505 19
1010 2474 1153 2505 Domitor
1171 2473 1286 2514 Trojoe]
1307 2472 1364 2504 Sic
1380 2477 1416 2504 et
1433 2472 1604 2505 Homerus

904 2522 1108 2565 πολίτροπον,
1130 2523 1216 2554 urbis
1238 2532 1419 2562 eversorem,
1447 2523 1607 2564 Ulyssem

907 2577 1008 2605 vocat
1023 2572 1207 2610 duntaxat,
1221 2581 1285 2603 nec
1306 2572 1427 2604 tribuit
1450 2574 1484 2604 id
1501 2574 1607 2605 nomi-

907 2623 957 2654 nis
971 2622 1110 2662 Achilli,
1124 2622 1384 2662 Agamemnoni,
1398 2621 1508 2664 Ajaci‚
1521 2624 1608 2657 Dio-

909 2672 1021 2711 medi3
1045 2673 1094 2704 ita
1116 2671 1301 2713 prudentia
1315 2673 1422 2712 magis
1439 2683 1537 2714 quam
1556 2684 1608 2705 ro-

911 2724 992 2755 bore
1007 2723 1154 2754 maxima
1167 2731 1315 2768 guaeque
1343 2724 1457 2764 peragi
1481 2724 1609 2765 siguifi-

909 2782 1003 2805 cans.

953 2824 994 2854 23
1010 2821 1156 2853 Sirenum
1170 2822 1270 2864 voces]
1284 2821 1408 2863 Ampla
1423 2823 1495 2855 haec
1511 2832 1607 2864 seges
