1904 3256
344 289 428 332 674
806 306 849 342 Q.
881 304 1085 336 HonA'rn
1118 303 1287 333 nmmo:

566 395 658 436 Hic
675 395 924 436 irresectum
945 408 1065 437 saeva
1085 394 1215 435 dente
1233 394 1369 435 livido

622 460 808 501 Canidia
826 460 986 500 rodens
1006 461 1221 513 pollicem,

565 525 682 576 Quid
704 525 845 566 dixit?
875 529 952 566 aut
971 525 1073 579 quid
1089 527 1222 567 tacuit
1235 527 1254 566 Ἰ
1286 525 1324 566 Ο
1345 525 1471 566 rebus
1490 525 1600 567 meis

624 591 725 631 Non
742 590 934 633 infideles
955 591 1140 640 arbitrae,

568 656 688 705 ΝοΧ,
709 660 752 697 et
767 656 908 697 Diana
931 669 1030 710 quae
1051 656 1265 697 silentium
1284 656 1411 708 regis,

623 721 799 762 Arcana
819 734 914 762 cum
935 721 1044 762 fiunt
1063 734 1213 762 sacra:

567 786 713 836 Nunc,
733 799 846 827 nunc
868 786 1015 827 adeste
1032 800 1042 827 :
1073 799 1185 827 nunc
1204 786 1247 826 in
1265 786 1443 827 hostiles
1464 786 1615 826 domos

625 852 742 893 Iram
763 855 890 904 atque
910 864 1068 892 numen
1086 852 1236 893 vertite
1253 864 1263 891 :

569 915 879 958 Formidolosae
899 917 1001 957 dum
1020 918 1152 957 latent
1172 917 1307 970 sylvis
1326 916 1441 965 serae,

627 981 761 1023 Dulci
782 993 942 1034 sopore
961 981 1193 1034 languidae,

1703 592 1758 632 50

1706 917 1760 956 55

344 1099 416 1128 coelo
430 1097 577 1129 detrahit.
623 1097 698 1127 Tum
712 1106 783 1127 vero
795 1097 891 1133 ferox
914 1095 1048 1126 Canidia
1072 1096 1159 1126 dente
1180 1097 1274 1127 livido
1295 1099 1403 1128 rodens
1423 1107 1552 1136 unguem
1573 1097 1690 1138 pollicis
1704 1106 1762 1127 non

344 1142 544 1178 amputatum,
560 1138 634 1179 quid
647 1139 746 1168 locuta
760 1141 825 1168 est?
845 1138 893 1167 vel
913 1137 985 1175 quid
1007 1145 1064 1166 non
1084 1136 1187 1167 dixit?
1232 1139 1261 1167 0
1275 1139 1362 1169 rebus
1376 1140 1462 1177 meis,
1475 1139 1588 1179 inquit,
1603 1142 1694 1170 testes
1707 1138 1762 1175 sa-

343 1183 460 1218 ventes,
471 1190 543 1218 nox,
556 1183 587 1209 et
602 1179 707 1210 Diana
720 1178 874 1209 silentium
886 1177 1021 1215 faciens,
1036 1178 1152 1216 quando
1167 1182 1281 1209 secreta
1299 1183 1488 1218 peraguntur
1501 1180 1662 1220 mysteria,
1677 1180 1763 1210 modo

343 1220 502 1258 adjuvate.-
517 1220 629 1258 jamin
643 1221 723 1250 oedes
735 1219 925 1250 inimicorum
935 1218 1101 1248 convertite
1115 1219 1194 1248 iram
1206 1222 1235 1249 et
1248 1223 1428 1258 potestatem
1441 1220 1588 1252 divinum.
1632 1220 1763 1251 Interim

344 1263 417 1293 dum
431 1262 539 1295 beltuae
552 1261 777 1292 absconduntur
793 1260 888 1300 sylvis
901 1258 1102 1298 formidinem
1115 1260 1290 1291 creantibus
1307 1264 1416 1301 pacato
1429 1270 1532 1292 somno
1545 1264 1695 1301 vacantes,
1714 1270 1764 1292 ca-

936 1340 1093 1352 OOOOOOO
1095 1340 1170 1353 ‘m

345 1408 546 1437 ceum—51.
569 1408 610 1436 52
632 1405 763 1436 ‘Miror
787 1405 849 1436 hoc
875 1405 1049 1436 transiisse
1075 1405 1300 1437 acutissimum
1323 1406 1526 1437 Bentleium.
1581 1406 1695 1439 Quid?
1716 1415 1765 1437 -an

346 1447 457 1478 Diana
473 1451 600 1478 tantum
617 1447 783 1477 silentium
800 1447 900 1487 regit,
916 1456 991 1477 cum
1005 1456 1099 1478 sacra
1111 1447 1239 1486 magica
1254 1446 1337 1477 fiunt
1350 1448 1361 1477 ?
1393 1447 1470 1486 Ina,
1482 1446 1547 1478 nisi
1559 1446 1668 1487 fallor,
1681 1457 1767 1478 sem—

346 1497 409 1528 per
424 1489 511 1528 regit
526 1488 708 1526 silentium,
727 1488 761 1519 id
782 1494 846 1525 est,
867 1488 958 1519 nocti
983 1489 1135 1528 imperat.
1181 1488 1446 1519 Rescribendum
1462 1489 1575 1528 igitur,
1590 1489 1662 1520 Nox
1676 1492 1706 1520 et
1721 1490 1766 1520 D.

345 1541 375 1570 q.
391 1539 417 1561 a.
433 1530 538 1569 regis.-
563 1531 686 1560 Arcana
697 1529 842 1570 quiflunt
856 1527 968 1560 sacra!
989 1538 1064 1560 uam
1081 1529 1215 1568 Dianae,
1230 1539 1303 1570 quae
1325 1530 1443 1560 eadem
1465 1539 1504 1561 ac
1522 1530 1633 1561 Trivia
1647 1535 1684 1561 et
1698 1529 1767 1561 He·

346 1575 434 1610 cate,
457 1580 553 1602 sacra
575 1570 702 1602 fiebant
723 1570 875 1611 magica!
896 1572 990 1601 Jerer
1011 1572 1051 1601 ad
1072 1570 1189 1601 Lucan.
1213 1579 1237 1601 1.
1262 1573 1423 1602 eda—54
1446 1570 1574 1608 Arcum,
1595 1570 1684 1612 quod
1704 1580 1766 1610 pro

344 1613 432 1643 Iram
445 1611 549 1643 habet
563 1611 647 1642 liber
668 1611 819 1649 Brodaei‚
835 1612 890 1642 vix
913 1611 1051 1642 librario
1074 1611 1207 1642 videtur
1232 1612 1360 1642 deberi.
1405 1612 1466 1642 Est
1485 1612 1572 1642 enim
1594 1612 1768 1643 eruditius.

347 1653 462 1684 Diana
478 1662 558 1684 arcu
581 1652 823 1683 formidabilis.’
849 1653 1028 1683 Germ—55
1052 1652 1062 1670 ‘
1077 1652 1217 1683 Locheri
1237 1652 1340 1684 editio
1357 1653 1573 1684 Fomidoloais
1587 1653 1692 1690 silei&
1714 1653 1769 1684 cui

346 1694 513 1726 accedunt
531 1694 701 1725 Torrentii
717 1693 856 1734 aliquot,
877 1693 1047 1724 Blandinii
1073 1698 1218 1729 veteres,
1237 1693 1292 1735 (ut
1314 1703 1357 1724 ex
1379 1693 1489 1725 verbis
1506 1694 1769 1735 ctuquiipatet‚

347 1736 500 1776 quamvis
514 1745 611 1766 secus
627 1735 671 1766 sit
683 1734 840 1775 editum‚)
855 1734 1028 1765 Leidensis
1040 1738 1075 1765 et
1091 1735 1287 1775 Reginensis
1303 1736 1419 1774 nostri,
1433 1740 1468 1766 et
1483 1734 1694 1767 Battelianus
1708 1744 1769 1775 pro

348 1777 441 1807 varia
457 1777 615 1807 lectione.
660 1776 774 1807 Ceteri
801 1785 875 1806 cum
899 1775 1044 1806 editione
1068 1776 1175 1816 prima
1191 1777 1408 1814 Formidolosae
1420 1776 1514 1814 [ει-ω.
1557 1777 1676 1808 Uti-am
1695 1777 1768 1817 jam

347 1818 527 1848 lectionem
544 1817 669 1847 mavis?
713 1817 939 1848 Formidolosus
954 1817 1108 1856 ambigue
1130 1817 1305 1856 significat,
1330 1824 1364 1848 et
1381 1819 1436 1858 qui
1458 1817 1629 1855 formidat,
1649 1822 1687 1848 et
1711 1818 1768 1858 qui

347 1858 568 1890 formidatur:
593 1867 732 1900 quorum
748 1862 905 1889 neutrum
921 1858 1079 1888 convenit
1085 1858 1179 1898 feris,
1195 1859 1273 1889 dnm
1285 1868 1388 1898 sopore
1402 1859 1556 1898 lang-uidet
1571 1863 1660 1890 suut.
1691 1859 1769 1889 Pla-

989 1940 1127 1972 NOTAE

346 2023 423 2046 nec.
438 2013 596 2054 Tragoed.
614 2014 792 2055 Hippolyt.
808 2013 886 2046 Act.
901 2017 934 2046 2.
950 2014 1034 2046 Cho-

349 2073 406 2094 rus
421 2063 468 2093 ita
483 2063 630 2103 loquitur
646 2063 687 2094 de
703 2064 798 2094 Luna
812 2074 819 2094 :
844 2062 855 2080 ‘
871 2063 916 2094 Et
929 2072 1036 2104 nuper

1088 2025 1131 2047 ne
1154 2015 1299 2047 defixum
1325 2020 1360 2047 et
1385 2015 1550 2056 percitum
1567 2015 1679 2047 furore
1702 2016 1772 2048 ani-

1088 2073 1176 2095 mum
1194 2063 1335 2103 perinde
1351 2064 1497 2095 exhibet.

349 2112 481 2143 rubuit:
506 2111 664 2152 nullaque
687 2112 805 2143 lucidis
828 2112 944 2143 Nubes
967 2122 1035 2143 sor-

349 2160 460 2192 didior
475 2159 621 2191 vultibus
636 2160 781 2191 obstitit.
811 2160 858 2191 At
873 2170 930 2191 nos
947 2161 1036 2192 solli-

349 2210 408 2241 citi
423 2210 547 2240 lumine
566 2209 714 2248 turbido,
727 2209 882 2240 Tractam
897 2209 1035 2240 Thessa-

348 2258 423 2289 licis
448 2257 650 2289 carminibus
677 2258 752 2296 rati,
773 2257 925 2289 Tinnitns
942 2257 1035 2288 dedi-

350 2305 447 2337 mus!
492 2306 581 2336 Huic
595 2305 686 2345 vulgi
703 2306 850 2346 opinioni
870 2307 975 2346 prima
989 2307 1036 2336 lo-

352 2364 427 2386 cum
449 2354 544 2386 dedit
561 2353 744 2394 Aglaonice
761 2354 943 2394 Hegetor-is
958 2353 1037 2394 filia,

350 2412 427 2444 quae
457 2402 657 2442 Astrologiae
686 2402 808 2443 perita,
840 2412 915 2433 cum
946 2403 1038 2433 Luna

353 2455 442 2482 esset
463 2452 498 2482 in
516 2450 655 2482 defectu
677 2460 736 2482 seu
759 2451 892 2492 eclipsi,
913 2460 948 2482 se
965 2459 1036 2481 eam

351 2501 524 2532 incantare
539 2504 576 2530 et
586 2499 752 2530 deducere
763 2499 941 2530 simulavit.
958 2499 1039 2530 Plu-

353 2550 462 2581 tarch.
477 2549 534 2581 lib.
549 2548 591 2579 de
606 2548 709 2579 Orac.
725 2547 862 2579 defectu
877 2551 952 2588 post
967 2547 1040 2578 init.

353 2598 441 2628 Vide
457 2598 548 2628 Plin.
564 2605 653 2627 xxx.
670 2599 700 2627 1.
716 2600 751 2627 et
765 2599 797 2627 2.

395 2650 435 2677 47
460 2646 659 2687 Irresectum]
685 2646 808 2677 Sordes
827 2650 922 2678 notat
942 2644 1041 2677 foedis

355 2694 420 2724 illis
435 2695 628 2725 mulieribus
645 2693 831 2726 affectatas.

396 2745 438 2777 48
462 2743 580 2774 Rodens
591 2743 745 2785 pollicem]
768 2743 848 2775 Alta
863 2741 1037 2783 cogitatio-

1130 2116 1170 2144 51
1188 2114 1274 2148 Nox,
1289 2116 1319 2144 et
1330 2113 1453 2154 Diana]
1471 2114 1616 2146 Noctem
1630 2118 1665 2146 et
1680 2118 1771 2146 tene-

1087 2161 1163 2192 bras
1179 2166 1292 2193 amant
1306 2162 1524 2194 tenebriones.
1567 2162 1718 2194 Christus
1735 2163 1770 2193 in

1088 2210 1293 2250 Evangelio:
1317 2211 1327 2228 ‘
1345 2210 1411 2242 Qui
1431 2211 1516 2242 male
1538 2210 1608 2250 agit
1626 2209 1698 2240 odit
1719 2210 1770 2240 lu-

1089 2268 1174 2298 cem,
1197 2263 1234 2290 ut
1263 2268 1327 2290 non
1350 2262 1531 2298 arguantur
1552 2267 1655 2298 opera
1673 2258 1770 2298 ejus!

1088 2307 1182 2347 Magi
1206 2311 1242 2338 et
1268 2306 1407 2338 venefici
1435 2316 1495 2338 sua
1519 2305 1647 2346 flagitia
1669 2311 1770 2338 noctu

1088 2364 1220 2396 semper
1238 2356 1358 2395 exequi
1375 2355 1622 2395 aggrediuntur.
1663 2355 1772 2387 Porro

1090 2414 1185 2435 sacra
1211 2405 1405 2444 plerumque
1432 2407 1596 2434 nocturna
1621 2404 1771 2436 celebra-

1089 2452 1172 2483 bant
1202 2452 1349 2490 Ethnici‚
1379 2449 1560 2492 affulgente
1599 2452 1703 2491 Luna,
1736 2458 1772 2484 et

1089 2500 1181 2542 quasi
1199 2499 1368 2531 silentium
1387 2499 1586 2540 imperante,
1602 2504 1639 2531 ut
1655 2500 1769 2533 existi-

1091 2549 1243 2589 mabant,
1258 2553 1293 2580 et
1308 2547 1456 2580 favente.

1133 2600 1173 2629 53
1196 2598 1237 2628 In
1251 2596 1373 2628 hostiles
1387 2597 1503 2637 domos]
1524 2597 1565 2628 Iu
1581 2597 1707 2630 Varum
1722 2603 1771 2630 at-

1091 2655 1155 2687 que
1172 2645 1321 2686 pellices,
1337 2645 1453 2686 quibus
1468 2645 1524 2677 ille
1538 2645 1721 2687 detinetur,
1734 2650 1770 2678 et

1092 2704 1112 2725 a
1124 2703 1176 2726 me
1190 2694 1366 2726 avertitur.
