1904 3256
673 303 864 335 EPoDnN
898 303 1066 338 [ABER.

255 397 301 440 N
303 408 354 439 ec
375 402 420 440 te
440 397 706 451 Pythagorae
725 399 884 441 fallant
904 413 1065 442 arcana
1085 398 1237 449 renati,

311 465 564 518 Pomaque
586 466 740 507 vincas
760 467 922 517 Nirea3

254 531 407 574 Eheu!
435 533 675 574 translatos
698 534 787 575 alio
809 533 1020 576 moerebis
1039 545 1232 575 amores:

309 597 397 640 Ast
416 611 498 652 ego
519 599 716 641 vicissim
738 601 889 642 risero.

140 699 200 730 tibi
212 701 331 733 lateant
343 702 494 743 mysteria
511 701 698 742 Pythagorae
713 703 845 734 redivivi
859 713 894 734 ac
910 704 1041 734 Nireum
1056 712 1180 743 superes
1194 703 1259 734 oris
1273 702 1371 745 specie
1379 713 1394 740 ,·
1416 701 1490 734 eheu
1505 702 1590 733 breti

138 741 255 775 dolebis
268 753 390 776 mores
402 744 495 777 elteri
509 744 622 776 datos!
635 756 692 785 ego
707 755 777 777 vero
791 750 858 777 tum
871 745 975 777 ridebo
988 745 1182 777 alternatim.

746 829 864 841 cccccc

867 828 984 841 eeeeee

135 879 251 913 Banu.
265 882 403 915 Wakef.
418 887 455 916 et
470 884 662 918 indm—22
685 886 787 918 Multi
805 885 904 918 codd.
920 885 1023 917 etiam
1038 885 1271 924 Torrentiani,
1289 885 1404 916 Nerea.
1450 882 1529 915 Vid.
1547 883 1589 914 ad

63 921 72 929 ’
135 931 194 955 111.
211 923 280 957 Od.
294 928 348 957 20.
366 929 504 959 16.—23
529 928 617 967 Heu,
641 929 710 965 heu,
734 930 901 960 translatos
916 929 1015 960 Gott.
1042 929 1140 960 Harl.
1157 931 1187 959 1.
1204 931 1234 959 2.
1251 930 1282 958 3.
1298 930 1330 959 4.
1345 930 1378 958 6.
1402 931 1470 957 tres
1486 926 1589 956 Bian-

135 964 207 998 diui
225 976 280 1008 up.
296 968 402 1008 Cruq.
417 979 532 1001 omnes
556 970 629 1001 fere
644 971 872 1008 Torrentiani‚
888 971 1006 1003 Zarot.
1024 971 1166 1003 Medici.
1182 971 1332 1002 Florent.
1348 970 1488 1001 Venett.
1505 969 1587 1000 Vet.

130 1006 255 1042 Comb-
272 1011 316 1043 ai.
360 1012 450 1044 Eheu
465 1022 552 1044 nnus
567 1013 691 1045 Bland.
708 1018 743 1046 et
758 1013 840 1046 edd.
856 1019 1003 1046 recentt.

791 1097 933 1130 NOTAE

178 1159 219 1191 21
247 1159 358 1191 Necte
372 1160 656 1203 Pythagoroe,&c.]
679 1162 754 1194 Etsi
762 1160 835 1193 fue-

137 1207 183 1238 ris
210 1209 348 1249 sapiens
378 1215 416 1241 ut
445 1210 670 1252 Pythagoras.
709 1211 764 1242 De
793 1220 835 1242 eo

137 1256 230 1291 Gen.
246 1266 270 1290 t.
284 1261 316 1290 9.
355 1259 491 1300 Suidas,
506 1263 515 1280 ‘
534 1262 625 1303 quod
643 1271 708 1293 non
724 1261 834 1292 minus

137 1316 252 1339 verum
268 1307 400 1340 diceret
413 1320 512 1351 quam
526 1310 652 1351 Apollo
664 1310 835 1351 Pythius,'

133 1365 256 1390 nomen
267 1358 339 1399 ejus
354 1359 614 1400 interpretatur.
646 1361 835 1392 Philostra-

134 1409 190 1439 tus
205 1407 356 1438 Deorum
373 1418 466 1439 usum
480 1409 729 1440 consuetudine
744 1408 834 1439 affir-

133 1458 217 1493 mat,
232 1459 270 1487 et
282 1456 328 1487 ab
342 1457 389 1488 eis
403 1458 576 1497 accepisse
593 1462 761 1499 quatenus
775 1457 833 1488 ho-

132 1503 280 1536 minibus
295 1505 524 1547 delectentur,
538 1511 574 1538 et
590 1511 757 1548 quatenus
772 1516 831 1538 eos

130 1558 344 1592 aversentur,
367 1565 410 1587 ex
434 1564 542 1598 eoque
568 1556 612 1588 de
628 1561 750 1588 natura
765 1555 832 1587 dis-

119 1604 287 1638 seruisse.
324 1605 436 1638 Porro
447 1610 542 1638 tanta
556 1605 623 1638 fuit
639 1606 729 1647 apud
745 1606 832 1638 anti-

129 1663 213 1696 quos
225 1654 435 1696 Pythagorae
447 1656 632 1696 veneratio,
648 1661 685 1687 ut
695 1656 830 1687 domum

129 1704 205 1747 ejus
227 1706 347 1747 templi
369 1706 490 1745 instar,
516 1707 628 1747 ipsum
653 1715 734 1738 vero
759 1711 831 1738 tan-

127 1763 226 1796 qum
241 1765 366 1788 numen
383 1756 560 1788 haberent.

170 1804 304 1846 Renafi]
327 1805 469 1838 Scilicet
489 1806 548 1837 ille
564 1806 743 1847 sapientiae
761 1807 830 1838 vel-

118 1857 171 1892 ⁴ut
198 1855 356 1895 antistes,
392 1857 501 1888 muita
529 1861 642 1888 tamen
669 1857 830 1888 deliravit

128 1904 174 1937 de
186 1904 374 1937 animarum
390 1906 425 1937 in
441 1906 533 1937 aliud
550 1911 586 1938 et
602 1907 692 1938 atiud
705 1917 828 1948 corpus

127 1955 445 1997 transmigratione:
478 1966 519 1988 ac
543 1957 690 1997 seipsum
714 1956 829 1988 aiebat

129 2004 275 2049 primum
310 2005 518 2039 OEthaiidem
554 2006 674 2048 fuisse,
702 2007 825 2040 deinde

888 1161 1122 1202 Euphorbum,
1158 1160 1307 1202 denique
1345 1161 1587 1202 Pythagoram.

888 1211 977 1243 Vide
994 1221 1020 1243 1.
1038 1211 1105 1243 011.
1122 1214 1176 1243 28.
1191 1214 1242 1243 10.
1259 1211 1342 1242 Not.

929 1264 972 1292 22
1000 1261 1116 1302 Nirea]
1156 1261 1280 1293 Nireus
1313 1260 1402 1291 iuter
1431 1260 1588 1295 Graecos,

887 1312 946 1352 qui
970 1311 1012 1342 ad
1035 1312 1216 1352 'frojanam
1241 1310 1494 1351 expeditionem
1514 1319 1590 1350 pro-

886 1361 972 1392 fecti
999 1365 1093 1400 sunt,
1131 1360 1404 1395 formosissimus,
1435 1369 1502 1390 uno
1531 1369 1590 1390 ex-

885 1413 989 1449 cepto
1006 1410 1151 1440 Achille.
1186 1409 1327 1440 Homer.
1353 1409 1452 1440 Iliad.
1469 1413 1505 1441 B.
1532 1410 1588 1440 De

883 1457 1027 1497 iilojam
1047 1467 1104 1489 ιιι.
1121 1457 1190 1489 Od.
1206 1461 1262 1489 20.
1282 1457 1315 1488 in
1330 1456 1408 1489 fine.

925 1509 966 1538 23
993 1507 1176 1539 Translatus
1199 1507 1262 1538 ulio
1287 1507 1428 1538 maerebis
1450 1508 1587 1549 umores]

883 1557 935 1588 Tu
957 1567 1092 1599 quoqne
1116 1557 1249 1590 Neaerae
1274 1557 1449 1590 levitatem
1477 1563 1513 1591 et
1537 1560 1588 1590 in-

883 1608 1109 1639 constantiam
1124 1607 1322 1649 experiere:
1340 1613 1412 1639 tum
1429 1619 1510 1640 vero
1524 1610 1585 1640 tihi

883 1666 947 1697 ego
978 1657 1147 1689 insultabo
1177 1657 1347 1696 vicissim;
1390 1662 1426 1689 et
1457 1657 1586 1690 affatim

883 1706 1052 1747 gaudebo,
1068 1706 1156 1738 sicut
1178 1713 1215 1737 tu
1230 1707 1330 1738 modo
1347 1707 1478 1748 gaudes
1495 1709 1584 1739 malo

884 1766 972 1796 meo,
995 1756 1087 1798 quod
1118 1756 1160 1787 ab
1192 1756 1248 1787 iila
1274 1761 1484 1788 contemnar.
1529 1758 1583 1789 Ex

883 1805 1029 1839 Aristot.
1056 1806 1154 1838 Rhet.
1179 1815 1221 1838 n.
1242 1806 1251 1823 ‘
1269 1805 1359 1838 Iram
1377 1817 1513 1848 semper
1528 1817 1585 1839 co-

883 1856 1025 1888 mitatur
1056 1856 1210 1897 voluptas
1245 1855 1288 1887 de
1318 1866 1380 1897 spe
1410 1857 1584 1897 puniendi.

885 1907 972 1939 Nam
983 1906 1177 1948 jucundum
1193 1911 1246 1938 est
1258 1913 1380 1947 putare
1394 1907 1427 1939 id
1443 1913 1584 1940 eventu-

883 1966 957 1988 rum
973 1956 1064 1999 quod
1081 1956 1305 1998 exoptamus!

706 2123 835 2167 ODE
871 2124 1012 2168 XVI.

528 2226 596 2256 AD
632 2225 869 2256 POPULUM
905 2226 1005 2257 ROM
1015 2225 1174 2255 ANUM.

125 2298 334 2334 Imminente
345 2302 417 2342 jam
432 2302 604 2334 horrendo
628 2301 817 2334 Antoniani
834 2301 915 2334 beni
933 2302 1090 2338 tumultu,
1107 2300 1272 2333 Horatius
1287 2305 1339 2333 tot
1355 2302 1442 2333 mala
1459 2306 1582 2343 pertae-

168 2363 238 2393 sm,
252 2360 289 2386 et
304 2364 445 2387 summae
462 2365 572 2387 rerum
589 2356 775 2387 miserrime
792 2360 950 2387 metuens
966 2354 1101 2396 (nescio
1117 2364 1159 2385 an
1176 2360 1212 2385 et
1227 2354 1300 2395 ipse
1313 2355 1426 2396 aliquo
1442 2356 1583 2387 medita-

116 2432 119 2436 .
168 2411 222 2441 tus
236 2405 369 2449 fugam)
383 2408 559 2440 consilium
577 2408 638 2440 dat
650 2409 776 2440 saniori
792 2408 897 2449 parti,
908 2408 958 2440 uti
976 2407 1146 2440 execratis
1163 2408 1299 2440 sedibus
1312 2408 1390 2440 huic
1404 2408 1479 2439 orbi
1493 2408 1581 2439 vale-

168 2458 300 2504 dicant,
317 2468 354 2494 et
368 2470 482 2494 secum
499 2462 654 2504 Elysium
671 2461 815 2493 navibus
832 2465 968 2503 petant.

241 2523 451 2567 ALTERA
469 2525 564 2580 jam
587 2527 740 2568 teritur
760 2526 889 2567 bellis
910 2526 1117 2567 civilibus
1138 2529 1261 2574 aetas,

295 2591 399 2634 Suis
420 2598 466 2635 et
484 2593 587 2647 ipsa
608 2592 754 2634 Roma
778 2593 947 2634 viribus
969 2592 1082 2632 ruit:

173 2682 314 2717 Secunda
327 2686 396 2725 jam
409 2691 487 2720 oetas
500 2689 676 2721 absumitur
690 2688 778 2720 bellis
793 2686 948 2718 civilibus.
995 2686 1040 2718 Ει
1059 2686 1190 2718 Romam
1208 2687 1338 2728 propria
1352 2686 1507 2728 disperdit
1524 2696 1580 2728 po-

730 2771 971 2785 000000100‘000

173 2819 251 2852 Ode
274 2820 407 2854 decima
433 2825 533 2857 tertia
554 2827 589 2858 in
612 2828 676 2860 Ed.
699 2827 889 2861 Sanad.-1
914 2827 1025 2859 Altera
1051 2826 1120 2865 jum
1142 2825 1229 2858 bellis
1250 2825 1366 2858 terum
1389 2823 1578 2867 Cuning.-
