1890 3256
299 259 408 304 1018
762 275 807 312 Q·
835 272 1037 304 HORATH
1072 269 1241 301 tenAccr

297 363 366 404 Ex
385 368 646 404 testamento
668 365 732 404 sic
753 366 818 402 est
837 363 976 410 elata;
1007 361 1196 401 cadaver
1651 363 1707 405 85

296 429 487 470 Unctum
507 430 604 470 oleo
623 430 742 479 largo
761 426 891 466 nudis
910 424 1098 466 humeris
1118 427 1215 467 tulit
1234 426 1372 467 haeres
1389 437 1400 477 ;

298 495 471 536 Scilicet
491 495 605 535 elabi
626 495 662 533 si
681 495 831 544 posset
849 496 1014 532 mortua
1031 504 1041 532 z
1073 491 1218 541 credo,
1238 524 1245 531 .

298 560 430 610 Quod
445 560 622 599 nimium
641 558 850 597 institerat
868 557 1042 598 viventi.
1102 556 1267 597 Cautus
1287 556 1431 598 adito:

297 625 400 666 Neu
421 625 536 664 desis
556 635 714 675 operae,
733 634 837 662 neve
857 622 1160 663 immoderatus
1181 622 1387 664 abundes.

298 689 529 731 Difficilem
548 693 592 728 et
611 700 829 728 morosum
851 687 1036 728 offendet
1053 688 1269 739 garrulus:
1300 687 1414 727 ultra
1653 687 1710 727 90

298 755 401 796 Non
421 754 551 794 etiam
571 751 716 793 sileas.
775 753 929 793 Davus
951 753 1011 792 sis
1031 754 1240 801 comicus,
1263 757 1393 805 atque

298 821 397 859 Stes
416 819 557 871 capite
579 818 770 870 obstipo,
790 818 966 857 multum
985 818 1138 858 similis
1157 819 1377 859 metuenti.

299 884 518 936 Obsequio
537 894 730 935 grassare
748 897 758 922 ε
788 895 930 932 mone,
946 883 985 922 si
1004 883 1236 923 increbruit
1256 895 1375 931 aura,

298 949 462 989 Cautus
480 950 546 988 uti
568 949 679 989 velet
698 960 843 988 carum
864 952 1021 1000 caput:
1052 947 1230 988 extrahe
1246 949 1385 996 turba,

298 1014 528 1066 Oppositis
545 1013 731 1053 humeris
750 1027 759 1054 ε
789 1026 933 1053 aurem
955 1013 1197 1063 substringe
1215 1013 1403 1064 loquaci.
1654 1011 1711 1051 95

299 1079 576 1131 Importunus
596 1083 715 1118 amat
731 1078 897 1118 laudari
911 1079 930 1117 ‘l
961 1077 1095 1117 donec
1116 1077 1232 1117 Ohe!
1256 1077 1350 1129 jam

298 1142 369 1183 Ad
390 1142 550 1183 coelum
569 1143 770 1183 manibus
791 1142 988 1190 sublatis,
1009 1141 1182 1190 dixerit,
1202 1153 1328 1194 urge3
1359 1145 1405 1181 et

300 1207 574 1248 Crescentem
595 1208 770 1248 tumidis
791 1206 892 1247 infla
912 1207 1183 1247 sermonibus
1203 1210 1357 1246 utrem.

303 1322 419 1353 Thebas
434 1323 535 1352 vetula
547 1323 686 1360 quaedam
700 1321 849 1352 malitiosa
864 1322 904 1352 ad
918 1322 1086 1360 sepulcrum
1099 1321 1142 1350 sic
1156 1321 1236 1350 elata
1250 1323 1295 1351 est
1310 1329 1349 1350 ex
1370 1321 1559 1350 testamento.
1603 1317 1715 1349 Hoeres

299 1363 390 1393 nudis
404 1363 536 1392 humeris
548 1363 681 1400 portavit
695 1364 822 1393 cadaver
836 1363 897 1392 oleo
911 1363 1005 1392 multo
1024 1362 1188 1400 per-susum.
1223 1362 1338 1399 Nempe
1351 1361 1380 1390 si
1392 1363 1492 1400 posset
1507 1362 1625 1390 mortua
1637 1359 1715 1399 effa-

297 1413 380 1442 gere.
426 1403 520 1441 Quia,
536 1407 569 1433 ut
593 1404 710 1442 opinor,
725 1403 830 1433 nimiis
843 1403 950 1443 officiis
971 1403 1070 1432 ciram
1087 1405 1263 1441 prosecutus
1276 1401 1395 1438 suerat.
1439 1401 1576 1431 Callidus
1589 1401 1714 1431 accede.-

300 1454 354 1475 nec
367 1445 462 1475 labori
481 1454 591 1483 parce;
613 1454 667 1475 nec
680 1445 748 1483 plus
761 1453 844 1483 aequo
859 1453 944 1482 urge.
992 1443 1136 1474 Verbosus
1150 1441 1319 1481 displicebit
1333 1450 1447 1472 moroso
1462 1445 1491 1472 et
1505 1441 1633 1482 difficili.
1663 1441 1714 1471 Ne

300 1495 371 1516 vero
386 1489 491 1525 sponte
505 1489 616 1516 taceas.
659 1486 736 1515 Esto
752 1485 860 1515 Davus
873 1485 1001 1515 comicus
1011 1494 1021 1514 .-
1040 1494 1183 1523 permane
1197 1482 1313 1522 inflexo
1327 1484 1437 1522 capite,
1451 1483 1535 1513 vahle
1549 1482 1661 1513 similis
1675 1482 1714 1512 ei-

300 1528 395 1557 mentz'
404 1537 414 1556 .·
435 1537 490 1565 per
504 1527 601 1566 officia
615 1526 724 1565 irrepe.
759 1526 795 1556 Si
807 1529 914 1556 ventus
927 1525 1027 1555 acrior
1042 1526 1178 1564 ingruat,
1193 1526 1319 1555 admone
1333 1527 1368 1554 nt
1380 1533 1484 1554 carum
1497 1526 1586 1563 caput
1599 1523 1716 1563 operiat

300 1567 477 1606 diligenter.
521 1567 661 1602 Defende
674 1577 692 1596 a
708 1567 796 1596 turba
807 1566 931 1603 objecns
944 1566 1093 1596 humeris:
1116 1575 1217 1596 aurem
1238 1565 1426 1595 accommoda
1445 1565 1583 1604 garrulo.
1628 1563 1719 1598 Quod

300 1609 330 1638 si
340 1609 509 1648 plusculum
524 1607 644 1638 laudari
665 1611 760 1644 amat,
783 1607 878 1644 insta,
903 1610 993 1646 atque
1013 1606 1156 1646 inflatmn
1177 1611 1279 1637 utrem
1299 1606 1387 1645 imple
1408 1606 1506 1636 verbis
1525 1604 1719 1641 adulatoriis,

301 1650 393 1681 donec
407 1650 496 1680 elatis
510 1658 630 1679 sursum
650 1648 787 1679 manibus
810 1648 911 1678 dicat:
935 1647 1034 1687 Heu-⁴1,
1051 1648 1130 1678 sati-3
1149 1651 1207 1679 est.
1250 1647 1377 1682 Quando
1399 1655 1467 1678 tero
1489 1649 1519 1677 ee
1543 1645 1719 1676 liberaverit

897 1727 1127 1740 eeeeeeeeeeee

302 1794 600 1826 exterrebitur.—87
618 1793 713 1824 Harl.
725 1796 756 1825 6.
773 1798 808 1824 et
823 1793 900 1824 Vet.
916 1793 1031 1824 Comb.
1053 1794 1098 1824 sic
1111 1794 1305 1832 possea—90
1322 1791 1332 1809 ‘
1343 1789 1515 1822 Bentleius
1531 1798 1572 1820 ex
1587 1787 1718 1831 conjec-

303 1841 379 1868 tura
395 1845 454 1866 sna
470 1834 595 1866 frustra
611 1836 762 1874 reposuit
777 1834 912 1875 offendes
938 1844 997 1874 pro
1017 1833 1170 1874 offendet!
1192 1834 1293 1863 Baxt.
1334 1831 1461 1872 offendit
1476 1829 1649 1862 Leidensis
1663 1837 1718 1870 ap.

302 1877 508 1907 Bentleinm.
549 1877 691 1914 garrulus
716 1877 798 1906 ultro
823 1876 944 1905 Vener.
968 1875 1128 1905 Glarean.
1156 1874 1270 1904 Lamb.
1298 1877 1333 1903 et
1355 1872 1542 1903 Bentleius.
1587 1870 1718 1910 Optimi

304 1917 400 1948 codd.
417 1917 555 1957 Cruquii
571 1921 606 1946 et
628 1917 776 1946 nonnulli
793 1925 844 1954 ap.
861 1916 1056 1946 Lambinum
1071 1916 1244 1946 ultra—93
1269 1913 1375 1945 Codd.
1390 1913 1539 1952 Cruqnii‚
1555 1912 1720 1949 Lambini,

303 1959 400 1990 Harl.
415 1961 444 1989 3.
457 1960 489 1988 4.
526 1957 664 1988 Mediol.
693 1958 735 1987 al.
762 1961 843 1986 vett.
866 1957 1042 1987 increbruit.
1085 1957 1180 1987 Harl.
1196 1959 1228 1986 2.
1246 1958 1277 1986 6.
1301 1955 1357 1985 alii
1382 1963 1436 1994 ap.
1461 1954 1561 1993 Crnq.
1584 1957 1618 1983 et
1639 1953 1719 1983 Vet.

304 2000 422 2032 Comb.
443 1999 604 2039 increpuit.
649 1999 689 2029 In
713 1998 909 2039 quibusdam
934 2003 1016 2029 vett.
1047 1997 1294 2028 increbuit.·-9⁷
1315 1995 1456 2028 Harl-2.
1469 1997 1500 2025 3.
1515 1997 1548 2026 4.
1562 1997 1595 2026 6.
1617 1994 1721 2025 multo

941 2091 1078 2123 NOTAE

305 2154 454 2187 conditio
467 2158 553 2192 erat,
576 2158 611 2184 nt
626 2153 654 2185 si
671 2154 816 2194 portanti
832 2153 987 2192 cadaver,
1039 2152 1144 2193 qualis
1160 2153 1276 2183 Davus
1297 2150 1457 2189 comicus,
1481 2148 1537 2189 qui
1552 2148 1668 2180 timide
1684 2152 1720 2180 et

305 2209 440 2245 portans
455 2203 651 2234 iiaereditate
666 2203 853 2234 excideret.
1038 2200 1223 2231 verecunde
1238 2208 1368 2239 semper
1383 2199 1498 2230 herum
1514 2198 1705 2238 alloquitur.

348 2252 470 2292 Thebis]
494 2252 570 2283 Non
586 2261 651 2282 una
667 2257 716 2281 est
733 2252 829 2291 hujus
845 2251 986 2282 nominis
1079 2251 1120 2280 92
1144 2248 1254 2288 Capite
1272 2246 1404 2286 obstipo]
1431 2247 1471 2277 In
1497 2247 1639 2278 alterum
1660 2247 1720 2277 lin·

305 2302 434 2332 civitas.
470 2299 547 2331 Alia
561 2305 662 2340 caput
677 2300 865 2339 Thebaidis,
878 2301 987 2339 Heca·
1039 2307 1164 2330 merum
1193 2297 1347 2328 inclinato
1374 2300 1409 2326 et
1436 2296 1593 2326 immoto:
1627 2295 1717 2336 quod

304 2352 472 2390 imnpylos
487 2349 589 2389 dicta,
605 2350 636 2380 in
653 2349 810 2389 AEgypto‚
826 2349 905 2379 hod.
924 2350 987 2379 Mi.
1039 2348 1199 2378 hominem
1216 2348 1309 2375 notat
1324 2343 1520 2382 modestum,
1535 2343 1718 2383 subditum,

306 2401 367 2431 nio.
396 2408 505 2438 neque
531 2398 574 2428 de
602 2398 663 2428 linc
688 2398 816 2428 mentio
843 2402 896 2428 est
922 2398 987 2428 liic.
1039 2402 1074 2428 et
1089 2394 1222 2435 obsequi
1239 2392 1494 2433 paratissimum.

306 2447 383 2478 Alia
397 2447 429 2477 in
447 2446 591 2486 Boeotia,
610 2445 709 2476 lindie
725 2445 841 2484 Scit-es,
857 2446 987 2485 Hepta-
1081 2449 1120 2476 9⁵
1143 2444 1256 2476 Aurem
1282 2441 1458 2479 substringe
1485 2440 1616 2480 loquaci]
1651 2441 1718 2472 Ac-

307 2496 403 2536 pylos
423 2495 664 2535 cognominata,
687 2495 794 2534 patria
818 2494 988 2533 Herculis,
1040 2495 1138 2534 cinge
1163 2498 1196 2524 te
1219 2492 1260 2523 ad
1287 2491 1470 2521 audiendas
1493 2499 1719 2530 qiiascumque

305 2545 443 2582 Bacchi,
459 2544 607 2583 Pindari,
623 2543 878 2584 Epaminondae,
897 2544 988 2574 Tire·
1041 2544 1112 2582 ejus
1128 2539 1330 2572 narrationes
1345 2538 1498 2568 molestus
1513 2537 1590 2568 licet
1603 2542 1638 2568 et
1651 2547 1723 2578 gm-

307 2594 366 2624 siae
381 2594 480 2630 vatis,
494 2595 557 2623 &c.
1042 2602 1097 2623 ves
1113 2602 1121 2622 ι
1137 2598 1242 2630 apage
1257 2589 1311 2629 qui
1329 2587 1584 2626 interpretatur,
1597 2586 1720 2618 Adula-

350 2644 392 2672 90
419 2642 508 2672 Ultra
522 2642 593 2672 Non
610 2641 703 2672 etiam
717 2641 823 2681 sileas]
847 2642 900 2674 Ne
914 2650 989 2672 con·
1043 2640 1127 2672 toi-ie
1144 2637 1312 2678 prehende
1329 2635 1520 2667 auriculam.

310 2694 365 2722 tra
379 2690 476 2720 nimis
492 2691 693 2720 taciturnum
710 2695 744 2720 le
759 2690 928 2720 exhibeas.
1082 2690 1123 2718 ⁰8
1141 2689 1332 2717 Crescentem
1345 2684 1470 2715 tumidis
1487 2683 1564 2724 infla
1576 2684 1720 2715 sermoni-

351 2742 389 2771 ⁹1
413 2738 521 2770 Davus
546 2738 588 2768 sia
615 2739 759 2778 comicus]
793 2739 882 2769 Talis
907 2743 989 2778 esto,
1043 2721 1109 2775 hub]
1133 2735 1266 2766 Homini
1282 2742 1366 2765 vano
1381 2732 1622 2764 adulationibus
1642 2740 1720 2772 gau,
