1904 3256
349 279 434 321 802
812 295 856 330 Q.
889 291 1095 322 Ηοκᾼτιι
1128 290 1296 320 naam

349 381 487 432 Voce,
508 383 636 423 modo
657 383 752 430 hac,
784 385 954 421 resonat
974 394 1072 433 quae
1092 382 1265 423 chordis
1286 387 1473 436 quatuor
1493 384 1592 425 ima.

348 447 427 488 Nil
445 449 613 500 aequale
632 447 792 486 homini
811 446 891 486 fuit
911 446 975 486 illi
993 460 1003 487 :
1033 459 1150 500 saepe
1171 448 1288 489 velut
1306 450 1380 501 qui

349 512 558 553 Currebat
576 512 744 562 fugiens
766 510 960 561 hostem3
991 524 1187 565 persaepe
1209 514 1323 554 velut
1335 516 1407 567 qui

346 577 375 619 J
379 578 530 617 unonis
550 587 674 615 sacra
693 575 822 616 ferret
839 589 850 626 ;
879 576 1070 618 habebat
1090 591 1209 631 saepe
1227 578 1450 628 ducentos,

1702 518 1758 559 10

337 693 405 730 jam
417 692 520 734 infima
530 701 596 731 quae
610 695 731 723 resonat
746 692 898 734 infidibus
905 688 1043 732 quatuor.
1066 694 1104 724 In
1113 694 1165 725 ino
1175 695 1290 727 homine
1303 697 1381 728 nihil
1392 698 1490 728 simite
1503 701 1589 729 erae:
1603 699 1656 738 qui
1662 698 1758 730 iater-

344 735 417 763 dum
431 733 570 763 currebat
584 733 670 772 quasi
684 733 797 764 hostem
809 734 952 774 sugeret,
973 735 1051 766 alias
1069 737 1169 766 lentus
1189 737 1356 776 incedebat,
1372 741 1514 778 tunquam
1527 740 1659 771 Junonis
1670 749 1759 770 sacra

341 777 492 813 portaret.
516 774 689 813 Aliquando
696 774 830 812 famulos
844 775 971 806 habebat
986 777 1138 817 ducentos,
1153 779 1262 818 saepr'us
1274 780 1385 810 decem.
1409 780 1500 811 Nunc
1507 781 1659 819 jactitans
1672 789 1759 820 reges

932 868 1166 882 ‘‘‘‘‘‘‘‘

344 932 479 959 nantem
495 931 624 959 tantum
642 934 802 969 ponentes
818 940 892 960 cum
917 931 1013 970 apice
1030 941 1173 972 superne
1198 933 1355 973 ascripto.
1399 935 1488 975 Ergo
1503 943 1597 974 usque
1617 935 1658 965 aa
1676 935 1758 966 mala

343 971 438 1000 itaret
455 969 589 1000 tandem
611 976 663 1000 est
686 971 830 1009 lectum;
855 972 950 1011 apice
967 973 1023 1003 illo
1045 982 1113 1013 prae
1135 979 1302 1005 vetustate
1317 975 1459 1006 evanido
1482 980 1517 1006 et
1539 976 1653 1006 oculos
1673 974 1759 1015 fugi·

343 1016 434 1042 ente.
479 1011 576 1043 Quod
594 1020 668 1042 cum
693 1013 847 1042 adversus
869 1014 966 1043 metri
990 1015 1081 1054 leges
1098 1021 1265 1055 peccaret,
1287 1016 1486 1047 laudabilem
1503 1026 1639 1056 operam
1653 1025 1689 1047 se
1705 1026 1759 1047 na-

343 1061 435 1083 vasse
451 1051 607 1088 credidit,
623 1053 679 1092 qui
702 1053 829 1092 primus
853 1054 895 1084 ad
918 1064 1046 1085 versum
1071 1054 1272 1087 fulciendum
1295 1059 1405 1088 citaret
1420 1058 1578 1097 reposuit.
1620 1058 1758 1097 Postea,
1805 1072 1807 1074 v

343 1093 398 1124 ubi
416 1094 582 1123 veterrimi
594 1093 716 1124 codicis
733 1095 927 1133 Reginensis
941 1097 1038 1135 copia
1053 1097 1132 1126 mibi
1143 1098 1415 1136 contigit‚citaret
1430 1099 1563 1139 quidem
1574 1098 1620 1129 ibi
1631 1098 1757 1137 inveni,

343 1134 401 1165 sed
416 1135 462 1165 ita
479 1140 514 1164 nt
533 1140 599 1166 tres
617 1135 744 1175 priores
759 1137 865 1166 literae
881 1136 924 1166 cit
941 1137 1004 1167 alia
1020 1146 1120 1168 manu
1135 1139 1269 1178 scriptae
1283 1140 1350 1170 sint
1364 1150 1372 1176 ;
1395 1144 1430 1170 et
1445 1149 1485 1170 ex
1499 1139 1610 1178 spatio
1625 1144 1760 1171 constet

342 1180 485 1216 quatuor
499 1176 612 1207 literas
627 1186 738 1206 erasas
754 1175 867 1212 fuisse,
885 1186 959 1216 qnae
978 1178 1031 1208 vix
1047 1179 1120 1210 aliae
1136 1188 1232 1219 quam
1250 1180 1310 1210 iter
1324 1189 1398 1210 esse
1414 1184 1603 1219 potuerunt.
1645 1179 1759 1220 Atque

342 1217 375 1247 id
393 1217 525 1257 quidem
543 1218 654 1248 multis
670 1218 812 1258 ostendi,
827 1227 966 1258 quorum
990 1228 1086 1250 nemo
1102 1219 1284 1258 dubitavit,
1299 1221 1389 1261 quin,
1404 1224 1442 1252 ut
1462 1225 1542 1251 ante
1556 1221 1662 1251 visum
1682 1229 1758 1252 eum

342 1258 491 1289 codicem
505 1267 729 1298 correxeram,
744 1268 763 1288 a
776 1260 881 1298 prima
897 1269 994 1290 manu
1009 1260 1136 1291 iteraret
1149 1260 1252 1292 fuerit
1265 1262 1438 1302 scriptum.
1481 1261 1616 1301 Quippe
1629 1261 1691 1292 hoc
1703 1270 1758 1292 vo-

342 1299 496 1330 cabulum
509 1299 592 1330 adeo
607 1304 698 1339 apte,
713 1301 887 1340 concinne,
898 1305 932 1331 et
942 1303 1032 1342 quasi
1045 1303 1086 1332 ad
1101 1303 1253 1334 amussim
1267 1303 1445 1334 senteutiae
1461 1310 1496 1334 et
1512 1303 1622 1333 verbis
1637 1311 1758 1333 conve-

342 1341 405 1378 nit,
419 1345 455 1372 ut
470 1341 541 1372 sine
557 1341 654 1371 ullius
670 1341 796 1371 codicis
817 1343 1018 1373 auctoritate
1035 1344 1155 1374 merito
1169 1343 1259 1374 foret
1283 1344 1524 1383 recipiendum.
1572 1344 1616 1374 Ut
1633 1342 1671 1374 ab
1694 1352 1760 1382 ovo,

342 1381 462 1421 inquit,
487 1383 526 1412 ad
545 1383 624 1412 mala
642 1382 782 1420 iteraret,
797 1382 832 1412 Ιο
845 1383 986 1414 Bacche.-
1008 1384 1070 1414 hoc
1089 1389 1151 1422 est,
1164 1385 1275 1415 iterum
1285 1385 1452 1424 iterumque
1465 1387 1604 1415 cantaret
1615 1394 1627 1415 .-
1648 1393 1758 1423 neque

341 1423 428 1452 enim
457 1431 516 1462 per
541 1427 645 1453 totam
669 1432 796 1453 coenam
822 1424 972 1462 protrahi
1001 1425 1110 1463 potuit
1133 1435 1196 1455 una
1210 1426 1390 1463 cantilena,
1413 1426 1475 1455 nisi
1491 1433 1584 1464 soepe
1599 1425 1758 1464 repetita.

342 1463 471 1494 Noster
494 1472 533 1494 n.
551 1463 618 1495 Od.
634 1466 682 1494 19.
697 1467 747 1494 10.
762 1469 799 1494 et
815 1474 887 1504 sqq.
910 1465 1045 1495 Phaedr.
1060 1474 1093 1496 v.
1108 1469 1138 1497 7.
1153 1468 1205 1497 31.
1228 1465 1330 1505 Apul.
1347 1467 1432 1498 Met.
1449 1475 1500 1497 11.
1520 1467 1531 1482 ⁴
1543 1465 1686 1496 Carmen
1703 1474 1757 1495 ve-

341 1510 472 1536 nustum
497 1504 682 1536 iterantes!
722 1505 850 1543 Sulpic.
865 1506 944 1536 Sev.
959 1506 1067 1544 Epist.
1083 1515 1122 1536 ιι.
1144 1507 1256 1538 Plaut.
1273 1507 1382 1538 Casin.
1397 1516 1429 1539 v.
1443 1510 1476 1538 2.
1498 1508 1596 1538 Lucr.
1611 1515 1664 1537 xv.
1682 1509 1757 1537 580.

343 1546 468 1576 Noster
483 1555 507 1576 1.
523 1547 629 1585 Epist.
646 1545 689 1576 33
706 1546 810 1576 Beata.
854 1546 890 1575 Io
905 1547 1037 1577 Baccha·
1050 1548 1194 1579 Turneb.
1211 1557 1292 1579 xm.
1308 1551 1336 1578 1.
1352 1553 1386 1579 et
1402 1549 1450 1578 ita
1465 1548 1603 1579 Mediol.
1622 1549 1757 1578 14⁷⁷.—

341 1588 361 1615 8
384 1586 542 1617 Glarean.
558 1593 591 1617 et
607 1587 718 1616 multa:
731 1587 807 1617 edd.
819 1591 902 1617 vett.
919 1593 996 1618 ante
1011 1589 1125 1618 Lamb.
1141 1598 1295 1620 resonans.
1324 1589 1396 1619 Nec
1412 1589 1544 1626 desunt,
1557 1587 1665 1628 inquit
1674 1587 1757 1618 Tor-

343 1632 427 1657 rent.
443 1629 498 1667 qui
515 1630 655 1657 resonent
669 1627 733 1665 legi
751 1627 866 1664 velint,
881 1637 945 1667 quo
961 1637 1059 1658 sensu
1077 1629 1202 1660 neseio.
1249 1629 1350 1660 Multi
1371 1630 1469 1660 codd.
1485 1629 1587 1659 etiam
1601 1637 1757 1659 resonans.

342 1668 456 1698 Lamb.
472 1671 591 1698 resonat
605 1667 727 1698 chorais
737 1677 803 1706 qua·
814 1671 1029 1706 walnen—9-
1040 1669 1182 1701 Chabot.
1197 1670 1292 1700 animi
1307 1670 1376 1706 fuit
1387 1670 1530 1700 int—lo
1553 1669 1733 1700 Lambinus
1746 1679 1755 1699 ε

337 1718 469 1748 perroepe
481 1709 560 1740 velut
571 1708 693 1739 ,κζ-11
712 1713 721 1726 ‘
735 1709 916 1739 Vossianus
931 1711 1048 1746 codex,
1060 1711 1152 1751 cujus
1168 1713 1336 1742 variantes
1353 1711 1514 1742 lectiones
1529 1711 1633 1742 serius
1646 1709 1688 1741 ad
1702 1718 1757 1740 me

981 1802 1119 1834 NO'rAE

340 1874 388 1905 sic
416 1873 590 1912 incipiens,
613 1873 648 1902 Io
676 1873 817 1904 Bacche.-
849 1874 902 1903 vel
929 1874 1021 1913 cujus

341 1923 402 1953 hoc
415 1926 502 1952 esset
518 1921 672 1960 epodiuu·
682 1921 834 1960 rhythmi,
843 1922 1023 1952 versiculus

340 1972 558 2010 intercalaris,
588 1971 783 2007 recantatio‚
811 1971 898 2002 Gall.
926 1972 954 2000 le
974 1981 1021 2001 re·

332 2021 434 2059 frain,
453 2021 483 2050 la
511 2020 636 2059 φορῆες.
681 2019 798 2059 Apage
827 2019 883 2059 qni
906 2020 1023 2058 legunt

341 2071 378 2101 Io
394 2069 536 2103 Bacchae,
562 2068 594 2098 id
621 2071 685 2106 est,
708 2067 931 2098 Bacchantes.
973 2068 1022 2098 Te

341 2127 432 2157 vero,
448 2118 565 2154 lector,
579 2125 621 2146 ne
631 2120 763 2147 moveat
776 2116 883 2147 brevis
897 2116 1023 2155 syllaba

342 2167 374 2197 in
391 2176 484 2202 voce,
499 2165 639 2201 Bacche,⁴
661 2165 694 2195 id
719 2165 805 2195 enim
832 2169 866 2195 et
887 2165 1022 2195 concin-

342 2223 418 2245 num
434 2220 468 2245 et
480 2215 624 2253 elegans,
640 2222 712 2244 cum
734 2213 806 2254 ipqa
821 2212 962 2243 formula
977 2213 1022 2243 ci·

342 2267 446 2294 tatur.

384 2312 510 2343 Summa
536 2310 628 2350 Voce]
652 2309 867 2341 Acutissima.
890 2310 980 2342 Gall.
995 2311 1023 2340 le

341 2362 456 2392 denaus.

385 2413 405 2441 8
430 2410 562 2440 Resonat
578 2418 645 2448 qm
661 2408 781 2439 chordis
794 2405 937 2447 quatuor]
969 2407 1022 2437 Ti-

345 2459 459 2501 gellius
483 2465 566 2488 voce
590 2457 716 2496 pariter
735 2460 773 2487 et
791 2455 910 2486 fidibus
925 2464 1021 2486 cane-

344 2509 413 2548 bat,
431 2505 643 2538 tetrachordo
658 2505 799 2544 scilicet,
823 2514 881 2535 seu
903 2505 1022 2543 instru-

345 2561 458 2588 mento
494 2556 620 2586 musico
650 2559 791 2595 quatuor
818 2554 1024 2591 chordarum,

344 2606 444 2636 modo
474 2613 644 2644 supremas
671 2604 769 2634 modo
794 2602 921 2634 infimas
951 2607 1023 2634 tan-

346 2663 427 2693 gens
444 2658 567 2692 partes,
587 2653 661 2684 voci
684 2662 771 2683 nunc
786 2661 920 2683 summas
935 2659 1023 2681 nunc

345 2702 419 2732 imae
435 2702 706 2739 accommodans;
729 2701 780 2731 vel
794 2708 936 2731 summos
951 2698 1024 2729 imis

347 2749 497 2781 modulos
514 2759 554 2780 ac
574 2759 726 2780 numeros
742 2758 783 2780 ex
799 2752 870 2780 arte
885 2747 1024 2779 miscens

1075 1879 1176 1914 atque
1193 1879 1432 1914 attemperans.

1119 1922 1202 1961 lma]
1224 1923 1438 1953 Gravissima.
1454 1923 1541 1954 Gall.
1555 1923 1585 1953 la
1599 1923 1694 1954 basse.

1115 1973 1136 2000 9
1160 1971 1250 2001 Nihil
1263 1972 1378 2010 aequale
1391 1971 1579 2007 hominism't
1592 1971 1657 2010 illi]
1693 1971 1756 2002 Ine

1074 2018 1171 2048 homo
1186 2018 1319 2049 sibimet
1342 2019 1464 2059 passim
1485 2018 1654 2050 dissimilis
1671 2023 1757 2059 erat,

1076 2067 1195 2105 varius,
1211 2068 1411 2098 inconstans.

1116 2115 1203 2156 Sa’pe
1225 2116 1386 2155 Cur-rebat,
1403 2116 1472 2156 εμπ]
1492 2116 1628 2149 Sallust.
1643 2116 1676 2148 in
1692 2117 1758 2149 Ca-

1075 2164 1159 2194 tilin.
1185 2169 1194 2201 f
1207 2165 1302 2196 Citus
1325 2164 1434 2203 modo,
1457 2165 1554 2195 modo
1573 2165 1688 2195 tardus
1705 2165 1754 2195 in-

1073 2221 1186 2242 cessus
1215 2213 1312 2243 erat.’
1356 2213 1427 2245 Cic.
1454 2211 1553 2244 Offic.
1579 2221 1604 2243 ι.
1627 2221 1659 2242 n.
1682 2214 1754 2243 1⁸1.

1074 2266 1084 2279 ‘
1101 2260 1293 2292 Cavendum
1318 2266 1369 2291 est
1395 2264 1504 2291 autem
1524 2269 1565 2290 ne
1580 2264 1638 2290 aut
1653 2259 1756 2290 tardi-

1074 2310 1199 2340 tatibus
1215 2314 1345 2340 ntamur
1357 2310 1389 2338 in
1406 2317 1520 2348 gressu
1538 2308 1754 2346 mollioribus,

1075 2363 1112 2388 ut
1141 2366 1332 2397 pomparum
1367 2355 1500 2386 ferculis
1533 2356 1657 2386 similes
1683 2364 1754 2387 ense

1075 2407 1264 2437 videamur:
1281 2404 1383 2435 autin
1402 2402 1669 2435 festinationibus
1685 2413 1755 2435 sus-

1074 2455 1234 2494 cipiamus
1245 2453 1359 2483 nimias
1371 2452 1560 2483 celeritates
1571 2464 1581 2491 3
1596 2462 1670 2492 qnae
1679 2462 1754 2484 cum

1072 2502 1170 2539 fiunt,
1184 2501 1346 2532 anhelitus
1361 2504 1549 2539 moventur,
1565 2501 1674 2532 vultus
1684 2510 1755 2532 mu-

1076 2554 1198 2589 tantur,
1223 2559 1280 2580 ora
1309 2553 1532 2589 torquentur:
1563 2557 1606 2579 ex
1635 2549 1754 2590 quibua

1077 2609 1194 2639 magna
1219 2598 1415 2638 significatio
1452 2599 1508 2636 sit,
1540 2607 1607 2629 non
1637 2598 1753 2630 adesse

1076 2646 1317 2680 constantiam!
1370 2646 1455 2677 Vide
1491 2647 1610 2678 Senec.
1643 2646 1752 2687 Epist.

1076 2705 1170 2729 ¹111.

1119 2748 1159 2777 10
1186 2746 1273 2777 Velut
1299 2746 1351 2785 qui
1375 2744 1508 2776 Junonis
1533 2754 1620 2776 sacra
1637 2744 1753 2784 ferret]
