1930 3242
343 278 426 319 920
809 291 851 327 Q.
883 288 1083 318 noRArn
1118 286 1287 316 πωπω

346 378 530 431 Imperet
548 379 629 420 hoc
649 383 800 420 natura
819 382 998 429 potens:
1028 377 1091 417 sic
1107 377 1257 430 collige
1276 391 1440 419 mecum
1457 392 1468 418 :

349 443 483 485 Dente
501 445 641 497 lupus,
661 455 790 484 comu
811 446 956 481 taurus
975 442 1109 494 petit;
1138 443 1263 493 unde,
1283 444 1365 483 nisi
1385 443 1494 483 intus

346 508 664 550 Monstratum?
723 508 890 547 Scaevae
912 507 1104 548 vivacem
1125 509 1249 549 crede
1264 510 1413 563 nepoti

347 575 525 614 Matrem
543 587 553 614 :
583 573 640 612 nil
659 571 791 613 faciet
810 572 986 613 sceleris
1004 574 1079 626 pia
1097 574 1273 616 dextera
1290 575 1462 629 (mirum
1475 575 1494 613 'i

346 638 408 679 Ut
425 651 561 690 neque
580 638 698 678 calce
717 637 846 690 lupus
863 651 1122 692 quenquam,
1135 652 1274 693 neque
1293 641 1417 681 dente
1431 639 1538 693 petit
1555 635 1671 691 bos),
1689 638 1747 678 55

345 703 434 744 Sed
453 703 568 743 mala
584 703 704 743 tollet
721 714 847 743 anum
867 703 1016 744 vitiato
1035 704 1159 745 melle
1177 705 1331 746 cicuta.

347 768 415 809 Ne
434 769 607 820 longum
625 768 778 809 faciam
793 782 804 819 ;
834 781 910 810 seu
925 782 992 810 me
1003 771 1239 823 -tranquilla
1257 773 1453 811 senectus

346 834 576 886 Expectat,
597 846 672 874 seu
692 846 807 874 mors
826 835 928 874 atris
947 835 1229 876 circumvolat
1247 836 1354 886 alis3

346 898 498 948 Dives,
519 899 669 951 inops;
698 899 867 949 Romae,
885 912 962 940 seu
982 901 1069 941 fors
1087 901 1150 941 ita
1161 900 1357 954 jusserit,
1378 900 1504 950 exul;

345 963 556 1016 Quisquis
573 965 653 1005 erit
671 965 786 1016 vitae,
806 965 1004 1014 scribam,
1023 966 1149 1006 color.
1206 965 1241 1013 ἹῙ
1264 966 1302 1005 O
1324 979 1442 1018 puer,
1462 969 1510 1005 ut
1529 965 1590 1005 sis
1691 963 1747 1003 60

343 1083 397 1113 hoc
410 1083 533 1113 suadeat
545 1084 656 1112 natura
670 1081 812 1120 maxime,
821 1081 866 1111 ita
879 1090 991 1111 mecum
1006 1081 1154 1121 intellige.
1196 1081 1303 1121 Lupus
1315 1084 1416 1121 dente,
1431 1086 1536 1113 taurus
1550 1092 1642 1113 cornu
1656 1083 1746 1122 impe-

343 1125 394 1154 tit.
442 1124 528 1154 Unde
542 1123 608 1159 hoc,
623 1122 650 1153 si
663 1132 722 1153 non
736 1123 818 1152 intus
831 1125 1036 1161 suggeratur?
1057 1121 1170 1152 Scoevoe
1186 1124 1340 1153 luxurioso
1350 1125 1502 1154 committe
1514 1127 1670 1163 parentem
1684 1120 1749 1154 lon-

340 1175 477 1203 goevam:
497 1165 581 1195 illim
604 1165 678 1194 bona
697 1173 803 1194 manus
826 1163 906 1194 haud
927 1162 1062 1202 patrabit
1076 1164 1170 1194 ullum
1189 1164 1314 1203 crimen,
1334 1165 1520 1204 (mirandum
1545 1165 1660 1195 scilicet
1673 1176 1683 1195 :
1703 1165 1750 1196 ita

342 1216 396 1237 nec
416 1205 541 1245 pedibus
561 1206 723 1245 lupus,nec
745 1201 884 1235 dentibus}
902 1208 1008 1236 taurus
1023 1205 1117 1235 ullum
1138 1205 1257 1244 impetit
1271 1205 1298 1245 .·)
1318 1207 1372 1236 sed
1393 1206 1526 1246 improba
1550 1206 1648 1237 cicuta
1662 1207 1750 1238 meuc

343 1248 480 1278 admixto
494 1247 624 1278 vetulam
637 1246 809 1287 interficiet.
854 1246 904 1276 Ne
923 1246 977 1276 diu
1000 1255 1109 1281 morer,
1134 1247 1199 1276 sive
1223 1246 1326 1286 quieta
1348 1250 1484 1279 senectus
1499 1247 1576 1278 mihi
1594 1247 1666 1286 erit,
1686 1247 1751 1278 sive

343 1299 423 1319 mors
446 1289 546 1327 nigris
573 1290 630 1319 alis
655 1289 738 1319 circu
762 1297 808 1318 me
833 1289 935 1323 τοῑαές
966 1297 1016 1317 seu
1040 1287 1134 1327 dives,
1155 1291 1209 1318 aut
1229 1298 1360 1327 pauper5
1391 1298 1442 1320 seu
1472 1289 1590 1328 Romoe,
1617 1298 1670 1320 eeu
1696 1298 1752 1319 ex-

344 1331 436 1361 torris
450 1330 565 1370 vixero,
580 1330 624 1360 sic
643 1330 759 1361 volente
772 1329 922 1367 fortuna5
944 1328 1121 1369 quicumque
1132 1328 1262 1365 futurus
1283 1333 1328 1361 est
1347 1330 1420 1361 vitae
1440 1333 1550 1370 status,
1570 1339 1625 1369 ego
1647 1338 1751 1362 verm

930 1420 1161 1434 0000001‘0000

343 1492 460 1525 petere
475 1486 594 1526 possis,
609 1495 673 1526 quo
688 1488 857 1525 receptam
873 1485 984 1517 Flacci
999 1485 1173 1517 lectionem
1183 1485 1261 1526 jure
1276 1484 1458 1516 defendas?
1474 1485 1660 1516 Bane-51
1685 1484 1750 1516 Im-

341 1527 453 1566 peritet
464 1530 575 1558 natura
590 1527 732 1566 Cuning.
746 1532 780 1557 et
794 1527 1000 1558 Sanam—54
1024 1527 1110 1558 Han.
1125 1530 1153 1558 1.
1167 1527 1316 1564 nilfaciet
1329 1527 1420 1557 caedis
1430 1526 1493 1566 pin.
1516 1529 1525 1544 ‘
1542 1527 1626 1557 Post
1639 1526 1751 1557 mirum

343 1568 473 1607 signum
490 1568 717 1606 interrogandi
740 1569 847 1607 posui,
869 1572 905 1599 ut
929 1577 1042 1598 sensus
1061 1573 1170 1599 esset:
1194 1569 1283 1599 Num
1305 1567 1366 1598 hoc
1389 1567 1570 1598 mirandum
1585 1568 1658 1598 est?
1679 1567 1752 1598 scil.

343 1610 428 1648 quod
445 1604 560 1639 S‘caeva
574 1613 712 1639 matrem
727 1607 815 1638 ferro
830 1618 895 1638 non
910 1609 1047 1639 occidit.
1091 1608 1260 1640 Abhorret
1274 1609 1335 1639 hoc
1351 1608 1392 1639 ab
1406 1609 1476 1648 ejus
1491 1609 1624 1648 ingenio
1637 1608 1699 1645 sic,
1714 1611 1753 1638 ut

344 1650 500 1680 abhorret
512 1660 531 1680 a
545 1655 664 1680 natura
678 1649 747 1688 lupi
761 1650 854 1680 calce
867 1649 1008 1688 penerel
1031 1650 1212 1680 Zeun.-——56
1235 1649 1342 1680 Codd.
1359 1650 1452 1680 Leid.
1468 1649 1604 1689 Regius,
1616 1653 1652 1679 et
1666 1648 1750 1688 Reg.

342 1691 419 1722 Soc.
434 1701 488 1730 ap.
503 1691 616 1721 Bentl.
631 1700 724 1729 neque
737 1691 827 1721 dente
839 1694 922 1730 petat
935 1691 998 1721 bos.
1042 1690 1214 1722 Bentleius
1228 1691 1318 1731 conj.
1334 1690 1382 1721 Ni
1395 1700 1487 1731 neque
1496 1701 1509 1726 ;
1533 1691 1584 1721 vel
1599 1689 1752 1730 sineque.

343 1735 426 1762 —56
448 1733 510 1764 Sed
523 1733 601 1763 male
613 1733 697 1762 tollet
713 1731 855 1770 Cuning.
870 1736 905 1762 et
916 1731 1123 1764 Sanad.—59
1138 1732 1234 1763 Harl.
1245 1735 1276 1764 2.
1291 1741 1345 1763 seu
1358 1742 1434 1763 sors.
1457 1734 1466 1749 ⁶
1480 1732 1624 1763 Omnino
1639 1731 1752 1770 legen*

344 1773 440 1804 dum:
466 1774 576 1810 Dives,
590 1774 688 1813 inops,
705 1773 823 1813 Romae,
837 1773 960 1813 (sisors
974 1774 1019 1804 ita
1026 1773 1173 1813 jusserit)
1186 1775 1266 1805 exul.
1309 1774 1424 1806 Lectio
1441 1773 1514 1805 haec
1529 1772 1663 1814 propria
1677 1773 1752 1802 luce

979 1867 1012 1897 N
1015 1866 1115 1898 01*AE

384 1930 425 1958 52
451 1928 554 1958 Dente
577 1928 677 1967 lupus,
697 1928 766 1967 esa]
790 1927 861 1958 Cic.
880 1927 923 1958 de
939 1927 1022 1959 Nat.

344 1978 386 2008 1).
402 1986 443 2008 n.
459 1986 490 2006 n.
507 1979 577 2006 12⁷.
601 1976 610 1992 ‘
625 1975 702 2007 Jam
718 1975 774 2006 illa
793 1975 969 2014 cernimu8‚
985 1980 1022 2006 ut

343 2031 460 2057 contra
486 2029 610 2056 metum
637 2029 671 2055 et
697 2025 761 2054 vim
783 2025 849 2054 suis
867 2034 903 2055 se
925 2025 1022 2054 armis

1075 1937 1224 1968 magnam
1240 1928 1460 1967 celeritatem,
1474 1927 1573 1959 robur
1587 1927 1751 1967 leonibus,

1074 1978 1176 2007 tauris
1202 1987 1338 2016 cornua,
1362 1977 1480 2016 apibus
1503 1977 1636 2007 aculeos
1662 1975 1752 2006 inna-

1075 2031 1144 2055 tum
1175 2030 1321 2056 tutamen
1344 2025 1448 2056 dedit.
1491 2023 1539 2055 At
1563 2023 1648 2055 ratio
1675 2033 1752 2064 pro-

343 2083 483 2115 quaeque
512 2073 683 2104 defendat.
734 2073 897 2104 Cornibus
922 2074 1022 2110 tauri,

344 2124 415 2163 apri
437 2122 606 2162 dentibus,
622 2131 730 2152 morsu
745 2121 870 2161 leones,
884 2122 956 2152 aliae
971 2122 1021 2152 fu-

343 2181 385 2211 ga
396 2181 444 2211 se,
453 2172 526 2202 aliae
537 2171 762 2202 occultatione
775 2171 948 2208 tutantur,'
957 2173 1020 2202 διο.

343 2221 478 2251 Lucret.
488 2220 544 2250 lib.
559 2229 593 2251 v.
608 2220 617 2236 ⁸
632 2220 743 2251 Sentit
755 2220 842 2250 enim
855 2220 918 2251 vim
932 2221 1019 2260 quis-

343 2278 408 2310 que
431 2278 535 2309 suam,
548 2278 613 2310 qua
633 2268 738 2309 possit
751 2270 853 2301 abuti.
889 2270 1022 2301 Cornua

343 2322 422 2348 nata
437 2318 529 2358 prius
544 2317 648 2348 vitulo
664 2326 761 2358 quam
782 2317 947 2348 frontibus
967 2327 1024 2348 ex·

344 2371 417 2398 tent
427 2360 446 2405 ;⁴
460 2367 532 2397 lllis
547 2367 650 2397 iratus
675 2366 773 2406 petit,
794 2370 894 2406 atque
918 2366 1024 2396 insen-

343 2425 398 2446 sus
412 2416 556 2455 inurget.
599 2414 647 2446 At
660 2415 762 2446 catuli
779 2414 1026 2454 pantherarum,

332 2467 537 2507 *scymnique
552 2466 683 2496 ieonum
695 2464 868 2504 Unguibus
879 2474 919 2495 ac
933 2464 1025 2504 pedi-

345 2516 406 2546 bus
427 2516 498 2555 jam
524 2519 593 2546 tum
620 2522 799 2554 morsuque
825 2518 1025 2553 repugnant,

343 2563 410 2594 Vix
430 2564 499 2603 Jam
522 2563 622 2593 etiam
639 2571 714 2593 cum
732 2565 808 2592 sunt
828 2561 945 2592 dentes
966 2570 1027 2591 un-

344 2622 491 2653 guesque
500 2611 626 2643 creati!
650 2605 739 2642 Ante
749 2611 806 2641 hos
816 2615 926 2641 autem
938 2610 1025 2640 Pho·

345 2661 446 2700 cylid.
459 2661 569 2691 Carm.
582 2659 752 2691 Admonit.
768 2658 892 2690 *Ὀπλον
904 2658 1024 2697 ἑκάστῳ

345 2710 428 2748 νεῖμε
439 2708 514 2745 θεός,
529 2721 557 2740 κ.
567 2721 598 2740 τ.
610 2714 642 2739 λ.
666 2709 676 2726 ‘
692 2709 818 2747 Arma,'
831 2709 939 2750 inquit
954 2709 1022 2748 ille,

340 2758 351 2775 ⁶
370 2758 547 2799 unicuique
583 2759 677 2789 Deus
705 2758 877 2790 attribuit:
907 2757 1022 2789 avibus

1075 2075 1297 2115 pugnaculum
1327 2078 1379 2105 est
1407 2072 1542 2114 homini,
1575 2082 1613 2104 ac
1648 2073 1752 2103 telum

1074 2123 1163 2154 omni
1178 2124 1245 2154 telo
1261 2122 1454 2163 potentius!
1746 2132 1750 2136 ’

1113 2175 1154 2203 53
1169 2172 1298 2212 Scoevae]
1313 2172 1378 2203 Hic
1394 2180 1523 2202 veneno
1538 2174 1678 2202 matrem
1692 2170 1753 2201 im-

1074 2221 1127 2261 pie
1143 2224 1332 2259 necaverat,
1347 2220 1446 2250 melle
1456 2220 1586 2250 dulcem
1597 2217 1751 2248 effectam

1074 2269 1241 2309 potionem
1266 2268 1296 2299 ei
1324 2269 1512 2307 propinanti.
1555 2267 1607 2297 De
1632 2265 1750 2296 cicutas

1073 2327 1173 2349 succo
1187 2316 1230 2347 ob
1244 2316 1380 2347 nimium
1402 2315 1506 2355 frigus
1530 2313 1660 2345 letifero
1681 2313 1751 2345 dixi

1075 2366 1116 2397 ad
1133 2365 1242 2406 Epod.
1257 2373 1313 2396 ιιι.
1328 2366 1360 2394 3.

1115 2418 1156 2445 60
1180 2414 1209 2444 0
1222 2412 1310 2453 puer]
1331 2411 1493 2443 Horatius
1507 2415 1637 2451 patrem
1654 2419 1753 2442 voca-

1077 2464 1123 2494 vit
1137 2463 1341 2500 Trebatium,
1355 2461 1461 2491 initio.

1123 2512 1167 2543 Ut
1187 2511 1231 2542 sis
1257 2509 1381 2549 Vitatis,
1403 2507 1518 2547 metuo]
1540 2507 1654 2538 Plaut.
1666 2507 1753 2538 Bac-

1075 2561 1162 2592 chid.
1180 2560 1278 2591 Scen.
1300 2561 1352 2589 20.
1377 2559 1388 2575 ⁴
1404 2558 1467 2593 Da,
1490 2557 1517 2587 si
1539 2565 1611 2587 esse
1627 2556 1752 2587 salvum

1076 2610 1124 2640 vis
1135 2618 1187 2639 me
1199 2611 1258 2638 aut
1267 2607 1401 2638 vitalem
1412 2606 1493 2637 tibi!
1508 2605 1645 2637 Homer.
1654 2603 1754 2635 Iliad.

1074 2660 1109 2690 Σ.
1123 2659 1175 2688 95.
1197 2655 1238 2686 ad
1251 2654 1415 2686 Achillem
1430 2653 1534 2684 filium
1549 2653 1598 2684 sic
1612 2652 1751 2683 Thetis:

1072 2704 1235 2746 Ὤκύμορος
1249 2703 1285 2743 δή
1296 2715 1356 2743 μοι,
1371 2702 1471 2744 τέκος,
1492 2701 1607 2742 ἔσσεαι,
1621 2699 1664 2733 οῖ’
1678 2700 1753 2739 ἄγοι

1073 2754 1177 2796 ptam.
