1904 3256
620 269 825 300 GARMEN
859 269 1151 301 SAEGULARE.

1528 261 1613 302 747

388 363 623 418 Supplices
645 363 749 404 audi
769 376 948 417 pueros,
968 362 1163 417 Ap01103

385 430 587 472 Siderum
609 431 755 484 regina
774 431 969 472 bicornis
989 429 1095 471 audi

730 498 854 538 Luna
874 497 1074 551 puellas:

386 563 535 620 Roma
555 564 593 604 si
615 568 805 605 vestrum
828 569 896 605 est
916 577 1045 618 opus,
1067 563 1253 618 Iliaeque

381 630 527 673 Littus
549 631 786 672 Etruscum
809 637 991 674 tenuere
1015 639 1186 681 turmae,

381 697 412 739 J
415 711 523 740 ussa
543 712 648 752 pars
667 703 840 739 mutare
861 698 1001 739 Lares
1021 701 1064 739 et
1083 698 1238 738 urbem

727 765 909 819 Sospite
931 777 1062 806 cursu
1078 779 1088 817 ;

1552 764 1608 806 40

383 831 470 874 Cui
491 845 570 886 per
591 833 814 875 ardentem
834 833 929 875 sine
949 832 1104 874 fraude
1124 831 1305 886 Trojam

153 993 186 1021 et
200 990 343 1031 benigne,
358 992 474 1023 exaudi
494 1001 604 1032 pueros
624 992 855 1033 supplicantes:
878 1002 895 1022 o
911 993 984 1022 luna
999 991 1145 1032 bicornis,
1160 995 1317 1023 astrorum
1328 991 1482 1032 princeps,
1496 989 1610 1021 exaudi

151 1033 313 1072 virgines.-
335 1033 372 1065 Si
386 1035 508 1074 quidem
525 1035 624 1066 Roma
647 1038 693 1066 est
715 1038 851 1066 vestrum
866 1044 953 1074 opus,
976 1037 1008 1064 et
1030 1035 1071 1066 ad
1085 1035 1186 1074 ripam
1200 1035 1347 1065 Italicam
1363 1033 1458 1072 felici
1479 1032 1610 1071 naviga-

153 1074 238 1106 tione
250 1076 434 1116 appulerunt
456 1081 590 1108 cotervae
608 1077 763 1116 Trojanae,
787 1077 925 1107 homines
941 1077 1029 1115 jussi
1050 1080 1171 1108 mutare
1195 1077 1354 1108 domicilia
1375 1079 1406 1107 et
1427 1075 1609 1110 civitatem;

152 1117 263 1156 quibus
273 1119 346 1159 pius
356 1119 474 1150 AEneas
493 1119 577 1150 viam
590 1122 691 1150 tutam
704 1120 830 1160 pararit
844 1120 927 1150 inter
946 1120 1100 1150 incensam
1119 1119 1243 1158 Trojam
1266 1118 1385 1159 illoesis,
1402 1118 1528 1159 ipseque
1539 1120 1608 1158 post

806 1234 951 1267 NOTAE

151 1303 212 1336 ubi
242 1304 411 1346 Apollinis
442 1318 522 1339 arcu
549 1312 584 1339 et
607 1309 744 1349 sagittis
766 1309 853 1340 Solis

151 1355 266 1387 radios
279 1355 475 1397 significari,
488 1358 686 1398 morbosque
702 1358 780 1389 hinc
798 1359 851 1389 vel

149 1405 332 1436 sanitatem
362 1405 405 1436 ab
443 1415 484 1437 eo
513 1406 650 1438 immitti
681 1406 849 1437 creditum

150 1453 242 1491 olim,
259 1454 364 1495 probe
381 1456 556 1487 asseritur.

154 1513 157 1514 ⁷
190 1507 233 1536 ³4
254 1505 342 1538 Audi
351 1515 474 1546 pueros,
488 1507 611 1547 Apollo,
626 1507 696 1548 ξω]
717 1506 849 1546 Apolli-

146 1562 237 1596 nem,
259 1562 298 1590 ut
321 1557 415 1590 vides
443 1558 565 1598 lector,
589 1558 685 1600 pueri
711 1559 848 1590 iuvoca-

149 1607 246 1648 bmt‚
268 1608 392 1649 pueuae
417 1617 498 1640 vero
520 1609 677 1654 Dianam,
701 1609 735 1640 iu
750 1618 848 1650 sepa—

149 1663 242 1691 ratos
257 1659 335 1692 bine
348 1663 385 1691 et
401 1659 493 1691 illinc
510 1660 630 1692 choros
647 1659 823 1691 distributi
838 1670 848 1697 ;

147 1714 183 1740 et
197 1709 247 1741 sic
262 1710 414 1751 jusserat
427 1710 559 1751 Sibylla
574 1721 582 1741 :
607 1709 702 1750 χωρὶς
716 1708 748 1740 δὲ
764 1709 852 1750 κόραι

90 1797 95 1800 ¹
148 1757 246 1801 χορὸν
257 1759 348 1791 αὐταὶ
364 1759 482 1800 ἔχοιεν,
499 1760 559 1791 Καὶ
575 1760 669 1801 χωρὶς
676 1759 852 1802 παίδωνᾶρ-

149 1821 210 1848 «mv
223 1810 358 1851 στάχυς,
378 1810 465 1842 ἀλλὰ
476 1810 600 1850 ’γονίμων
614 1809 744 1842 Πάντων
759 1809 852 1850 ζωόν-

145 1860 219 1901 ¹¹rem,
237 1860 282 1894 οἷς
296 1861 471 1902 ἀμφιθαλὴς
485 1860 532 1894 ἔτι
547 1859 665 1901 φύτλη.
710 1861 850 1892 Seorsim

147 1920 220 1943 vero
246 1913 356 1953 puellae
376 1912 502 1944 chorum
526 1912 606 1952 ipsae
628 1910 775 1947 habeant,
801 1912 849 1942 Et

145 1963 274 1994 nonn-
296 1972 463 2004 puerorum
493 1963 649 1994 masculus
676 1962 764 2000 ordo,
793 1962 848 1992 sed

145 2016 307 2051 parentum
341 2013 489 2044 Omnium
519 2012 702 2050 viventium,
736 2010 846 2052 quibus

146 2061 428 2102 uwimqueflorens
437 2061 536 2092 aarum
543 2071 642 2100 genus
653 2064 750 2092 extet.

189 2113 231 2142 85
254 2111 400 2144 Hiemi-2
415 2111 522 2152 Luna]
547 2111 623 2142 Non
641 2115 770 2142 temere
784 2110 848 2142 hoc

146 2160 352 2202 epithetum,
372 2161 476 2193 immo
497 2161 672 2202 proprium
686 2161 846 2192 maxime.

147 2211 236 2243 Nam
267 2216 422 2254 tempore
459 2211 621 2243 novilunii
659 2211 847 2252 agebantur

144 2262 231 2294 Ludi
248 2263 448 2302 Saeculares,
463 2267 500 2294 et
517 2261 761 2294 carmenliuud
773 2263 845 2294 Sae-

144 2312 260 2349 tulare
276 2311 526 2344 concinendum
542 2318 618 2344 erat
641 2312 710 2343 ‘ad
738 2312 849 2343 bicor-

143 2371 221 2394 nem
234 2362 375 2395 lunam!

186 2415 227 2445 3⁷
253 2413 354 2446 Romo
374 2413 404 2445 si
427 2416 564 2445 restrum
595 2417 643 2445 est
667 2423 755 2454 optor,
776 2412 846 2454 ξω]

143 2461 280 2495 Idcirco
295 2463 400 2495 Roma
417 2464 545 2495 dicitur
561 2463 732 2504 Apollinis
744 2473 844 2504 opus,

146 2511 235 2554 quod
249 2513 371 2545 AEnens
391 2513 561 2555 Apollinis
583 2514 719 2545 oraculo
744 2513 844 2545 obse-

147 2566 246 2594 cutus
269 2564 363 2595 venit
381 2573 456 2596 cum
480 2565 549 2596 suis
566 2565 599 2596 in
619 2563 766 2604 Italiam,
781 2563 844 2595 ibi·

146 2620 212 2653 que
227 2613 391 2646 consedit.

190 2663 233 2693 38
253 2661 359 2695 Linus
384 2664 561 2705 Etr-mcum]
598 2665 771 2705 Italicum,
784 2665 841 2697 'ri-

147 2711 302 2742 berinum
318 2712 424 2744 littus.

189 2763 232 2792 39
253 2761 351 2792 Jussn
363 2770 436 2802 pars
446 2767 565 2795 mutare
574 2766 668 2804 lares,
680 2765 750 2805 8520]
776 2764 842 2797 Ac-

147 2817 251 2852 cepta
275 2812 317 2842 ab
341 2809 497 2852 Apolline
514 2814 676 2846 mandata
692 2816 840 2857 itemque

906 1309 1075 1341 beneficia
1098 1320 1163 1342 non
1187 1310 1261 1342 siue
1286 1310 1376 1350 grati
1402 1319 1442 1341 ac
1463 1308 1612 1350 religiosi

906 1359 1008 1390 animi
1038 1359 1278 1391 testificatione
1301 1360 1392 1400 apud
1418 1360 1528 1399 ipsum
1552 1369 1611 1390 nu-

905 1417 982 1438 men
1001 1407 1207 1440 referuntur.
1252 1409 1374 1449 Virgil.
1399 1408 1528 1440 AEneid.
1551 1418 1609 1440 111.

904 1459 959 1488 88.
991 1458 1040 1489 sic
1068 1458 1192 1488 AEneas
1215 1457 1397 1488 Phoeboz‘
1413 1459 1534 1490 Quove
1559 1458 1611 1488 ire

900 1506 1028 1548 jubes?
1056 1507 1112 1539 ubi
1131 1517 1259 1548 ponere
1277 1507 1375 1539 sedes
1391 1506 1420 1538 ?'
1458 1506 1610 1538 Phoebus

904 1562 1019 1589 autem
1047 1558 1097 1589 sic
1121 1559 1234 1590 AEneae
1258 1558 1467 1599 respondet:
1490 1558 1500 1575 ‘
1518 1558 1608 1588 Dar-

904 1606 1038 1638 danidae
1056 1608 1145 1646 duri,
1161 1617 1238 1649 quae
1257 1617 1312 1639 vos
1324 1617 1344 1638 a
1359 1608 1469 1648 stirpe
1486 1616 1609 1648 paren-

905 1661 975 1689 tum
1004 1657 1121 1689 Prima
1151 1658 1231 1689 tulit
1261 1658 1377 1696 tellus,
1406 1657 1527 1688 eadem
1549 1667 1608 1689 vos

902 1710 1009 1742 ubere
1033 1711 1112 1742 laeto
1134 1710 1297 1751 Accipiet
1324 1710 1494 1742 reduces:
1522 1711 1607 1741 anti-

902 1770 1004 1802 quam
1021 1760 1191 1802 exquirite
1207 1765 1349 1792 matrem
1366 1771 1375 1792 ι
1402 1760 1472 1792 Hic
1487 1760 1607 1792 domus

902 1810 1018 1842 AEneae
1050 1811 1184 1843 cunctis
1207 1810 1436 1842 dominabitur
1459 1811 1538 1846 oris,
1561 1811 1608 1842 Et

900 1862 973 1893 nati
1003 1866 1172 1902 natorum,
1202 1867 1238 1893 et
1268 1861 1326 1902 qni
1350 1865 1537 1892 nascentur
1563 1860 1638 1892 ab*

899 1911 989 1944 illis!
1033 1913 1079 1944 Et
1096 1922 1147 1944 vs.
1163 1914 1237 1943 160.
1259 1912 1310 1943 sic
1329 1918 1470 1943 monent
1493 1911 1606 1942 Pena-

900 1966 953 1994 tes
975 1963 1032 1994 Dii
1056 1961 1225 2003 Apollinis
1248 1971 1414 2002 responsa
1437 1962 1605 2002 interpre-

901 2016 1035 2044 tames:
1053 2013 1063 2030 ‘
1078 2011 1248 2044 mutandae
1259 2012 1372 2044 sedes.
1386 2035 1394 2043 .
1408 2034 1418 2044 .
1436 2035 1445 2043 .
1463 2033 1471 2043 .
1486 2013 1606 2052 Surge,

901 2072 966 2104 age
980 2085 989 2094 .
1007 2083 1016 2092 -
1030 2085 1038 2094 .
1054 2084 1064 2093 .
1075 2062 1246 2101 Coritum,
1273 2067 1450 2103 terrasque
1469 2062 1605 2104 require

902 2111 1096 2145 Ausonias!
1141 2114 1184 2144 Et
1213 2118 1356 2153 postea:
1380 2113 1390 2130 ‘
1408 2111 1511 2143 Ibitis
1535 2112 1605 2143 Ita-

901 2163 996 2202 liam,
1009 2167 1196 2205 portusque
1210 2163 1340 2194 intrare
1354 2162 1498 2194 licebit)

943 2213 1044 2254 Pars]
1082 2213 1240 2254 Proprie.
1271 2213 1361 2245 Nam
1383 2217 1420 2244 et
1440 2212 1604 2253 Trojano-

900 2271 973 2293 rum
1001 2262 1055 2293 alii
1086 2262 1264 2294 Antenore
1295 2261 1384 2293 duce
1409 2261 1444 2292 in
1468 2261 1602 2293 Italiam

899 2311 1126 2344 devenerunt.
1170 2312 1293 2353 Virgil.
1307 2311 1440 2344 AEneid.
1457 2321 1482 2343 1.

941 2366 982 2395 41
1010 2364 1071 2396 Cui
1084 2373 1140 2405 per
1153 2364 1327 2403 ardentem,
1341 2362 1409 2403 ξω]
1444 2362 1501 2393 Illi
1522 2362 1604 2392 Tro·

892 2413 1055 2454 janornm
1081 2415 1172 2456 parti
1202 2425 1221 2445 a
1251 2419 1301 2453 te,
1327 2413 1468 2453 Apollo,
1495 2412 1601 2452 jussae

895 2474 1001 2497 novas
1025 2474 1183 2506 quaerere
1206 2464 1293 2495 duce
1312 2464 1418 2494 AEnea
1439 2461 1551 2500 sedes,
1572 2461 1601 2492 is

894 2514 1019 2554 dux,te
1030 2515 1203 2555 adjutore,
1213 2518 1324 2544 tntum
1337 2513 1347 2530 ‘
1359 2512 1502 2543 munivit
1511 2511 1600 2552 iter‚'

894 2564 1031 2605 longum
1048 2563 1137 2604 fngae
1151 2563 1320 2600 laborem,
1337 2565 1375 2592 ut
1390 2562 1463 2601 ipse
1485 2562 1600 2603 jussus

894 2619 983 2652 erat,
1008 2613 1146 2643 minime
1173 2611 1349 2643 deserens.
1393 2611 1517 2652 Virgil.
1542 2612 1600 2644 cit.

896 2664 1032 2696 AEneid.
1049 2672 1106 2694 ιιι.
1124 2665 1199 2694 160.

939 2714 1006 2746 Per
1020 2714 1192 2747 ardentem,
1202 2713 1272 2754 ⁸5⁶²]
1284 2711 1406 2753 virgil.
1416 2712 1548 2744 AEneid.
1560 2722 1599 2744 ιι.

895 2764 905 2782 ⁴
919 2763 1088 2795 flammam
1105 2763 1196 2794 inter
1214 2766 1250 2794 et
1265 2763 1380 2794 hostes
1401 2762 1597 2803 Expedior:

896 2815 981 2847 dant
1010 2814 1079 2845 tela
1102 2813 1235 2853 locum;
1260 2811 1472 2855 flammaequc
1502 2823 1597 2845 rece-
