1930 3242
324 262 410 304 886
774 279 819 315 Q.
851 276 1057 308 HoRA‘ru
1092 277 1262 307 ηΑοοι

327 364 519 406 Felicem
541 367 550 408 l
582 367 753 408 aiebam
770 367 943 415 tacitus,
963 379 1060 406 cum
1080 367 1288 419 quidlibet
1305 368 1379 410 ille

324 429 530 481 Gardret,
550 433 688 482 vicos,
709 433 854 472 urbem
873 431 1081 472 laudaret.
1138 433 1201 474 Ut
1218 434 1280 475 illi

324 495 402 536 Nil
423 498 752 550 respondebam,
777 494 938 535 Misere
957 497 1097 550 cupis,
1117 498 1265 551 inquit,
1287 499 1421 548 abire,

321 557 351 598 J
354 561 581 601 amdudum
601 560 749 600 video:
781 559 860 600 sed
878 560 938 601 nil
957 562 1074 613 agis;
1103 575 1240 616 usque
1258 566 1424 613 tenebo,
1686 570 1742 610 15

322 627 575 679 Persequar.
634 627 752 667 Hinc
773 640 861 680 quo
881 641 994 669 nunc
1010 629 1092 669 iter
1110 631 1302 672 esttibi?
1334 632 1370 680 51
1392 632 1468 674 Nil
1489 646 1604 686 opus
1617 639 1684 676 est
1698 639 1741 676 te

321 692 591 742 Circumagi3
622 693 837 744 quendam
856 694 959 734 volo
982 694 1134 745 visere,
1153 710 1238 737 non
1259 698 1339 738 tibi
1359 703 1530 749 nolum3

319 757 459 797 Trans
478 756 666 797 Tiberim
685 757 810 810 longe
830 759 963 799 cubat
979 760 1032 809 is,
1053 773 1192 814 prope
1211 761 1399 803 Caesaris
1417 763 1577 804 hortos.

321 822 356 869 ἾῙ
379 822 453 862 Nil
473 822 610 862 habeo
623 823 739 875 quod
758 836 901 875 agam,
917 830 961 865 et
975 839 1060 866 non
1074 839 1167 867 sum
1184 828 1303 880 piger
1318 842 1330 879 ;
1360 841 1501 882 usque
1513 841 1671 882 sequar
1682 835 1739 872 te.

319 888 516 928 Demitto
537 888 769 936 auriculas,
786 894 838 930 ut
856 891 1016 943 iniquae
1034 893 1190 933 mentis
1209 894 1385 943 asellus,
1682 898 1739 939 20

316 1000 469 1041 effutiret,
484 1002 623 1034 laudaret
638 1003 791 1034 eicientem
805 1015 841 1035 oc
853 1005 993 1044 regiones
1003 1017 1016 1043 ‚·
1037 1008 1114 1046 quod
1127 1007 1206 1038 nihil
1217 1009 1352 1048 responsi
1357 1009 1506 1049 facerem,
1524 1010 1569 1041 ait
1578 1020 1589 1040 .·
1611 1010 1739 1042 solicite

318 1043 428 1081 quoeris
443 1044 597 1074 discedere
607 1055 617 1075 :
631 1045 701 1082 J'um
722 1046 840 1085 pridem
854 1048 993 1086 intelligo
1005 1058 1015 1078 :
1033 1058 1137 1079 verum
1150 1059 1270 1089 operam
1282 1051 1405 1090 perdis:
1426 1061 1542 1090 semper
1561 1051 1718 1083 adherebo
1727 1063 1738 1082 .·

315 1085 506 1115 assectabor:
527 1095 617 1125 ecquo
632 1086 763 1125 jamjam
778 1088 869 1118 istinc
883 1090 1063 1120 contendis?
1099 1090 1159 1120 Cui
1181 1099 1257 1128 ego:
1284 1091 1479 1131 Nequaquam
1502 1101 1619 1122 necesse
1641 1096 1686 1123 eet
1708 1096 1740 1124 te

316 1125 499 1157 cirmmzduci
509 1137 520 1157 .·
542 1128 673 1166 aliquem
695 1129 827 1159 invisere
841 1131 927 1169 cupio
942 1130 1000 1161 tibi
1014 1131 1138 1161 minime
1151 1131 1307 1170 cognitum
1317 1142 1328 1163 .·
1349 1133 1398 1163 hic
1411 1134 1516 1172 procul
1529 1137 1642 1173 manet,
1655 1134 1740 1164 ulo-n

319 1166 463 1207 Tiberim,
474 1169 567 1206 juxto
581 1169 683 1200 hortos
696 1171 778 1200 Juliz·
794 1171 939 1203 Caesaris.
984 1172 1044 1203 Ille
1058 1182 1128 1203 vero
1137 1183 1147 1203 .·
1170 1173 1261 1204 Nihil
1271 1175 1421 1212 agendum
1436 1175 1532 1205 instat
1547 1175 1634 1213 mihi,
1646 1185 1741 1214 neque

315 1218 381 1239 snm
395 1211 478 1240 deses
487 1220 497 1240 .·
518 1211 647 1250 quolibet
670 1215 700 1242 te
724 1213 900 1244 comitabor.
948 1213 1023 1244 Tum
1037 1223 1093 1253 ego
1107 1214 1242 1254 deprimo
1255 1224 1344 1246 aures
1357 1216 1437 1246 velut
1451 1216 1554 1247 asinus
1566 1217 1741 1256 impatiens,

913 1296 1145 1308 oeeeoeeeoeeae

315 1354 392 1384 edd.
410 1359 492 1386 vett.
509 1360 585 1386 ante
599 1357 752 1388 Torrent.
767 1358 822 1398 qui
846 1368 887 1388 ex
911 1359 1010 1389 codd.
1030 1360 1097 1390 suis
1119 1360 1200 1400 legit
1215 1361 1357 1398 Balaam
1379 1365 1415 1392 et
1438 1361 1486 1391 ita
1508 1369 1622 1391 omnes
1639 1360 1737 1392 codd.

315 1396 461 1426 Bentleii
484 1402 518 1427 et
541 1397 618 1428 edd.
646 1402 873 1430 recentt.—-15
896 1400 905 1416 ‘
921 1400 1036 1430 Codex
1060 1402 1160 1432 Tons.
1186 1402 1307 1432 habet:
1330 1411 1424 1442 usque
1445 1411 1501 1441 ego
1523 1411 1593 1432 nom
1615 1405 1645 1432 te
1661 1402 1738 1432 Per-

313 1447 444 1476 sequar,-
467 1443 503 1468 at
527 1439 662 1478 vulgata
687 1440 788 1471 lectio
813 1441 890 1470 mihi
918 1442 1028 1480 placet
1053 1443 1171 1482 magis,
1203 1448 1341 1482 propter
1369 1443 1563 1483 praecedens
1589 1443 1738 1481 verbum,

313 1478 408 1510 obire.
444 1479 518 1510 Duo
541 1481 638 1511 codd.
665 1482 784 1512 Bland.
810 1481 948 1522 habent,
976 1483 1168 1523 Prosequor3
1190 1486 1277 1524 quod
1300 1494 1363 1515 non
1385 1485 1492 1515 minus
1510 1488 1624 1524 aptum
1646 1484 1736 1514 vide-

314 1525 392 1558 tur3
417 1530 491 1550 nam
513 1520 584 1552 fere
611 1531 667 1552 eos
696 1523 936 1563 prosequimur,
961 1533 1043 1565 quos
1067 1526 1262 1556 comitamur
1284 1531 1320 1556 et
1344 1525 1561 1564 deducimus;
1585 1525 1644 1556 sed
1669 1525 1738 1556 for-

312 1565 415 1600 tasse,
446 1562 523 1601 quia
552 1563 774 1595 reluctantem
804 1565 968 1604 sequitur,
991 1566 1164 1606 Persequor
1187 1567 1293 1604 magis
1320 1572 1372 1597 est
1399 1566 1612 1607 appositum!
1641 1567 1736 1606 Cruq.

314 1603 489 1642 Prosequor
503 1604 602 1634 etiam
626 1609 694 1635 tres
718 1606 929 1646 Bersmanni,
951 1607 1099 1637 Bentleii
1123 1607 1217 1639 Leid.
1242 1608 1360 1647 Regin.
1379 1608 1454 1639 Gal.
1476 1608 1632 1638 Petrens.
1656 1608 1739 1638 Bat-

314 1643 372 1674 tel.
398 1649 432 1674 et
458 1644 524 1674 duo
546 1645 625 1682 alii;
654 1646 736 1681 item
761 1647 921 1677 Glarean.
945 1647 1059 1678 Bentl.
1086 1649 1206 1679 Sanad.
1235 1649 1384 1689 Francis,
1409 1648 1585 1686 Heindorf,
1606 1647 1739 1680 Wakef.

313 1688 348 1715 et
374 1685 477 1715 Kidd.
519 1687 591 1717 hinc
617 1688 730 1718 Bentl.
752 1697 827 1718 cum
852 1689 1017 1719 nonnullis
1038 1689 1114 1720 edd.
1141 1694 1223 1721 vett.
1250 1690 1353 1721 refert
1376 1690 1418 1721 ad
1443 1691 1656 1729 antecedens,
1678 1691 1738 1725 ita.

313 1727 487 1766 Prosequor
501 1728 583 1768 hinc,
597 1731 736 1769 &m—ll)
762 1730 820 1760 Nil
833 1730 864 1761 Ιι.
879 1741 908 1770 q.
922 1740 1014 1770 agam
1022 1741 1035 1767 ,·
1057 1741 1116 1762 non
1130 1741 1208 1771 sum,
1222 1734 1274 1772 ⁸5⁶·
1289 1736 1431 1773 quatuor
1441 1731 1539 1763 codd.
1554 1732 1738 1770 Torrentii,

958 1814 1096 1845 No'rAE

311 1881 345 1902 v.
363 1871 509 1911 pra-ced.
521 1872 727 1911 cerebrosus,
740 1883 884 1912 nugaces
900 1878 934 1904 et
948 1874 996 1904 in-

311 1925 409 1960 eptos
421 1930 569 1960 quosque
585 1922 695 1952 verbis
715 1923 845 1962 asperis
863 1924 997 1954 amolie-

1050 1885 1150 1907 cenos
1172 1877 1344 1908 sestertios
1364 1877 1511 1917 legavit.’
1531 1877 1644 1907 Tiber.
1659 1887 1736 1916 cap.

1049 1927 1102 1956 72.
1119 1925 1275 1956 ‘Triremi
1291 1935 1395 1965 usque
1412 1926 1452 1956 ad
1466 1926 1633 1965 proximos
1649 1926 1736 1956 Nau-

312 1969 412 1999 batur
425 1970 551 2004 statim,
567 1974 601 2001 et
615 1970 705 2002 abire
719 1973 833 2011 procul
848 1982 866 2002 a
876 1982 912 2003 se
926 1973 996 2003 adi-

311 2019 423 2058 gebat,
446 2019 654 2060 loquacitatis
673 2026 707 2051 et
723 2021 911 2061 loquacium
927 2032 995 2053 om-

311 2067 391 2098 nino
406 2068 595 2106 impatiens.

353 2118 392 2146 14
415 2117 529 2146 Misere
551 2117 647 2156 cupis,
672 2118 785 2158 inquit,
809 2119 905 2157 obire,
927 2120 995 2160 eya]

311 2163 436 2196 Confer
473 2165 702 2205 impudentem
745 2168 831 2199 hunc
872 2170 996 2207 garruli

311 2223 497 2245 sermonem
520 2224 595 2245 cum
615 2215 747 2246 Horatii
769 2216 918 2247 modesta
944 2227 994 2248 re-

312 2262 503 2302 sponsione,
527 2267 536 2281 ‘
549 2264 595 2294 nil
610 2274 694 2303 opus
708 2270 760 2296 est
773 2270 807 2296 te
823 2266 993 2298 Circuma-

312 2311 368 2351 gif
383 2315 446 2344 &c.
489 2313 580 2344 Gall.
605 2312 680 2344 o'est
700 2324 773 2345 vous
790 2316 903 2345 donner
926 2319 996 2356 trop

310 2362 348 2391 de
361 2361 459 2400 peine.

353 2412 392 2441 18
411 2410 526 2451 enabat]
543 2411 628 2441 Sunt
644 2411 699 2452 qui
715 2411 993 2452 interpretentur,

311 2465 473 2498 aegrotat:
498 2460 586 2491 sicut
603 2469 641 2490 11.
657 2461 727 2492 Sat.
743 2464 775 2492 3.
795 2463 804 2478 ‘
819 2462 935 2492 Mater
951 2461 999 2492 ait

310 2509 405 2548 pueri
422 2509 631 2549 mensesjam
647 2510 794 2551 quinque
809 2510 986 2542 cubantis!

351 2557 456 2597 Prope
472 2559 606 2590 Caesoris
620 2559 740 2600 hortos]
768 2560 996 2600 Longinquam

311 2607 468 2645 proponit
489 2607 580 2638 urbis
601 2607 785 2648 regionem,
800 2608 841 2639 ad
858 2608 994 2648 abigen-

310 2654 387 2683 dum
405 2657 584 2695 garrulum,
605 2657 664 2687 sed
688 2656 824 2690 frustra.
856 2658 993 2689 Sueten.

309 2703 379 2735 Jnl.
395 2703 518 2735 Caesar.
536 2714 612 2745 cap.
632 2708 684 2737 823.
706 2706 716 2723 ‘
733 2706 865 2747 Populo
879 2707 994 2738 hortos

309 2752 398 2783 circa
414 2751 563 2783 Tiberim
578 2753 723 2793 publice,
738 2760 773 2785 et
787 2755 912 2787 viritim
927 2759 995 2786 tre-'

1049 1974 1187 2004 macliiae
1207 1975 1320 2006 hortos
1340 1975 1517 2006 subvectus
1532 1979 1604 2005 est:
1627 1974 1735 2014 dispo-

1047 2023 1110 2053 sita
1125 2024 1270 2054 statione
1296 2034 1356 2064 per
1378 2024 1467 2064 ripas
1488 2022 1646 2062 Tiberis‚’
1671 2027 1736 2055 dte.

1048 2072 1135 2102 Vide
1150 2076 1186 2102 et
1203 2073 1378 2103 Plutarch.
1404 2073 1435 2102 in
1459 2073 1509 2104 M.
1527 2073 1656 2110 Bruto;
1678 2072 1735 2103 ubi

1049 2120 1179 2160 scribit,
1202 2131 1276 2152 cum
1300 2127 1505 2153 testamento
1531 2122 1643 2153 Caesar
1667 2122 1735 2153 civi

1048 2171 1409 2211 cuilibetseptuaginta
1419 2171 1608 2211 etquinque
1618 2171 1735 2201 drach-

1049 2229 1117 2250 mas
1142 2219 1331 2258 legavisset,
1354 2224 1522 2259 praeterea
1537 2229 1617 2250 vero
1632 2219 1732 2250 etiam

1047 2267 1161 2302 hortos,
1190 2267 1240 2306 qm'
1269 2271 1358 2298 trans
1387 2268 1519 2299 Tiberim
1547 2271 1646 2304 eram,
1675 2267 1732 2298 ubi

1047 2325 1136 2346 nilne
1161 2320 1212 2346 est
1234 2315 1392 2346 Fon-tunae
1415 2317 1587 2355 templum.
1617 2315 1732 2355 ingen-

1050 2371 1116 2396 tem
1133 2363 1395 2395 benevolentium
1413 2369 1447 2396 et
1463 2364 1656 2395 admirabile
1675 2364 1732 2395 de-

1051 2413 1206 2443 siderium
1223 2412 1373 2443 omuibus
1388 2412 1502 2443 fuisse.

1093 2464 1134 2492 20
1159 2461 1298 2492 Demitto
1324 2461 1488 2501 auriculas,
1513 2461 1584 2502 ὅπη]
1619 2462 1732 2494 Meta-

1051 2511 1152 2550 phora
1174 2520 1193 2541 a
1207 2510 1382 2550 jumentis,
1398 2519 1472 2550 quae
1494 2519 1589 2540 aures
1612 2510 1731 2544 demit.

1050 2559 1152 2590 tendo
1180 2558 1360 2589 ostendunt
1395 2568 1487 2588 suam
1518 2558 1733 2600 defatigatio-

1047 2618 1134 2646 nem,
1152 2617 1191 2639 ac
1212 2608 1297 2638 velle
1314 2617 1349 2638 se
1365 2612 1524 2639 excutere
1540 2609 1730 2648 impositum

1047 2666 1139 2687 onus.
1182 2656 1272 2687 Plin.
1289 2665 1340 2687 xr.
1357 2659 1408 2687 37.
1432 2658 1442 2673 ‘
1455 2656 1563 2688 Aures
1578 2658 1611 2689 in
1623 2660 1732 2699 equis,

1047 2710 1081 2736 et
1097 2706 1240 2736 omnium
1250 2706 1477 2746 junientorum
1493 2717 1630 2748 genere,
1643 2709 1730 2740 iudi-

1048 2755 1100 2786 cia
1113 2755 1212 2785 animi
1228 2753 1433 2795 praeferunt3
1450 2755 1546 2787 fessis
1561 2757 1731 2795 marcidae,
