1890 3256
579 296 931 328 umsronARuM
966 297 1064 328 mn.
1089 272 1128 327 ἰ.
1157 285 1227 328 14.

181 389 328 431 Multa
345 391 461 432 mole
480 390 705 433 docendus
726 390 876 444 aprico
891 395 1077 444 'parcere
1091 394 1238 442 prato.

1511 287 1625 330 1153

1568 391 1626 434 3o

183 455 329 505 Nunc,
351 470 445 510 age,
466 457 572 511 quid
591 461 786 497 nostrum
806 459 1068 498 concentum
1087 455 1268 506 dividat,
1288 457 1408 500 audi.

182 520 327 572 Quem
346 527 499 564 tenues
519 524 707 564 decuere
727 525 843 575 togae
861 513 1076 576 nitidique
1096 522 1264 576 capilli,
1328 537 1334 541 ·

181 586 326 637 Quem
346 589 437 629 scis
457 589 689 629 immunem
712 588 887 630 Cinarae
907 589 1131 642 placuisse
1145 589 1314 642 rapaci,

180 652 325 704 Quem
346 655 546 695 bibulum
565 654 724 708 liquidi
745 655 893 696 media
913 654 968 696 de
986 656 1086 696 luce
1108 654 1296 715 Falerni,

181 719 323 761 Coena
343 719 489 762 brevis
501 720 646 774 juvat,
667 725 714 762 et
733 733 872 776 prope
892 721 1031 762 rivum
1053 734 1230 762 somnus
1250 722 1298 762 in
1317 721 1472 774 herba3

1571 722 1629 764 35

183 786 282 828 Nec
301 786 466 828 lusisse
485 786 640 840 pudet,
661 786 739 827 sed
759 800 848 828 non
866 787 1061 833 incidere
1079 787 1247 829 ludum.

181 851 224 893 N
228 865 285 893 on
304 852 406 893 istic
424 852 610 905 obliquo
631 853 763 893 oculo
785 865 884 894 mea
902 853 1137 894 commoda
1157 854 1390 907 quisquam

179 917 354 968 Limat3
383 930 472 960 non
493 918 597 959 odio
615 918 807 959 obscuro
827 931 1068 973 morsuque
1086 925 1303 960 venenat:

179 983 346 1025 Rident
365 983 501 1025 vicini
519 984 671 1036 glebas
688 989 732 1026 et
752 998 868 1026 saxa
888 988 1151 1027 moventem.

179 1049 293 1095 Cum
315 1050 454 1091 servis
475 1050 644 1097 urbana
663 1048 973 1092 diariavrodere
993 1050 1158 1101 mavis;

1576 1055 1633 1096 40

179 1187 247 1225 dat,
257 1188 431 1228 constipato
443 1197 560 1227 aggere
573 1187 778 1228 prohibendus
792 1198 830 1220 ne
845 1189 1019 1230 expositum
1034 1190 1172 1221 devastet
1186 1195 1320 1230 pratum.
1353 1176 1546 1223 Disce'modo
1560 1191 1634 1232 quid

178 1230 352 1261 consentire
366 1239 422 1260 noe
435 1230 597 1270 impediat.
641 1231 697 1262 Me
710 1240 798 1270 quem
813 1231 886 1262 olim
901 1230 1031 1262 s'ubtiles
1053 1235 1153 1263 testes
1173 1235 1205 1264 et
1223 1233 1324 1265 crines
1338 1235 1424 1264 uncti
1436 1235 1635 1273 delectavere,

179 1280 269 1310 quem
278 1273 362 1303 nosti
375 1272 489 1313 absque
502 1273 678 1304 muner-ibus
684 1273 788 1310 fuisse
802 1273 948 1305 dilectum
960 1274 1096 1314 Cynarae
1111 1283 1227 1313 avaroe,
1241 1279 1272 1306 et
1286 1286 1306 1306 a
1320 1276 1448 1307 meridie
1465 1276 1634 1309 Falernum
1684 1265 1698 1276 θ

177 1315 312 1352 potasse,
327 1314 462 1346 delectat
484 1316 571 1346 modo
587 1315 731 1354 frugali-³
744 1325 842 1354 coena,
865 1319 897 1347 et
917 1324 1042 1347 somnus
1054 1316 1087 1346 in
1099 1317 1244 1354 gramine
1250 1317 1350 1356 juxta
1363 1318 1478 1349 rivum.
1524 1318 1635 1358 Neque

179 1355 330 1394 verojam
341 1357 435 1396 pudet
451 1357 724 1396 nugatumfuisse,
739 1358 792 1388 sed
806 1367 906 1397 nugas
916 1367 976 1389 non
991 1357 1145 1389 abdicare.
1191 1359 1244 1390 Ibi
1259 1368 1325 1390 mea
1341 1359 1418 1391 bona
1431 1360 1548 1392 invidis
1563 1370 1634 1392 ocu-

180 1396 222 1427 lie
231 1405 318 1429 nemo
332 1399 492 1434 diminuit.
507 1409 562 1430 nec
576 1399 704 1431 secretis
720 1400 897 1431 inimicitiis
912 1403 944 1431 et
955 1400 1100 1431 dicteriis
1111 1401 1277 1441 depravat:
1300 1402 1398 1433 vicini
1407 1406 1512 1435 autem
1523 1411 1633 1443 appro-

181 1438 257 1470 bant
271 1444 446 1472 versantem
457 1441 565 1481 glebas
585 1445 616 1473 et
631 1441 761 1482 lapides.
810 1442 856 1474 Ta
870 1452 939 1473 cum
951 1442 1114 1482 mancipiis
1124 1444 1244 1474 nivaria
1257 1444 1362 1476 diaria
1375 1446 1530 1476 comedere
1544 1453 1635 1484 expe·

791 1523 1025 1537 oeooemme

182 1579 267 1609 —30
289 1578 385 1610 Unus
402 1579 484 1611 Vnt.
510 1584 547 1611 et
571 1580 719 1611 Chisian.
743 1583 775 1612 6.
811 1590 831 1610 a
855 1589 900 1611 m.
926 1589 997 1612 sec.
1018 1590 1144 1620 parcere
1167 1583 1368 1620 παρα-31
1395 1580 1475 1611 Vat.
1491 1580 1589 1611 Rom.
1603 1582 1633 1612 8.

179 1624 320 1652 nostrum
333 1624 605 1653 consensum—32
623 1623 724 1658 Quem
738 1626 763 1652 t.
777 1623 906 1653 docuere
916 1621 1186 1663 Bamberg.-33
1204 1622 1314 1655 codd.
1330 1623 1475 1662 variant,
1488 1623 1635 1662 Cynam,

183 1661 328 1702 (ἴμεναι,
346 1663 480 1703 Cineroe,
497 1665 629 1704 Citarae,
646 1665 786 1695 Cinaroe.
832 1664 895 1695 Gr,
923 1662 1050 1705 Κινάρα.
1094 1664 1147 1695 Ita
1162 1665 1257 1696 Vatt.
1273 1668 1304 1696 2.
1319 1668 1352 1695 4.
1372 1668 1403 1696 5.
1426 1665 1519 1695 Vatt.
1538 1665 1637 1695 Rom.

182 1705 216 1735 3.
231 1707 263 1735 5.
280 1706 333 1736 11.
368 1706 446 1737 Vat.
474 1706 572 1737 Rom.
587 1709 618 1738 2.
645 1716 665 1738 a
680 1716 725 1738 m.
749 1715 818 1738 see.
846 1707 944 1738 Vatr.
965 1707 1080 1738 Paiat.
1100 1709 1129 1737 1.
1143 1710 1175 1738 2.
1191 1711 1221 1738 5.
1238 1709 1268 1738 8.
1293 1707 1441 1739 Chisian.
1458 1709 1489 1737 1.
1506 1711 1540 1736 et
1558 1705 1637 1736 edd.

183 1750 331 1778 receutt.
375 1747 464 1778 Vide
482 1748 523 1779 ad
541 1757 591 1780 iv.
608 1748 678 1780 Od.
698 1752 725 1780 1.
742 1751 774 1780 4.
795 1749 902 1789 capaci
918 1749 998 1779 Vat.
1015 1749 1114 1780 Rom.
1130 1752 1162 1780 9.
1188 1758 1208 1779 a
1230 1758 1273 1780 m.
1302 1759 1352 1789 pr.
1368 1749 1425 1780 alii
1443 1758 1498 1789 ap.
1513 1746 1637 1780 Jaeck.

182 1789 267 1818 —34
291 1789 371 1820 Vat.
389 1792 441 1820 16.
464 1789 561 1821 Harl.
577 1792 608 1822 7.
635 1791 691 1821 alii
719 1790 819 1822 codd.
843 1800 899 1830 ap.
927 1791 1066 1826 Talbot,
1082 1795 1118 1821 et
1133 1791 1265 1821 Valart.
1289 1791 1391 1822 media
1406 1792 1443 1821 de
1458 1793 1566 1825 ποοιες
1589 1789 1638 1819 ita

185 1833 341 1860 notatum
357 1839 400 1861 ex
416 1831 493 1862 cod.
512 1832 544 1862 in
570 1842 630 1863 ora
654 1832 708 1864 ed.
733 1832 812 1864 Ald.
830 1835 924 1864 1519.
942 1832 977 1864 in
994 1833 1157 1864 Bibliotli.
1177 1832 1420 1872 Angelic.—4o
1446 1833 1525 1863 Cum
1538 1831 1639 1862 servis

182 1873 219 1902 tu
233 1870 350 1901 urbana
368 1873 560 1912 Bentleius‚
574 1874 584 1891 ‘
597 1879 634 1905 ut
649 1874 844 1906 distinctius
860 1879 896 1905 et
911 1873 1082 1906 efficacius
1097 1874 1262 1913 procedat
1272 1873 1507 1914 comparatio.’
1550 1871 1638 1903 Vide

185 1910 281 1941 iilum
294 1913 338 1941 ad
354 1921 397 1945 ιι.
411 1914 485 1945 Sat.
500 1917 532 1947 3.
547 1917 622 1948 212.
637 1918 713 1948 234.
738 1916 857 1948 urbana
872 1916 990 1948 cibaria
1006 1915 1164 1957 Angelic.
1182 1919 1211 1949 1.
1225 1926 1244 1948 a
1261 1925 1304 1947 m.
1323 1925 1376 1956 pr.
1399 1916 1527 1965 reddere
1542 1914 1639 1945 mavi-⁹

811 1992 819 1997 “
839 2006 981 2039 Nou:

229 2081 272 2111 32
296 2078 414 2110 Tenues
427 2081 522 2119 togoe,
535 2077 607 2119 fisa]
624 2077 775 2109 Juvenili
790 2078 886 2109 aetati

187 2127 445 2160 convenientes.

231 2171 273 2217 εξ
297 2176 441 2217 Cinam]
475 2176 531 2208 De
552 2185 594 2207 ea
617 2183 672 2207 ιιι.
697 2174 763 2207 Od.
780 2177 832 2206 13.
849 2179 897 2217 et·

190 2235 240 2259 1V3
256 2225 326 2258 Od.
346 2228 376 2257 l.

234 2274 370 2316 Rapaci]
392 2274 498 2308 Quasi
514 2283 636 2314 vorago
647 2278 701 2306 est
710 2273 886 2315 meretrix,

189 2330 229 2358 ut
244 2326 372 2357 dictum
387 2329 440 2356 est
457 2325 491 2356 in
507 2333 532 2356 ι.
545 2325 617 2356 Sat.
634 2327 666 2354 2.

233 2377 275 2406 34
299 2376 399 2411 Quem
411 2374 557 2414 bibulum,
570 2373 640 2414 ξω]
670 2373 779 2405 Quem
796 2372 885 2413 opti-

189 2424 237 2456 mi
251 2424 321 2456 vini
339 2428 562 2465 appetentem
578 2423 641 2454 scis
656 2421 885 2463 intemperan-

192 2478 247 2504 ter
261 2477 475 2512 computasse
490 2482 510 2503 a
525 2471 666 2503 meridie
686 2470 720 2502 in
743 2472 884 2502 multam

191 2525 340 2553 noctem.
358 2520 536 2552 Luxuriosi
545 2522 609 2553 hoe
617 2520 801 2562 faciebant,
809 2530 886 2552 con-

192 2575 249 2603 tra
270 2570 377 2602 sobrii
401 2579 469 2602 nou
495 2574 576 2602 ante
598 2571 714 2602 horam
738 2571 888 2611 tertiam,

193 2624 252 2652 aut
267 2619 372 2652 etiam
387 2619 508 2659 serius,
521 2629 650 2652 coenam
665 2620 814 2653 adibant.

237 2672 280 2701 36
303 2666 377 2700 Non
391 2668 528 2700 incidere
539 2669 660 2711 ludum]
691 2670 783 2702 Finis
798 2671 886 2702 enim

195 2717 377 2760 aliquando
393 2718 568 2760 ponendus
585 2719 722 2751 insaniae
732 2720 888 2761 juvenili.

193 2768 353 2802 Juvenal.
384 2769 455 2799 sat.
481 2777 560 2800 vm.
590 2771 663 2802 165.
687 2770 696 2787 ‘
712 2770 815 2802 breve
843 2769 889 2801 sit

196 2818 285 2859 quod
301 2818 448 2859 turpiter
460 2817 589 2850 audes:

284 2871 397 2911 Delph.
409 2874 441 2903 et
459 2870 534 2904 Var.
549 2872 633 2904 Clas.

856 2872 973 2904 Horat.

982 2079 1024 2110 37
1049 2077 1121 2109 Non
1138 2077 1210 2107 istic
1225 2076 1361 2116 obliquo]
1386 2075 1482 2107 Rure
1493 2076 1526 2107 in
1540 2077 1639 2108 Sabi-

938 2128 991 2158 nis
1008 2136 1108 2159 nemo
1124 2127 1203 2157 mihi
1220 2125 1363 2165 invidet,
1376 2130 1435 2156 aut
1451 2125 1639 2167 maledicit,

940 2175 999 2207 aut
1029 2185 1152 2207 nocere
1180 2179 1336 2206 conatur.
1395 2174 1504 2205 Immo
1538 2175 1639 2206 vicini

939 2224 1090 2265 gaudent
1118 2228 1302 2255 cernentes
1340 2232 1393 2254 me
1432 2227 1639 2255 tractantem

939 2273 1067 2304 rustica
1097 2273 1334 2312 iustrumenta,
1367 2273 1479 2313 ligone
1502 2282 1639 2304 moven-

940 2327 1009 2354 tem
1022 2323 1182 2363 cespites,
1196 2321 1456 2362 protrudentem
1469 2331 1563 2362 saxa,
1576 2324 1640 2354 &c.

981 2375 1023 2403 40
1049 2372 1129 2403 Cum
1142 2371 1241 2402 servis
1255 2371 1385 2410 urbana,
1395 2370 1465 2411 ὅπη]
1474 2371 1523 2401 Tu
1535 2370 1640 2402 abun—

939 2418 1035 2452 danti
1048 2421 1139 2452 victu
1156 2420 1283 2452 dudum
1299 2421 1442 2461 potitus,
1456 2421 1552 2461 quasi
1571 2431 1640 2452 ma-

939 2471 1048 2511 gister
1063 2470 1099 2502 in
1123 2471 1201 2501 villa
1226 2480 1301 2501 mea
1322 2470 1394 2501 aliis
1410 2470 1515 2500 servis
1532 2470 1638 2511 impe-

939 2530 1028 2560 rans,
1046 2520 1196 2551 honestae
1218 2519 1315 2560 hujus
1339 2519 1556 2561 praefecturae
1568 2519 1638 2560 jam

939 2574 1121 2611 pertaesus,
1143 2574 1242 2609 optas
1268 2569 1383 2600 Romae
1411 2578 1497 2604 esse,
1524 2569 1639 2610 ibique

940 2619 1091 2651 tenuitur
1108 2618 1264 2650 victitare
1281 2628 1300 2650 e
1317 2619 1468 2650 dimenso
1481 2616 1514 2649 in
1526 2625 1639 2659 quam-

941 2679 1006 2711 que
1022 2668 1110 2700 diem
1134 2667 1225 2708 c'rbo,
1253 2669 1361 2709 qualis
1384 2668 1418 2699 in
1433 2667 1518 2699 urbe
1533 2668 1639 2698 servis

941 2718 1114 2750 attributis
1130 2718 1228 2749 solet.
1273 2718 1360 2748 Vide
1376 2719 1409 2750 J.
1423 2718 1516 2758 Lips.
1532 2717 1640 2749 Eiect.

942 2778 983 2800 ιι.
997 2771 1047 2800 15.
1093 2769 1174 2801 Coel.
1193 2767 1337 2809 Rhodig.
1354 2776 1417 2800 vu.
1433 2769 1485 2798 31.
1502 2771 1537 2798 et
1554 2775 1639 2798 xxv.

944 2821 997 2850 17.
1012 2823 1046 2850 et
1062 2828 1131 2860 seq.

1476 2872 1495 2900 *1
1522 2869 1552 2899 l)
