1904 3256
634 282 822 314 Eronnn
858 284 1021 315 maun.
1471 278 1556 320 7:31

280 374 518 430 Caputque
541 375 694 418 Marsa
713 377 901 420 dissilire
921 379 1081 421 naenia.

279 441 401 493 Quid
422 442 612 496 amplius
634 444 731 485 vis?
792 443 832 485 Ο
854 457 972 487 mare
991 451 1036 487 et
1054 445 1187 488 terra!
1220 446 1371 499 ardeo,

281 508 509 560 Quantum
528 523 669 563 neque
691 514 786 552 atro
809 511 1029 554 delibutus
1050 513 1271 556 Hercules

278 576 416 618 Nessi
436 588 603 627 cruore,
623 590 705 619 nec
727 578 892 620 Sicana
911 579 1078 622 fervida

276 642 420 685 Utens
437 642 483 683 in
504 642 640 684 AEtna
658 643 850 687 flamma.
908 645 993 697 Tu,
1012 647 1152 689 donec
1172 648 1283 690 cinis
1312 657 1314 659 ·

275 708 502 763 Injuriosis
523 710 675 752 aridus
689 712 830 753 ventis
848 712 974 763 ferar,

273 774 410 817 Cales
429 778 609 819 venenis
630 777 804 821 officina
824 779 1063 823 Colchicis,

1497 449 1555 490 30

1497 788 1555 829 35

104 903 242 936 tionibus
262 908 393 938 mentem
413 906 573 943 dimoveri,
595 910 627 938 et
645 906 826 938 Marsorum
847 906 1037 938 carminibus
1051 909 1144 947 caput
1158 906 1322 947 disrumpi.
1370 907 1455 943 Quia
1467 909 1554 940 ultra

99 946 203 986 pelis?
247 948 277 979 0
299 957 397 988 mare,
416 959 454 980 uc
474 951 573 988 terra,
586 949 696 990 flagro
715 950 878 989 plusquam
893 948 1047 980 Hercules
1061 949 1208 981 inunctus
1228 950 1356 989 putrido
1374 950 1468 982 Nessi
1482 960 1552 982 sun-

100 989 211 1028 enine,
233 993 265 1022 et
282 991 443 1031 plusquam
460 991 587 1023 Siculus
610 991 695 1031 ignis
720 992 755 1023 in
778 992 908 1023 ardente
923 993 1022 1023 AEtna
1035 991 1178 1023 soeviem.
1222 993 1348 1032 Ergone
1362 995 1400 1023 tu
1414 991 1558 1029 ser-vebis

102 1031 223 1072 Ψσίιια
243 1041 426 1065 venenorum
448 1034 670 1074 Colchicorum,
692 1034 788 1066 donec
809 1043 867 1074 ego
887 1033 970 1066 sicca
984 1033 1100 1073 favilla
1121 1033 1263 1075 abripior
1282 1035 1385 1066 ventis
1405 1034 1554 1074 injurium

715 1126 829 1140 000000
833 1126 907 1139 ’δ”
912 1127 927 1139 O
931 1127 948 1138 Ι

101 1233 172 1266 Sed
186 1234 263 1266 vide
277 1235 357 1266 Nic.
370 1235 548 1266 Heinsium
566 1234 609 1266 ad
621 1234 724 1267 Ovid.
738 1235 833 1266 Fast.
847 1244 898 1266 vr.
915 1237 1076 1267 hia—30
1088 1235 1201 1267 Acron
1214 1235 1326 1268 editus
1343 1241 1380 1268 et
1392 1237 1551 1277 Maneg.

100 1275 180 1307 Soc.
205 1277 235 1307 0
250 1277 359 1309 mure!
372 1288 389 1308 o
404 1277 516 1310 terra!
531 1279 644 1314 ardeo3
662 1277 751 1317 quod
768 1278 899 1317 recepit
916 1278 1029 1309 Bentl.
1045 1288 1191 1320 eumque
1206 1279 1315 1310 secuti
1331 1284 1409 1310 sunt
1423 1279 1552 1310 Sanad.

101 1318 252 1358 Towers,
269 1320 426 1360 Francis,
441 1320 585 1351 Wetzel.
607 1318 745 1351 Wakef.
760 1324 796 1351 et
811 1319 1004 1351 Kidd.—32
1027 1321 1173 1361 Cuning.
1188 1331 1243 1352 nec
1258 1321 1374 1352 Sicana
1379 1321 1554 1360 fervidum.

101 1362 186 1392 —83
214 1361 317 1393 Ureu
331 1363 433 1394 etiam
457 1363 541 1393 Exc.
561 1363 640 1394 Sax.
654 1361 760 1393 Brod.
778 1361 876 1393 Harl.
891 1364 924 1392 2.
938 1364 971 1392 4.
988 1365 1020 1393 6.
1046 1363 1196 1394 Bentleii
1221 1363 1339 1394 Graev.
1364 1363 1461 1395 Leid.
1484 1363 1553 1395 zn-

99 1401 180 1434 lien.
205 1403 405 1444 Vossianus,
429 1404 588 1435 Petu-ens.
610 1402 761 1442 Magdal.
783 1403 861 1434 Gal.
882 1403 1011 1434 Battel.
1035 1404 1155 1442 Regin.
1182 1405 1285 1436 Bodl.
1307 1407 1336 1436 1.
1360 1407 1391 1436 2.
1414 1405 1554 1445 aliique,

99 1445 250 1476 nonnulli
278 1445 433 1478 Torrent.
459 1445 615 1476 Lambin.
644 1444 835 1479 Pulmanni,
857 1444 976 1475 Zarot.
1005 1444 1149 1476 Mediol.
1175 1448 1271 1477 1477.
1294 1445 1435 1477 Venett.
1458 1449 1552 1479 1477.

98 1487 194 1518 1478.
221 1489 316 1519 1479.
349 1488 502 1519 Floreat.
531 1489 628 1518 1482.
663 1486 747 1517 Vet.
774 1485 895 1518 Comb.
923 1485 1064 1517 Locher.
1090 1485 1171 1517 Ald.
1200 1486 1336 1528 Gryph.
1363 1488 1485 1519 Heius.
1508 1489 1554 1520 R.

95 1527 216 1568 steph.
229 1529 403 1561 Sclirevel.
418 1529 547 1570 Delph.
563 1529 666 1560 Baxt.
680 1527 788 1560 Gesn.
804 1527 914 1559 Zeun.
929 1528 1071 1568 Bipont.
1085 1534 1122 1560 et
1135 1529 1254 1560 Comb.
1292 1530 1412 1561 Furens
1423 1531 1552 1572 aliquot

96 1569 198 1603 codd.
210 1571 369 1605 Torrent.
392 1581 478 1603 unus
500 1571 692 1609 Pulmanni‚
715 1569 918 1601 Bersmanni
943 1571 1042 1609 alter,
1068 1570 1114 1603 H.
1134 1571 1256 1612 steph.
1282 1572 1399 1603 Bentl.
1425 1573 1552 1605 Sanad.

97 1611 414 1655 Sandby,'rovers‚
429 1615 584 1653 Francis,
599 1612 740 1645 Mitsch.
764 1613 914 1644 Wetzel.
937 1611 1075 1645 wakef.
1098 1618 1134 1645 et
1160 1613 1265 1645 Kidd.
1317 1614 1430 1645 Virens
1451 1615 1552 1647 Gott.

98 1654 198 1688 Harl.
215 1659 246 1688 1.
261 1659 292 1689 3.
315 1657 464 1689 Bentleii
480 1657 607 1696 Regius
623 1660 659 1687 et
673 1655 790 1687 Graev.
803 1654 955 1686 nonnulli
968 1656 1129 1686 Torrent.
1146 1655 1260 1686 Pulm.
1276 1660 1312 1687 et
1329 1655 1455 1688 Gifian.
1470 1667 1553 1697 qua-

98 1702 178 1730 tuor
193 1698 349 1741 Cruquii,
371 1705 407 1731 et
422 1699 603 1731 duodecim
618 1697 786 1737 Lambini,
801 1706 878 1728 cum
894 1695 972 1727 edd.
990 1696 1104 1728 Lamb.
1121 1697 1224 1738 Cruq.
1239 1697 1401 1730 Torrent.
1415 1699 1552 1730 Talbot.

97 1745 134 1772 et
148 1740 253 1782 Pine3
276 1747 313 1774 et
327 1743 376 1774 sic
393 1751 435 1774 ex
451 1741 566 1773 multis
583 1740 682 1772 codd.
699 1740 783 1780 legit
801 1739 880 1771 Nic.
899 1738 1072 1770 Heinsius.
1109 1739 1246 1770 Vibrans
1257 1739 1346 1780 conj.
1364 1740 1551 1771 Lambinus

95 1782 131 1814 in
157 1783 212 1816 ed.
239 1794 291 1826 pr.
313 1789 436 1826 postea
461 1785 546 1815 hanc
569 1782 774 1815 sententiam
799 1781 987 1812 revocavit.
1038 1781 1152 1813 Vivens
1178 1781 1267 1822 conj.
1282 1782 1550 1814 Bentl.—33-35

97 1824 109 1843 ‘
124 1825 228 1863 Vide,
252 1836 295 1859 ne
317 1837 385 1858 non
401 1828 450 1858 ita
463 1835 586 1867 magna
600 1825 789 1856 mutatione
803 1823 845 1855 ad
865 1822 1045 1854 Horatium
1060 1823 1134 1855 haec
1149 1822 1238 1855 forte
1262 1823 1443 1855 referenda
1459 1825 1527 1856 sint
1540 1836 1550 1856 ι

95 1877 181 1910 nm,
197 1870 312 1901 donec.
326 1893 334 1902 .
347 1892 357 1901 .
374 1869 468 1901 Galea
483 1868 616 1908 renenis,
628 1869 682 1908 85c.
713 1866 782 1905 Sic,
797 1866 949 1906 inquam,
966 1865 1079 1906 potius
1096 1866 1249 1907 legerim,
1264 1867 1292 1897 si
1308 1876 1384 1898 cum
1397 1866 1553 1908 Porphy-

98 1911 192 1943 rioue
214 1910 408 1944 ‘officinam
422 1911 431 1925 ’
454 1912 497 1942 de
512 1910 648 1942 homine
664 1910 931 1948 interpretarer:
954 1909 1016 1939 sed
1041 1908 1121 1939 mihi
1146 1908 1281 1949 quidem
1307 1908 1393 1939 dura
1418 1913 1454 1940 et
1478 1910 1549 1949 ple-

96 1952 174 1986 beia
189 1959 226 1986 et
242 1955 385 1987 Horatio
399 1954 538 1994 indigna
554 1952 690 1983 videtur
704 1951 908 1991 Metaphnra
922 1960 930 1988 ;
945 1954 1077 1981 tantum
1095 1950 1206 1989 abest,
1221 1957 1259 1982 ut
1275 1950 1404 1982 diserte
1419 1951 1550 1983 dictum

99 1995 300 2030 existimem.
344 1996 471 2031 Quidni
485 2001 600 2028 autem
615 1995 625 2012 ‘
636 1993 805 2027 officinam
821 1992 829 2006 ‘
851 1991 1058 2034 accipiamus
1075 1992 1119 2024 de
1135 1993 1224 2034 loco,
1245 1992 1303 2024 ubi
1326 1994 1433 2025 omnis
1449 2003 1550 2026 vene-

211 1191 280 1232 Ego
294 1197 442 1232 negatum
458 1193 558 1225 Harl.
573 1195 694 1224 6.-29
719 1191 839 1224 Codex
861 1192 1078 1229 Bersmanni,
1101 1193 1224 1235 aliique
1251 1194 1401 1226 nonnulli
1416 1194 1552 1227 desilire.

751 2099 896 2132 NOTAE

849 2162 1104 2203 giosis‚Justin.
1127 2161 1186 2194 lib.
1204 2172 1258 2195 iv.
1277 2163 1371 2195 Gen.
1388 2171 1482 2195 xvn.
1499 2166 1550 2197 1⁰.

848 2211 968 2253 Virgil-
981 2212 1108 2252 Georg.
1120 2221 1147 2245 1.
1158 2215 1234 2244 472.
1251 2213 1384 2245 AEneid.
1401 2222 1458 2245 ιιι.
1472 2217 1548 2246 555.

849 2266 885 2293 et
901 2265 976 2295 570.
993 2266 1029 2293 et
1043 2261 1137 2293 alibi.
1162 2263 1302 2295 Lucret.
1319 2263 1378 2294 lib.
1395 2271 1445 2294 vx.
1461 2262 1548 2294 fuse.

101 2168 197 2209 tium,
212 2177 295 2209 quos
309 2167 460 2200 Sabellos
475 2164 618 2198 dixere:

141 2221 184 2252 29
206 2219 319 2251 Marsa
337 2217 456 2258 naenia]
484 2218 538 2248 De
555 2215 679 2248 Marsis
695 2222 796 2246 vene-

96 2268 252 2302 ficiorum
277 2268 462 2310 magistris,
482 2267 553 2298 dixi
577 2266 611 2297 in
634 2263 744 2306 Epod.
759 2273 795 2295 v.

96 2321 155 2354 De
171 2321 182 2339 ‘
199 2320 336 2361 naenia,'
355 2329 396 2351 ιι.
412 2319 480 2352 Od.
496 2321 527 2349 1.
546 2317 580 2348 in
602 2315 683 2347 fine.
727 2314 797 2346 Hic
849 2313 940 2345 Plin.
964 2322 1005 2344 ιι.
1027 2315 1103 2344 103.
1123 2313 1134 2331 ‘
1149 2313 1251 2344 AEtna
1272 2314 1307 2344 in
1331 2319 1464 2345 tantum
1490 2312 1550 2344 fla-

94 2378 177 2404 vero
202 2371 347 2402 naeniam
369 2373 513 2410 usurpat
543 2366 706 2400 Horatius
731 2374 794 2406 pro

93 2421 336 2454 incantatione.

139 2474 180 2504 ³1
208 2472 370 2504 Delibuem
385 2472 538 2504 Hercules
558 2468 654 2501 Nessi
672 2466 794 2508 more]

97 2518 186 2554 Vide
214 2522 325 2563 Epod.
355 2531 412 2554 ιιι.
441 2521 504 2553 sub
533 2519 648 2559 finem,
677 2517 793 2558 ibique

100 2569 184 2604 Not.

143 2622 186 2652 ⁸2
207 2620 323 2653 Sicana
341 2621 468 2660 semida
502 2621 606 2652 Urens
633 2618 668 2649 in
694 2617 795 2648 AEtna

95 2668 242 2710 flamm]
265 2670 410 2703 Quidam
433 2672 552 2712 legunt
583 2669 710 2706 Virtus,
736 2666 795 2696 ali-

100 2719 159 2760 qui
176 2718 319 2756 Furens,-
341 2729 401 2751 nos
417 2730 494 2752 cum
517 2720 590 2751 aliis
609 2719 711 2750 Urens
725 2725 794 2747 ma-

100 2768 234 2799 luimus.
257 2767 310 2799 ne
322 2769 420 2800 AEtna
431 2770 557 2801 Siciliae
567 2773 696 2804 monte,
710 2769 795 2797 mont

104 2817 208 2859 Gibet,
230 2817 371 2859 ejusque
392 2818 556 2854 incendiis
577 2828 658 2851 sane
680 2817 794 2859 prodi-

849 2366 937 2404 grat,
960 2366 999 2394 ut
1020 2362 1063 2394 ad
1085 2362 1322 2404 quinquagena
1347 2368 1382 2395 et
1403 2368 1550 2395 centena

849 2412 956 2443 millia
973 2421 1130 2453 passuum
1149 2422 1272 2444 arenas
1295 2417 1433 2444 eructet
1453 2412 1548 2443 flam-

849 2473 978 2496 marum
995 2464 1140 2506 globus-¹

890 2517 931 2547 33
958 2515 1017 2553 Tu,
1033 2517 1127 2546 donec
1144 2514 1237 2552 cinis,
1253 2513 1323 2553 ἔξω]
1348 2514 1469 2544 Donec
1483 2523 1548 2554 ego

847 2565 882 2596 in
898 2565 1046 2596 cinerem
1062 2564 1222 2595 redactus
1241 2562 1354 2603 fuero,
1377 2572 1443 2594 non
1459 2562 1548 2595 desi-

847 2623 909 2644 nes
927 2623 981 2644 me
1003 2612 1202 2650 incendere,
1217 2616 1253 2642 et
1269 2611 1440 2644 Colchicis
1459 2613 1546 2654 igni-

850 2662 911 2693 bus
927 2671 981 2692 me
997 2670 1107 2692 urere.

890 2715 931 2743 36
958 2710 1050 2742 Cales
1076 2710 1202 2741 venenis
1229 2710 1352 2752 officina
1377 2711 1547 2754 Colchicis]

847 2762 1014 2795 Parandis
1026 2761 1163 2792 venenis
1173 2758 1344 2797 ferves.ut
1352 2761 1480 2794 Medea
1489 2763 1549 2795 illa

847 2812 1015 2856 quondam
1039 2811 1182 2852 insignis
1205 2810 1240 2842 in
1262 2810 1424 2845 Colchide
1446 2822 1546 2846 vene-
