1890 3256
325 295 435 338 1014

323 399 371 439 Si
391 399 462 439 cui
482 403 687 452 praeterea
702 398 872 440 validus
890 396 1002 437 male
1021 396 1137 437 filius
1157 397 1200 438 in
1221 410 1265 438 re

322 462 542 505 Praeclara
563 465 758 504 sublatus
778 462 938 513 aletur3
971 463 1318 503 nemanifestum

321 529 506 570 Coelibis
528 529 782 580 obsequium
805 527 938 567 nudet
958 533 1012 575 te,
1030 527 1181 568 leniter
1198 527 1244 567 in
1262 541 1382 581 spem

320 592 484 646 Arrepe
506 593 740 641 officiosus,
758 595 807 633 ut
825 596 868 633 et
889 593 1075 633 scribare
1095 593 1306 634 secundus

317 659 487 706 Haeoes,
507 663 564 707 et,
587 658 624 697 si
646 659 743 710 quis
764 669 894 698 casus
913 670 1092 710 puerum
1111 659 1239 710 egerit
1262 658 1399 708 Orco,

319 724 370 764 In
390 735 574 763 vacuum
595 723 742 763 venias
759 735 767 761 :
798 735 970 775 perraro
990 724 1083 764 haec
1105 723 1200 763 alea
1220 723 1347 764 fallit.

320 788 407 837 Qui
429 792 730 828 testamentum
750 788 894 828 tradet
914 789 992 828 tibi
1013 801 1195 842 cumque
1214 789 1457 840 legendum,

315 851 532 902 Abnuere,
551 857 595 894 et
613 854 783 894 tabulas
803 866 830 893 a
848 857 888 894 te
907 866 1124 894 removere
1144 858 1360 893 memento
1378 865 1388 904 ;

316 918 390 958 Sic
409 922 553 959 tamen
571 923 618 960 ut
635 919 751 959 limis
766 919 914 971 rapias
934 918 1037 971 quid
1058 918 1195 971 prima
1216 919 1404 959 secundo

791 311 835 347 Q.
864 308 1069 339 noum-11
1106 307 1276 338 vescet

1682 399 1739 440 45

1679 724 1735 763 50

315 1054 350 1074 ac
377 1044 496 1074 nutriat
519 1045 601 1075 inter
628 1046 800 1083 opulentam
819 1044 978 1082 familiam
986 1055 997 1080 ,·
1023 1055 1061 1075 ne
1092 1048 1199 1083 aperta
1231 1045 1346 1075 coelibis
1380 1044 1570 1075 obseruantia
1596 1046 1627 1074 te
1653 1044 1732 1074 dete·

313 1089 383 1124 gat,
397 1086 509 1116 sensim
533 1095 589 1125 per
611 1087 708 1127 efficia
726 1087 851 1125 perveni
875 1087 915 1116 ad
935 1095 1029 1126 spem,
1043 1089 1079 1116 ut
1093 1086 1188 1117 hoeres
1199 1086 1413 1121 substitueriM
1429 1096 1464 1116 ac
1477 1085 1505 1116 si
1518 1095 1605 1115 casus
1625 1084 1736 1123 aliquis

313 1136 438 1165 puerum
451 1129 491 1158 ad
507 1127 627 1164 laser-⁰⁸
649 1127 817 1164 demiserit,
830 1128 926 1157 locum
939 1130 1096 1158 vacantem
1109 1127 1228 1158 subeas.
1284 1127 1348 1157 Iste
1362 1128 1451 1157 ludus
1463 1126 1550 1157 valde
1563 1134 1634 1155 mro
1645 1124 1735 1161 frus·

313 1171 429 1198 tratur.
474 1169 518 1199 At
533 1169 708 1208 quicumque
731 1169 848 1198 tabulas
868 1167 978 1208 offeret
1000 1168 1059 1198 tibi
1078 1169 1234 1207 legendas,
1255 1178 1327 1198 cave
1351 1171 1384 1198 ut
1403 1177 1532 1206 recuses,
1555 1169 1644 1205 atque
1663 1175 1682 1195 a
1706 1167 1737 1195 le

315 1210 432 1240 codices
452 1209 594 1248 rejicias.-
625 1210 672 1240 ita
702 1210 903 1240 nihilominus
928 1212 963 1239 ut
986 1209 1116 1249 obliquis
1138 1210 1231 1240 oculis
1252 1209 1396 1248 inspicias
1425 1209 1498 1248 quid
1517 1207 1618 1247 prima
1635 1205 1738 1237 tabula

901 1301 920 1314 0
925 1301 1142 1315 eouueeeaee

315 1363 536 1394 Buten—53
561 1364 645 1395 Exc.
666 1365 742 1396 Sax.
766 1364 820 1395 Sic
845 1368 944 1396 tamen
965 1369 1000 1397 ut
1025 1366 1124 1396 limus.
1168 1365 1282 1396 Zarot.
1305 1364 1359 1395 Sic
1378 1367 1479 1394 tamen
1498 1366 1533 1394 ut
1553 1362 1655 1398 Ιίνιιις
1677 1362 1735 1394 sed

958 1468 1094 1500 NOTAE

314 1538 380 1560 xn-
399 1533 470 1561 122.
487 1529 603 1560 orbum
621 1539 732 1561 senem
748 1530 789 1562 ab
806 1529 998 1561 insidiatore
1049 1529 1084 1560 ni
1101 1530 1207 1560 locum
1226 1529 1296 1560 des.

313 1582 448 1617 captum
465 1578 546 1608 dicit
567 1579 577 1596 ‘
594 1579 757 1609 inclusum
773 1587 909 1609 carcere
923 1588 997 1608 nas-
1092 1581 1133 1608 48
1150 1578 1307 1608 Secundus
1322 1575 1447 1616 Haeres]
1461 1576 1612 1607 Secundo
1627 1577 1734 1616 gradu

313 1626 384 1657 sae.'
396 1626 451 1657 Sic
466 1626 584 1657 habet:
601 1627 610 1644 ‘
621 1627 656 1657 Si
665 1627 843 1658 Libitinam
855 1627 1000 1658 evaserit

313 1684 416 1714 aeger,
441 1675 581 1706 Delebit
604 1675 734 1707 tabulas
758 1676 903 1707 inclusus
927 1685 998 1706 car·

312 1731 390 1753 cere
414 1731 532 1758 nassae,
560 1723 643 1754 Post
667 1723 823 1755 meritum
845 1733 923 1755 sane
939 1724 998 1754 mi-

312 1770 479 1802 randum!

357 1819 485 1849 Cetaria
499 1821 647 1859 crescent]
671 1819 854 1860 Allegoria.
899 1822 996 1861 Cete,

313 1867 469 1898 Ciceroni
493 1869 661 1909 pistrices,
677 1875 753 1900 sunt
769 1870 876 1909 pisces
892 1871 995 1900 maxi-

311 1916 383 1946 mi:
412 1917 487 1947 hinc
516 1918 646 1947 cetaria
674 1922 752 1947 sunt
780 1918 907 1948 vivaria
934 1928 993 1948 sen

312 1965 463 2004 piscinae,
475 1966 506 1995 in
522 1966 639 2006 quibus
653 1967 787 1996 aluntur
799 1966 911 2006 magni
922 1967 993 2007 qni-

310 2014 393 2045 libet
416 2015 535 2054 pisces.

353 2066 396 2093 46
419 2063 566 2094 Sublatus
588 2063 703 2103 aletur]
730 2063 893 2103 Proprie:
918 2073 992 2094 nam

311 2111 456 2143 infantes
472 2113 550 2143 olim
567 2113 599 2143 in
615 2113 722 2143 lucem
747 2122 823 2144 mox
839 2112 920 2143 editi
936 2113 993 2142 lm-

310 2161 356 2191 mi
383 2161 647 2200 deponebantur.
689 2162 771 2191 Tum
792 2161 814 2191 ii
831 2161 993 2192 tolleban-

312 2214 378 2247 tur,
396 2214 495 2249 atque
514 2214 551 2240 nt
576 2210 806 2241 adolescerent
828 2211 994 2242 educandi

309 2257 542 2297 tradebantur,
554 2258 580 2288 si
593 2259 765 2298 placerent
777 2259 970 2299 parentibus
985 2269 995 2298 ;

311 2306 576 2347 dicebanturque
605 2307 738 2338 sublati.
781 2306 850 2338 Alii
879 2313 996 2338 contra

310 2355 566 2396 spernebantur,
585 2355 858 2396 jubebanturque
873 2356 995 2396 exponi

311 2416 350 2437 ac
363 2405 510 2436 fortunae
526 2405 690 2446 permitti,
700 2415 760 2436 seu
774 2406 807 2436 in
820 2405 873 2436 via
887 2405 994 2445 publi-

312 2465 365 2495 ca,
379 2464 438 2486 sen
451 2456 484 2486 in
500 2455 671 2495 sylva,seu
683 2454 717 2484 in
734 2454 808 2494 ripa
821 2454 920 2486 maris
937 2459 995 2485 aut

310 2504 467 2537 fluminis.
636 2499 642 2504 ⁷

356 2554 407 2584 Ne
418 2552 613 2590 manifestum
624 2551 746 2582 Coelibis
756 2550 929 2591 obsequium
939 2561 995 2582 nu·

311 2603 363 2632 det
386 2601 431 2641 te]
457 2601 509 2632 Ne
524 2601 647 2632 homini
664 2610 768 2631 uxore
781 2601 910 2631 carenti
925 2599 995 2631 offi-

311 2650 398 2680 cium
425 2649 636 2689 frequentius
661 2649 846 2680 exhibitum
868 2649 996 2689 patefa-

312 2697 380 2728 ciat
408 2703 555 2728 mentem
591 2703 680 2728 tuam
713 2703 814 2738 atque
848 2697 995 2732 insidias,

312 2746 501 2788 prudenter
528 2756 589 2786 age
617 2751 653 2778 et
681 2752 802 2777 caute:
835 2746 994 2786 paulatim

312 2795 384 2836 ejus
402 2795 545 2826 animum
568 2795 754 2834 deunerere,
776 2803 818 2825 ne
833 2793 995 2834 suspicio-

1051 1626 1176 1664 baeres3
1211 1626 1411 1656 substitutus
1433 1625 1558 1655 haeredi
1582 1634 1641 1656 seu
1666 1626 1735 1656 filio

1052 1683 1168 1714 parum
1200 1675 1337 1710 valenti,
1362 1674 1389 1703 si
1412 1673 1644 1704 haereditatem
1669 1683 1735 1706 non

1051 1722 1188 1753 adierit:
1214 1726 1251 1752 ut
1275 1726 1344 1752 tum
1367 1721 1528 1753 succedas
1550 1721 1582 1752 ei
1606 1721 1692 1753 forte
1715 1732 1734 1753 e

1051 1771 1135 1802 vivis
1171 1770 1361 1808 excedenti,
1387 1779 1591 1810 vacuumque
1626 1770 1733 1801 locum

1049 1828 1204 1859 occupes.

1090 1871 1131 1899 49
1152 1868 1266 1906 Egerit
1292 1868 1388 1908 Orco]
1424 1866 1526 1898 Morti
1553 1865 1733 1898 addixerit.

1048 1916 1158 1946 Orcus
1182 1915 1371 1947 Inferorurn
1393 1914 1512 1946 fluvius
1528 1918 1579 1946 est
1597 1915 1734 1955 quibus-

1047 1965 1146 2003 dam;
1174 1966 1248 1996 aliis
1274 1970 1328 1996 est
1357 1964 1534 1995 Cerberus.
1578 1964 1734 1995 Ciceroni

1047 2021 1097 2046 est
1121 2016 1192 2055 ipse
1214 2015 1327 2053 Pluto,
1347 2015 1390 2045 de
1406 2015 1488 2046 Nat.
1501 2016 1546 2046 D.
1562 2023 1616 2045 ιιι.
1631 2023 1664 2045 n.
1679 2017 1732 2046 48.
1794 2019 1796 2022 ’

1047 2065 1089 2095 ab
1111 2064 1210 2104 ὅρκος,
1224 2065 1452 2102 juramentum:
1479 2063 1565 2104 quod
1587 2062 1668 2093 nihil
1690 2063 1734 2094 sit

1047 2113 1244 2153 religiosius,
1273 2122 1370 2153 quam
1397 2120 1472 2142 cnm
1499 2121 1561 2151 per
1581 2106 1732 2152 Stygiam

1047 2162 1202 2201 paludem
1213 2161 1359 2200 juratur.
1389 2161 1507 2191 Festus
1523 2159 1643 2190 scribit
1655 2159 1666 2176 ‘
1680 2168 1732 2190 or·
1767 2175 1770 2178 ⁴

1047 2209 1168 2250 chum}
1184 2215 1220 2240 et
1239 2209 1280 2240 ab
1297 2208 1446 2248 urgendo
1461 2209 1532 2239 vult
1551 2207 1630 2247 dici,
1643 2207 1731 2248 quod

1048 2259 1089 2290 ad
1106 2263 1244 2288 mortem
1261 2261 1389 2295 urgeat.

1078 2310 1119 2338 5⁰
1133 2307 1264 2338 Per-raro
1275 2304 1337 2334 haec
1349 2303 1524 2343 aleasallit]
1536 2303 1626 2334 Raro
1641 2302 1679 2333 fit
1694 2308 1730 2334 ut

1047 2355 1153 2386 inanis
1168 2355 1211 2384 sit
1225 2353 1317 2383 labor
1333 2352 1411 2390 iste,
1425 2356 1459 2382 et
1477 2360 1530 2381 ars
1548 2351 1727 2390 captandi:

1048 2405 1147 2434 immo
1171 2401 1241 2433 sere
1263 2409 1396 2439 semper
1417 2403 1568 2439 optatum
1590 2400 1730 2431 sortitur

1045 2457 1212 2484 eventum.

1088 2503 1129 2532 62
1153 2499 1284 2531 Tabulas
1305 2507 1324 2527 a
1346 2501 1375 2528 te
1398 2506 1548 2528 removere
1567 2498 1730 2538 memento]

1047 2549 1176 2583 Callide
1198 2547 1364 2584 nimirum,
1386 2555 1428 2576 ne
1456 2546 1659 2586 suspiciosus
1685 2547 1730 2577 vi-

1047 2599 1159 2630 deare.

1088 2648 1129 2676 63
1154 2643 1286 2684 Rapias]
1311 2643 1448 2685 Raptim
1465 2647 1500 2675 et
1513 2645 1671 2676 celeriter
1686 2644 1731 2676 le·

1047 2705 1105 2744 gas
1122 2699 1157 2725 et
1173 2694 1338 2725 observes.

1090 2744 1197 2774 Prima
1213 2742 1307 2782 Cera]
1325 2740 1365 2772 In
1381 2741 1502 2772 ceratis
1513 2740 1636 2772 tabulis
1651 2740 1728 2772 olim

1047 2792 1250 2830 scribebant,
1268 2796 1303 2821 ut
1315 2790 1386 2830 jam
1402 2790 1530 2821 dictum
1546 2788 1602 2820 lib.
1617 2797 1641 2820 1·
1656 2788 1727 2821 Sat.
