1956 3236
410 271 491 313 828

410 373 560 422 Saevit,
582 373 700 426 quod
721 373 936 412 meretrice
956 383 1090 422 nepos
1109 371 1285 412 insanus
1306 374 1445 412 amica

411 438 561 486 Filius,
581 450 755 478 uxorem
778 434 927 486 grandi
947 448 1042 475 cum
1064 435 1165 476 dote
1183 442 1365 486 recuset,

406 502 563 542 Ebrius
584 506 628 541 et
646 500 864 552 (magnum
884 499 1002 551 quod
1020 499 1231 553 dedecus)
1252 502 1440 542 ambulet
1457 506 1553 542 ante

407 566 594 607 Noctem
614 576 711 604 cum
730 563 911 604 facibus.
969 562 1004 611 ἾῙ
1026 563 1249 616 Numquid
1271 565 1536 618 Pomponius
1556 566 1655 606 istis

405 630 584 671 Audiret
603 628 782 676 leviora,
804 632 924 680 pater
942 628 979 668 si
1000 629 1191 669 viveret?
1226 629 1336 682 Ergo

406 695 450 737 N
453 706 507 734 on
527 692 632 733 satis
652 696 717 732 est
736 693 855 745 puris
875 705 1040 733 versum
1061 694 1318 746 perscribere
1338 695 1503 745 verbis3

405 759 544 809 Quem
566 758 604 798 si
624 757 859 807 dissolvas,
879 758 1023 810 quivis
1041 759 1334 799 stomachetur
1353 759 1505 799 eodem

406 824 507 872 Quo
527 827 783 874 personatus
803 827 933 875 pacto
952 829 1083 875 pater.
1141 823 1243 872 His,
1260 836 1339 876 ego
1361 837 1459 876 quae
1480 837 1606 874 nunc,

405 886 520 927 Olim
541 899 640 939 quae
658 888 831 940 scripsit
852 887 1062 936 Lucilius,
1081 888 1242 940 eripias
1263 888 1301 929 si

870 286 911 321 ρ.
943 281 1144 312 Ηοκιτιι
1181 280 1349 310 ηΑοσι

1761 439 1814 478 50

1758 763 1814 802 55

402 1012 604 1051 excandescit,
617 1012 758 1052 quonium
770 1013 1042 1054 filiusluxuriosus
1061 1014 1248 1044 meretricem
1262 1015 1380 1054 deperit
1393 1015 1531 1054 amicam,
1544 1024 1668 1046 uxorem
1683 1024 1749 1046 vero
1764 1015 1812 1045 in-

400 1053 490 1090 gentz
503 1063 570 1083 cum
583 1055 653 1084 dote
666 1054 792 1093 respuit,
807 1058 896 1094 atque
921 1055 1099 1085 temulentus
1113 1055 1299 1092 cumsaculis
1320 1059 1390 1086 ante
1411 1059 1526 1087 noctem
1539 1056 1710 1086 discurrit:
1731 1057 1809 1095 quod

399 1095 517 1131 grande
530 1095 674 1133 probrum
686 1098 742 1126 est.
788 1095 975 1136 Respondeo.
1019 1095 1071 1126 An
1099 1105 1198 1134 quoeso
1220 1096 1405 1135 Pomponiae
1429 1097 1476 1127 his
1501 1097 1619 1126 minora
1632 1097 1764 1134 audiret,
1782 1097 1810 1126 si

400 1138 487 1172 pater
501 1134 564 1172 eius
576 1135 707 1167 viveret?
734 1137 840 1176 Itaque
863 1146 924 1167 non
945 1137 1054 1177 sufficit
1074 1145 1192 1166 versum
1206 1145 1378 1175 componere
1402 1137 1493 1167 meris
1511 1137 1648 1167 uocibus.-
1671 1146 1758 1176 quem
1781 1136 1810 1165 si

401 1176 544 1213 resolvas,
559 1178 659 1208 eodem
669 1178 755 1207 modo
769 1177 896 1216 quilibet
910 1178 1061 1208 irascatur
1074 1187 1109 1207 ac
1122 1181 1210 1216 pater
1219 1181 1404 1216 personatus.
1434 1177 1497 1208 His
1510 1177 1655 1213 versibus,
1668 1186 1740 1216 quos
1753 1185 1810 1214 ego

394 1215 463 1254 jam
475 1217 585 1257 scribo,
599 1221 629 1249 et
643 1227 716 1258 quos
728 1218 799 1249 olim
812 1219 934 1258 scripsit
956 1218 1107 1256 Lucilius,
1123 1218 1148 1248 si
1161 1218 1282 1256 auferas
1292 1220 1435 1258 quasdam
1449 1227 1604 1249 mensurus
1615 1227 1652 1249 uc
1662 1226 1809 1256 numeros,

995 1308 1227 1322 0000010000'0

404 1382 438 1412 in
461 1381 511 1413 ed.
531 1391 580 1419 pr.
598 1382 738 1413 Cautab.
757 1385 851 1414 1711.
875 1392 970 1413 sermo
987 1387 1034 1414 est
1047 1392 1157 1414 merus.
1160 1385 1243 1413 -49
1264 1381 1348 1413 Edd.
1362 1381 1514 1422 quaedam
1531 1385 1614 1412 vett.
1630 1385 1667 1411 ut
1687 1381 1809 1411 Venet.

404 1425 498 1453 1559.
527 1423 684 1453 Glarenn.
703 1425 795 1452 1536.
818 1423 969 1454 Lambini
993 1424 1111 1463 prima,
1129 1423 1269 1454 Chabot.
1296 1425 1359 1454 ὅτε.
1386 1423 1511 1453 insanit.
1557 1421 1652 1452 Harl.
1676 1424 1707 1452 2.
1731 1424 1761 1452 3.
1774 1424 1808 1452 4.

401 1466 431 1493 6.
445 1466 476 1494 7.
499 1463 640 1494 Blandd.
657 1469 799 1503 quatuor
819 1467 853 1494 et
877 1473 989 1495 omnes
1015 1465 1069 1494 alii
1086 1464 1232 1504 Cruquii,
1249 1464 1466 1503 antiquissimi
1487 1463 1667 1497 Torrentii,
1681 1467 1717 1493 et
1729 1462 1807 1493 edd.

404 1509 546 1535 recentt.
571 1505 703 1535 insanus.
708 1507 800 1535 -50.
817 1509 854 1535 51
877 1505 1018 1536 Chabor-
1034 1511 1070 1536 et
1093 1505 1214 1536 Sanad.
1240 1509 1371 1542 recusat,
1389 1505 1425 1534 E.
1440 1507 1523 1534 etm.
1533 1514 1561 1543 q.
1576 1505 1606 1535 d
1621 1504 1810 1534 ambulat-

401 1547 442 1575 54
466 1546 606 1585 Cuning.
628 1555 747 1576 tersum
770 1546 860 1585 puris
885 1546 1082 1585 perscribere.

1136 1545 1278 1577 Cbabot.
1303 1545 1389 1584 puris
1417 1554 1533 1575 versum
1553 1544 1767 1575 transcribere.
1769 1559 1810 1566 —

1034 1646 1174 1678 NOTAE

442 1712 483 1741 48
503 1709 548 1740 At
569 1713 657 1749 pater
677 1710 798 1747 ardens,
811 1710 879 1749 lisa]
897 1709 1081 1749 Prolepsis.

403 1759 462 1798 At,
491 1759 631 1798 inquies,
658 1767 799 1798 persona
823 1759 951 1788 cornice.
979 1757 1080 1789 inter-

403 1807 479 1836 dum
507 1807 663 1846 assurgit,
686 1815 717 1837 v.
739 1816 770 1846 g.
793 1807 898 1837 iratus
924 1810 1022 1846 pater
1047 1806 1079 1836 in

401 1854 503 1885 filium
540 1855 741 1885 luxuriosum
771 1854 929 1885 ardenter
959 1854 1077 1884 saevit:

400 1902 670 1943 Theuropidesin
682 1902 830 1934 Mostell.
842 1902 975 1932 Plauti·
992 1901 1080 1940 apud

401 1951 536 1982 Terent.
557 1951 726 1987 chremes,
739 1951 770 1980 in
783 1949 887 1981 Andr.
899 1954 934 1980 et
947 1950 1080 1980 Phorm.

400 2000 529 2030 Demea
554 1999 588 2030 in
613 1998 756 2038 Adelph.
791 1997 879 2029 Vide
904 1998 1012 2038 Epist.
1037 1997 1079 2029 nd

400 2048 472 2080 Pis.
489 2057 535 2079 vs.
551 2050 604 2078 93.
625 2048 634 2064 ‘
651 2046 824 2078 Interdum
848 2051 958 2078 tamen
973 2050 1008 2077 et
1023 2055 1079 2077 vo-

400 2105 473 2135 cem
493 2095 655 2127 comoedia
670 2096 768 2131 tollit,
784 2095 960 2136 [ratusque
979 2095 1078 2126 Chre-

401 2154 470 2175 mes
485 2145 611 2177 tumido
625 2144 782 2184 delitigat
796 2143 879 2176 ore-²

439 2196 479 2224 51
502 2193 645 2224 Ambulet
669 2196 740 2224 ante
766 2193 896 2224 Noctem
915 2202 983 2223 cum
994 2192 1078 2230 saci-

400 2242 468 2282 bus]
491 2241 573 2274 Dixi
590 2241 631 2273 ad
650 2250 691 2273 11.
707 2241 773 2274 Od.
790 2244 840 2273 10.
854 2242 904 2272 ,de
926 2250 967 2272 eo
989 2250 1078 2272 more

392 2291 552 2331 juvenum
567 2296 602 2322 et
617 2291 806 2330 amantium,
820 2289 939 2330 quiad*
950 2291 1077 2330 puellas

400 2333 570 2372 :sunniatas
594 2343 691 2370 nocte
713 2347 786 2372 cum
810 2337 938 2378 facibus
955 2347 1078 2377 perge-

401 2386 497 2425 bant,
509 2390 703 2426 atquessnte
715 2387 844 2418 illarum
852 2381 993 2426 januam
1001 2395 1077 2416 cau-

399 2435 531 2475 tsbnnt.
572 2431 673 2470 Addo
694 2435 759 2476 hic,
774 2435 889 2477 solitos
912 2430 1076 2469 interdum

399 2492 530 2524 quoque
541 2483 657 2526 sagari
671 2483 950 2522 comessantesfflc
965 2490 1078 2523 perso·

399 2536 503 2565 natos
524 2530 717 2563 discurrere
743 2539 804 2572 per
833 2531 950 2564 domos
969 2535 1075 2567 notus,

398 2585 501 2611 noctu
517 2574 650 2620 quidem
673 2588 749 2610 curn
770 2578 921 2618 facibus,
927 2584 1076 2617 nonnum,

397 2636 496 2667 quarn
509 2631 545 2658 et
563 2626 729 2658 interdiu·
753 2626 847 2667 quod
848 2630 890 2657 et
903 2625 1001 2662 hodie
1017 2624 1076 2665 nli-

397 2674 529 2714 quando
550 2678 715 2706 nostrates
734 2673 874 2708 faciunt.
896 2674 985 2706 Gall.
999 2675 1076 2707 aller

397 2731 438 2752 ιιιι
451 2721 522 2758 bal;
542 2722 617 2753 ulier
630 2731 667 2754 en
680 2731 810 2763 masque.
845 2722 963 2763 Porro,
977 2720 1072 2754 effer-

1133 1708 1238 1740 vescit
1250 1713 1346 1748 pater
1356 1709 1418 1740 hoc
1430 1709 1534 1749 magis
1547 1709 1703 1740 adversus
1713 1708 1812 1740 lasci-

1134 1758 1277 1789 vientem
1296 1757 1409 1797 filium,
1424 1757 1511 1798 quod
1525 1761 1602 1788 ante
1617 1761 1760 1795 noctem,
1776 1761 1810 1787 et

1131 1806 1165 1836 in
1179 1806 1244 1842 die,
1255 1807 1297 1837 ob
1312 1807 1424 1837 oculos
1439 1807 1582 1837 omnium
1597 1806 1706 1837 ebrius
1718 1815 1810 1846 gras-

1131 1858 1236 1891 setur,
1248 1863 1366 1893 magno
1376 1862 1432 1883 suo
1443 1863 1578 1893 suaeque
1587 1852 1721 1886 familiae
1734 1863 1812 1893 pro-

1133 1900 1209 1931 bro:
1233 1906 1268 1931 et
1282 1902 1291 1918 ‘
1306 1901 1401 1931 siccis
1424 1900 1568 1932 dedecus
1589 1901 1702 1933 obstet
1725 1902 1808 1941 Cog-

1133 1949 1243 1988 natis‚'
1270 1954 1370 1989 atque
1396 1951 1406 1966 ‘
1423 1958 1490 1979 rem
1515 1949 1654 1989 patriam
1675 1958 1809 1981 rumore

1133 1997 1266 2028 sinistro
1289 1998 1404 2028 Limen
1429 1997 1470 2027 ad
1495 1998 1688 2028 obscoenum
1718 1996 1810 2029 fran-

1132 2043 1213 2084 gat,’
1229 2048 1266 2075 ut
1281 2044 1371 2075 canit
1386 2045 1519 2075 Persius
1532 2045 1602 2076 Sat.
1616 2054 1651 2076 v.

1172 2096 1213 2125 52
1237 2094 1393 2134 Numquid
1417 2094 1613 2135 Pomponius,
1641 2095 1708 2136 ξω]
1745 2096 1809 2127 Re-

1132 2141 1275 2182 spondet
1290 2142 1448 2173 Horatius
1464 2143 1661 2182 objectioni:
1686 2153 1809 2175 sermo-

1131 2199 1173 2221 ne
1189 2190 1320 2230 quidem
1335 2191 1390 2221 ille
1405 2191 1586 2222 ardentiori
1601 2193 1716 2228 utitur,
1732 2192 1808 2233 quia

1131 2239 1179 2270 sic
1201 2239 1305 2269 iratus
1331 2240 1470 2279 quisque
1498 2241 1606 2271 suevit
1633 2241 1740 2281 loqui:
1770 2246 1807 2272 et

1130 2287 1231 2318 filium
1265 2296 1357 2317 suum
1391 2287 1450 2318 tali
1483 2287 1580 2318 modo
1614 2287 1806 2328 obiurgaret

1131 2335 1348 2375 Pomponius,
1367 2335 1394 2365 si
1417 2335 1559 2374 viveret,
1580 2344 1619 2375 ae
1639 2336 1807 2368 luxurian-

1130 2388 1197 2415 tem
1225 2387 1388 2414 cerneret.
1430 2382 1527 2421 Vide,
1558 2383 1676 2422 lector,
1706 2395 1805 2426 quam

1130 2431 1271 2470 solerter
1292 2435 1327 2462 et
1346 2430 1430 2461 salse
1454 2431 1586 2462 vellicet
1611 2431 1716 2472 Poeta
1737 2434 1808 2467 libi-

1130 2478 1280 2514 dinosum
1314 2477 1570 2521 adolescentem,
1599 2469 1689 2511 velut
1717 2481 1806 2513 aliud

1128 2536 1262 2570 agens,
1257 2531 1292 2558 et
1307 2527 1340 2558 ἐν
1350 2525 1477 2566 παρόδῳ.

1128 2607 1139 2612 ,,
1169 2579 1211 2607 56
1222 2565 1407 2609 Personam
1413 2575 1517 2615 pater]
1530 2575 1718 2622 Comoedus,
1730 2586 1806 2618 per·

1127 2633 1239 2655 sonam
1260 2623 1435 2656 sustineus
1449 2623 1552 2663 patris
1567 2623 1600 2655 in
1614 2619 1717 2657 filium
1731 2630 1805 2658 sto-

1126 2673 1320 2714 machantis,
1335 2674 1575 2715 succensentis,
1592 2674 1804 2716 increpantia,
