1904 3256
594 329 864 361 cARMmUM
903 329 998 359 mn.
1032 329 1098 359 iv.
1127 318 1171 358 8.
1528 317 1613 358 597

334 424 437 466 Non
458 423 663 466 incendia
684 423 965 478 Carthaginis
983 424 1148 478 impiae,

162 544 366 586 Carthaginis
375 545 517 577 incendia
530 544 632 585 magis
646 545 805 576 declarant
820 545 955 577 virtutes
964 544 1051 576 illiue
1063 543 1116 585 qui
1127 551 1266 574 reversus
1277 543 1325 572 est
1339 542 1468 581 adeptus
1483 539 1613 571 titulum

770 647 1006 663 ΝΙΝΙΜΟ

158 725 225 757 vita
239 724 326 755 bonis
345 724 526 755 καὶὴ-17
550 723 559 741 ‘
572 724 701 755 Versus
716 724 845 765 magnis
869 723 1126 756 difficultatibus
1141 722 1341 763 implicitus,
1351 720 1395 753 ob
1412 718 1559 751 confusa
1575 723 1613 751 et

159 766 342 799 commixta
364 767 453 797 iuter
474 775 511 797 se
533 766 678 798 duorum
701 767 899 808 Scipionum
925 766 1031 798 facta.
1076 766 1172 797 Nihil
1199 763 1350 805 praesidii
1374 768 1430 794 est
1451 762 1486 793 in
1512 761 1614 793 codd.

157 809 271 850 Igitur
286 810 422 849 oportet
445 809 499 840 vel
515 808 728 840 emendando
743 811 859 841 versui
882 818 1021 849 operam
1045 807 1134 846 dari,
1146 807 1200 839 vel
1217 807 1265 838 ita
1288 805 1560 846 interpretando,
1576 809 1615 836 ut

158 850 297 883 Horatii
312 851 419 882 honor
441 854 542 892 atque
563 850 722 883 doctrina
744 851 949 883 vindicetur.
995 850 1145 890 Cuning.
1162 848 1335 888 emendat,
1351 847 1520 888 impendia,
1534 856 1613 888 quae

157 892 312 934 explicat
327 892 469 932 tributa,
483 903 510 924 s.
526 893 719 934 vectigalia,
735 893 897 926 Romanis
912 902 932 924 a
947 893 1064 924 Poenis
1081 891 1284 934 pendenda3
1308 900 1384 922 cum
1396 889 1515 930 Scipio
1531 889 1615 920 Car-

158 935 330 976 thaginem
347 935 562 967 tributariam
576 934 730 968 fecisset.
774 936 910 977 Ingenii
925 935 1146 975 sagacitatem
1165 934 1199 965 in
1213 935 1276 965 hac
1294 932 1533 964 emendatione
1546 940 1614 962 nou

157 976 334 1009 desideres
348 987 358 1016 ;
381 978 409 1008 si
425 977 526 1009 modo
543 978 597 1009 vel
613 978 734 1010 tributi
749 979 878 1010 mentio
895 978 994 1010 valde
1010 979 1148 1018 placere
1171 977 1203 1008 li.
1219 977 1240 1007 l.
1264 980 1382 1017 posset
1403 974 1517 1006 sensui
1534 973 1614 1014 poe-

157 1021 238 1056 tico,
254 1020 308 1051 vel
323 1021 405 1051 satis
432 1020 566 1051 ostendi
593 1026 718 1060 posset,
733 1021 925 1061 impendium
941 1025 1036 1052 recte
1060 1029 1122 1061 pro
1139 1019 1267 1050 tributo
1284 1017 1408 1058 accipi.
1453 1017 1542 1048 Nam
1558 1026 1616 1056 ap.

156 1061 304 1094 Vari-on.
319 1061 364 1093 de
392 1063 483 1094 L.1.,
500 1070 549 1095 tv.
572 1068 663 1095 extr.
683 1064 765 1094 item
789 1074 845 1104 ap.
871 1063 943 1095 Cic.
960 1063 1060 1095 Brut.
1075 1071 1123 1094 iv.
1148 1061 1226 1094 Att.
1244 1070 1296 1093 vt.
1315 1064 1344 1092 1.
1371 1069 1438 1091 nou
1462 1059 1527 1090 uisi
1553 1068 1614 1099 pro

157 1113 272 1146 usura,
287 1114 314 1136 s.
329 1105 482 1137 auctario
498 1109 564 1138 est.
588 1105 656 1137 vid.
674 1106 754 1138 Ern.
771 1106 866 1138 Clav.
912 1105 1036 1146 Aptior
1064 1105 1200 1136 videtur
1215 1104 1310 1135 locus
1333 1103 1426 1135 Stat.
1444 1102 1538 1142 Sylv.
1556 1109 1614 1132 ιιι.

156 1148 190 1178 8.
203 1149 257 1179 88.
300 1147 428 1179 Verum
445 1151 482 1180 et
491 1147 537 1179 ibi
550 1148 708 1189 impendia
723 1158 792 1180 non
808 1153 888 1180 sunt
904 1148 1044 1188 tributa,
1056 1147 1117 1179 sed
1133 1147 1270 1178 omnino
1294 1145 1424 1176 reditus
1440 1143 1614 1184 Principis

157 1197 178 1219 e
200 1188 384 1230 provinciis
407 1199 592 1231 earumque
615 1188 798 1222 fructibus.
841 1191 961 1222 Secuti
986 1195 1101 1222 tamen
1132 1188 1392 1229 Cuningamium
1423 1185 1548 1218 Sanad.
1578 1190 1616 1217 et

156 1230 244 1262 Sivr.
258 1232 438 1272 probante·
455 1232 557 1263 etiam
584 1232 736 1264 Jonesio.
781 1233 897 1266 Quare
920 1242 998 1264 cum
1022 1241 1135 1273 neque
1150 1230 1346 1263 emendatio
1362 1229 1445 1260 satis
1462 1229 1551 1260 bona
1565 1228 1616 1259 lo-

159 1281 236 1303 cum
254 1273 394 1312 lrabeat,
404 1283 516 1314 neque
531 1274 774 1313 interpretatio
790 1274 933 1314 reperiri
950 1275 1069 1314 possit,
1080 1283 1156 1314 quae
1173 1283 1240 1303 non
1251 1270 1455 1302 difficultate
1467 1270 1615 1309 laboret,

159 1313 263 1346 facile
278 1315 442 1354 adducor,
458 1320 494 1346 ut
510 1315 669 1347 Bentleio
689 1316 866 1355 assentiar,
881 1316 937 1356 qui
964 1320 1074 1347 totum
1090 1325 1224 1346 versum
1249 1313 1432 1345 delendum
1457 1313 1590 1344 censuit
1605 1323 1615 1351 ;

159 1357 248 1397 quod
268 1366 358 1390 sane,
374 1358 539 1397 optimum
563 1357 709 1388 videtur.
744 1356 807 1388 Cff.
824 1358 917 1397 leges
934 1357 1080 1395 criticae,
1096 1366 1179 1396 quas
1197 1357 1231 1386 in
1249 1356 1403 1386 Excursu
1419 1363 1460 1385 n.
1478 1354 1520 1384 ad
1538 1354 1616 1386 libr.

158 1407 217 1430 ιιι.
237 1398 404 1429 dedimus.
449 1398 566 1428 Facile
581 1398 679 1429 nobis
702 1397 834 1438 fingere
851 1408 1040 1438 possumus,
1057 1397 1225 1438 quomodo
1242 1397 1401 1427 indoctus
1417 1400 1452 1426 et
1476 1395 1616 1435 ineptus

158 1440 424 1478 Grammaticus,
447 1440 504 1480 qui
526 1439 690 1479 audisset,
711 1449 867 1471 eversam
892 1449 966 1471 esse
991 1439 1233 1479 Carthaginem
1249 1448 1269 1469 a
1283 1438 1457 1478 Scipione,
1472 1446 1540 1468 non
1556 1446 1615 1468 cu-

157 1491 247 1522 rans,
262 1487 375 1513 utrum
393 1481 437 1512 ab
451 1481 529 1520 hoc,
542 1491 585 1512 au
601 1481 643 1513 ab
659 1481 739 1520 alio,
754 1491 893 1513 assuere
909 1491 1042 1513 versum
1060 1484 1114 1513 17.
1137 1481 1203 1513 sibi
1224 1480 1386 1512 sumserit
1400 1490 1409 1511 ι
1433 1479 1522 1521 quod
1539 1489 1616 1519 pro—

154 1523 248 1556 fecto
265 1523 489 1565 probabilius,
503 1533 620 1565 quam,
636 1524 678 1556 ab
693 1524 769 1565 ipso
784 1524 930 1556 Horatio
941 1525 994 1556 vel
1010 1529 1078 1556 tam
1095 1528 1230 1565 turpem
1244 1532 1395 1555 errorem
1411 1521 1618 1563 profectum,

155 1567 210 1598 vel
226 1575 339 1598 veram
359 1567 567 1598 senteutiam
583 1571 653 1598 tam
671 1567 896 1607 incommoda,
911 1567 1059 1599 obscura
1083 1566 1205 1599 eadem
1221 1571 1255 1598 et
1271 1566 1444 1607 ambigua,
1459 1565 1615 1596 dictione

155 1618 351 1650 expressam
367 1618 455 1651 esse,
471 1619 572 1651 quam
588 1618 655 1641 non
673 1611 781 1649 possit
803 1619 873 1641 non
889 1610 998 1650 primo
1014 1610 1184 1650 adspectu
1200 1609 1244 1640 de
1260 1618 1381 1641 eversa
1406 1607 1616 1648 Carthagine

154 1651 264 1684 lector
279 1652 423 1694 quisque
450 1652 598 1683 nondum
615 1657 805 1692 occupatus
825 1653 996 1693 accipere.
1041 1651 1194 1684 Accusat
1220 1652 1337 1683 Bentl.
1350 1651 1455 1683 etiam
1478 1650 1617 1690 neglec-

157 1698 225 1725 tam
246 1693 280 1725 in
304 1695 445 1726 alterins
474 1694 574 1735 pedis
591 1694 795 1726 Choriambo
812 1695 999 1734 Caesuram,
1018 1695 1234 1736 divisumque
1257 1694 1460 1725 vocabulum
1480 1692 1615 1723 Cartha-

153 1736 251 1776 ginis,
269 1736 359 1778 quod
375 1737 408 1768 in
424 1746 523 1768 versu
540 1735 768 1777 Asclepiadeo
786 1746 852 1768 non
872 1736 1054 1768 ferendum
1073 1738 1191 1768 vitium
1208 1735 1262 1766 sit.
1308 1735 1394 1766 Aliis
1410 1735 1445 1765 in
1461 1734 1614 1765 versibus

154 1778 280 1810 talibus
301 1779 451 1818 Horatii,
466 1779 524 1810 ubi
542 1779 575 1809 in
589 1779 731 1810 Caesura
742 1779 806 1810 hac
823 1779 961 1810 verbum
979 1779 1166 1811 dissectum
1182 1787 1259 1809 esse
1276 1777 1446 1811 videatur,
1463 1775 1517 1807 vel
1533 1776 1617 1807 ulti-

155 1829 243 1852 mam
259 1821 332 1862 ejus
347 1821 510 1862 syllabam
526 1821 670 1852 elisione
687 1821 782 1862 quasi
804 1821 948 1860 aboleri,
963 1826 1001 1853 ut
1029 1831 1104 1862 sup.
1122 1831 1172 1852 vs.
1188 1823 1240 1851 16.
1257 1820 1338 1850 item
1358 1828 1384 1851 1.
1410 1818 1545 1850 0d-21.
1563 1820 1614 1849 13.

154 1871 180 1894 1.
206 1863 274 1895 Od.
295 1866 349 1895 24.
367 1865 418 1895 14.
451 1872 508 1895 ιιι.
533 1862 601 1895 od.
624 1866 677 1894 24.
690 1866 743 1895 52.
778 1872 836 1894 ιιι.
861 1863 1000 1896 Od.so.
1022 1867 1052 1895 1.
1091 1872 1141 1895 iv.
1170 1862 1239 1894 Od.
1257 1864 1358 1893 5.22.
1388 1861 1442 1892 vel
1472 1860 1615 1900 primam

155 1905 320 1946 syllabam
337 1910 510 1947 resectam
526 1910 661 1946 partem
678 1905 835 1937 vocabuli
851 1910 1029 1937 externam
1046 1910 1082 1937 et
1109 1904 1335 1936 adventitiam
1349 1912 1439 1939 esse,
1453 1912 1511 1943 np.
1526 1911 1615 1942 prae-

153 1947 371 1989 positionem,
387 1953 424 1980 ut
441 1956 465 1980 ι.
483 1947 553 1979 011.
565 1950 616 1979 12.
632 1950 686 1979 25.
721 1949 849 1980 Contra
866 1948 900 1979 in
915 1948 1123 1988 Carthaginis
1140 1947 1282 1988 primam
1294 1946 1460 1987 syllabam
1475 1945 1525 1976 ita
1538 1954 1616 1986 pro-

154 1990 263 2031 priam
281 1990 444 2022 vocabulo
469 1999 559 2029 esse,
576 1994 613 2021 ut
636 1989 753 2022 divelli
776 1989 857 2022 inde
881 2000 947 2022 non
971 1991 1089 2031 possit.
1135 1991 1266 2022 Verum
1292 1989 1356 2020 hoc
1380 1996 1503 2028 urgere
1520 1987 1615 2028 equi-

154 2032 232 2064 dem
258 2033 376 2073 nolim,
404 2042 481 2065 cum
506 2037 658 2071 constet,
672 2033 831 2074 exemplo
855 2037 891 2065 et
917 2033 1105 2065 imitatione
1131 2033 1334 2065 Graecornm
1358 2031 1554 2063 liberiorem
1579 2030 1615 2061 in

153 2073 345 2107 dividendis
360 2075 535 2107 vocabulis
551 2084 626 2106 esse
641 2074 839 2115 Horatium,
854 2075 911 2116 qui
928 2076 982 2107 vel
999 2077 1032 2107 in
1049 2075 1115 2106 duo
1131 2084 1248 2106 versus
1273 2073 1380 2106 verba
1401 2072 1616 2112 distraxerit,

154 2120 195 2147 ut
210 2125 236 2147 1.
251 2117 320 2149 Od.
336 2120 370 2149 2.
383 2120 437 2149 19.
459 2127 502 2149 ιι.
518 2117 587 2148 Od.
604 2120 658 2149 16.
674 2120 707 2148 7.
731 2122 835 2158 atque
851 2118 936 2149 alias
951 2118 1054 2150 etiam
1072 2117 1174 2150 simili
1189 2117 1327 2149 licentia
1341 2116 1515 2147 Caesuram
1532 2124 1615 2155 neg-

154 2158 293 2195 lexerit,
309 2164 346 2190 ut
368 2168 394 2191 1.
419 2158 557 2191 Od.37.
575 2162 628 2191 14.
663 2168 718 2191 1v.
743 2159 812 2191 Od.
837 2162 890 2191 14.
915 2163 968 2193 17.
1012 2161 1175 2192 Ceterum
1198 2159 1290 2201 quod
1317 2159 1466 2199 Cuniug.
1493 2167 1614 2199 parum

153 2200 283 2233 laudari
299 2201 496 2242 Scipionem
521 2206 621 2242 putat
648 2211 669 2232 a
683 2201 755 2232 solo
776 2211 830 2242 eo,
845 2203 935 2243 quod
952 2203 1183 2235 Hannibalem
1200 2202 1302 2234 Italia
1325 2200 1531 2239 extraxerit,
1546 2209 1614 2232 non

154 2243 333 2284 cogitavit,
348 2244 412 2276 hoc
439 2244 548 2285 ipsum
567 2253 668 2274 unum
685 2243 813 2276 factum
830 2245 1091 2286 praerogativam
1114 2245 1273 2277 babuisse
1290 2245 1405 2276 Romae
1421 2243 1610 2283 servandae,

153 2285 327 2318 mutandae
352 2295 465 2318 rerum
487 2285 601 2326 faciei,
617 2285 866 2328 domandaeque
891 2287 1131 2329 Carthaginis3
1155 2293 1191 2320 et
1217 2288 1278 2329 sic,
1293 2286 1431 2329 poetica
1447 2285 1615 2324 doctrina,

810 2394 953 2427 NOTAE

177 2510 180 2514 ,
196 2468 236 2498 17
259 2465 412 2498 lucendio
421 2466 627 2506 Carthaginis
637 2467 756 2508 impiae]
770 2467 856 2501 Pub.
912 2479 975 2510 per
989 2470 1166 2501 continuos
1188 2469 1309 2501 decem
1331 2473 1367 2500 et
1384 2473 1519 2508 septem
1542 2466 1614 2498 dies

155 2515 268 2556 Scipio
284 2514 468 2547 Africanus
485 2516 518 2547 id
532 2517 675 2548 nominis
694 2518 788 2558 prior
802 2523 857 2550 est
910 2519 968 2550 vix
985 2520 1099 2560 potuit
1120 2519 1314 2551 incendium
1337 2517 1504 2558 extingui,
1521 2515 1612 2557 quod

155 2565 300 2606 adeptus
316 2575 327 2605 3
356 2565 448 2607 quod
485 2566 679 2599 Hannibale
716 2567 856 2600 devicto
909 2569 1066 2601 domibus
1077 2579 1119 2600 ac
1131 2569 1270 2609 templis
1281 2568 1351 2598 suis
1363 2571 1485 2607 sponte
1498 2567 1613 2598 hostes

157 2611 394 2656 Carthaginem
440 2615 659 2648 tributariam
703 2616 857 2649 fecisset.
910 2619 1148 2659 immiserant‚'
1161 2621 1225 2650 διο.
1270 2619 1363 2650 Flor.
1381 2626 1422 2648 ιι.
1440 2619 1493 2649 15.
1526 2617 1612 2648 Por-

156 2661 234 2693 Fttit
247 2668 366 2703 postea
379 2665 496 2707 Scipio
511 2666 521 2684 ⁴
535 2666 646 2699 Paulo
657 2667 856 2699 Macedoni·
911 2679 962 2708 ro,
979 2674 1018 2700 ut
1035 2669 1130 2700 vides
1143 2669 1266 2707 lector,
1282 2673 1463 2709 nti-umque
1480 2666 1534 2698 bic
1549 2676 1613 2708 par

156 2718 198 2741 co
222 2719 432 2755 procreatus,
453 2714 608 2748 Africani
629 2716 720 2748 illius
741 2717 857 2758 magni
910 2719 1086 2751 licentiam
1103 2718 1272 2759 poeticam
1288 2717 1452 2750 Horatius
1466 2715 1612 2748 confun-

157 2758 310 2799 fflimsin
329 2761 433 2803 decus
458 2767 569 2805 gentis
591 2771 776 2808 assumtus,
791 2768 856 2799 hoc
910 2769 977 2810 dit,
1003 2769 1048 2801 ob
1071 2768 1274 2802 affinitatem
1297 2777 1411 2800 rerum
1438 2777 1478 2799 ac
1503 2767 1611 2799 nomi-

157 2809 290 2842 scilicet
304 2809 376 2843 fato
395 2817 434 2844 ut
455 2824 559 2854 quam
581 2818 700 2850 urbem
715 2827 856 2851 concus-
909 2829 1002 2851 uum.

158 2864 249 2892 uerat
273 2869 369 2902 avus,
390 2870 494 2903 nepos
514 2865 585 2906 ejus
600 2872 785 2900 everteret.
799 2891 807 2901 .
822 2889 831 2900 .
845 2892 854 2901 .
966 2867 1172 2908 Carthaginis
1201 2867 1322 2910 ἐπρίω]
1358 2868 1446 2901 Quae
1479 2868 1614 2900 scilicet
