1890 3256
612 282 890 316 sermonum
927 283 1020 313 mn.
1051 282 1104 313 11.
1132 272 1175 314 3.

1547 270 1632 312 987

174 380 310 422 Mane
332 380 420 431 die,
441 392 530 432 quo
549 382 594 420 tu
613 377 776 419 indicis
791 377 979 431 jejunia,
999 376 1142 418 nudus

170 447 226 489 In
246 447 397 490 Tiberi
416 446 580 488 stabit:
611 457 746 487 casus
765 445 1022 486 medicusve
1043 443 1202 486 levarit

171 514 353 568 AEgrum
371 525 428 554 ex
448 511 684 566 praecipiti,
705 515 846 552 mater
865 511 1002 552 delira
1019 510 1198 552 necabit

171 581 224 622 In
245 579 393 634 gelida
411 579 549 620 fixum
565 579 678 632 ripa,
698 578 946 633 febrimque
968 578 1147 619 reducet
1164 591 1174 619 :

172 646 329 698 Quone
349 646 467 688 malo
482 649 668 687 mentem
690 647 938 687 concussa?
971 646 1130 687 timore
1148 645 1363 687 Deorum.

1546 645 1632 685 295

172 713 290 756 Haec
311 712 418 755 mihi
439 713 678 755 Stertinius
698 713 945 767 sapientum
967 719 1154 755 octavus
1174 713 1318 754 amico

172 852 271 875 we

269 843 450 883 grandim
462 843 610 874 immittis
622 846 654 874 et
669 841 789 883 aufers,
802 843 832 874 si
845 843 976 883 frigida
987 846 1142 883 quartana
1157 844 1320 884 reliquerit
1339 853 1441 875 meum
1463 843 1636 886 huncfilio-

171 886 246 925 lum,
257 886 358 917 nudus
369 887 403 917 in
416 885 524 918 Tiberi
537 885 636 917 stabit
651 895 752 925 mane,
768 895 827 926 quo
841 885 892 917 die
903 885 1068 925 tujejunia
1078 887 1268 926 proeucribis.
1304 887 1416 926 Itaque
1423 895 1476 917 seu
1487 896 1576 918 casus
1585 896 1638 918 seu

170 928 309 960 medicus
322 931 479 967 egrotum
499 938 516 959 e

533 928 671 969 periculo
689 927 880 968 liberaverit,
895 938 1009 960 vesana
1021 938 1135 968 parens
1149 929 1182 960 in
1194 930 1323 969 frigido
1339 929 1443 961 littore
1457 932 1586 964 statuet,
1600 939 1638 960 ac

170 975 315 1002 reuocata
323 970 410 1010 febri
420 971 590 1002 interimet.
637 971 744 1011 Ecqua
759 971 864 1002 morbo
878 974 979 1002 mente
992 970 1107 1011 affecta
1118 975 1131 1002 t
1144 975 1229 1004 metu
1243 972 1411 1003 numinum.
1447 972 1636 1002 DAMAsu’.

173 1013 215 1044 ad
231 1013 376 1045 Horum.
392 1013 462 1044 Ista
476 1013 554 1045 milii
568 1013 651 1045 veltet
665 1013 764 1045 amico
778 1014 867 1045 dedit
878 1023 966 1045 arma
981 1014 1156 1046 Stertinius
1170 1015 1345 1055 sapientum
1355 1018 1492 1054 octavus,
1503 1023 1541 1045 ne
1549 1015 1638 1045 dein-

774 1113 1018 1127 oocuouneae

173 1189 240 1220 289
263 1188 356 1220 Han.
372 1192 402 1222 1.
417 1189 607 1229 messesjam
622 1189 875 1232 quinqua—291
898 1191 1021 1231 Magne
1036 1192 1087 1224 die
1103 1191 1200 1224 Harl.
1219 1195 1249 1223 3.
1267 1194 1410 1224 6.-295
1435 1190 1577 1223 Grotius
1594 1189 1637 1221 ad

827 1299 972 1331 NOTAE

174 1389 300 1421 corpus
328 1378 455 1421 frigore
485 1385 522 1413 et
552 1381 694 1413 horrore
724 1382 879 1414 concuti-

174 1433 243 1461 tur.

216 1480 278 1513 1110
301 1481 364 1521 die,
388 1491 462 1522 quo,
486 1480 557 1522 qm]
579 1481 649 1514 Die
677 1491 800 1523 nempe
815 1482 876 1515 Jo-

173 1530 316 1572 vis,quo
333 1529 470 1572 jejunia
495 1529 736 1563 indicebantur
758 1540 778 1563 a
801 1532 876 1564 Ma-

173 1580 373 1622 gistratibns
403 1590 443 1612 ac
473 1580 732 1621 Sacerdotibus,
755 1591 830 1624 quae
857 1592 877 1614 a

173 1631 302 1673 populo
323 1631 359 1663 in
373 1631 470 1664 Jovis
484 1631 646 1663 bonorem
663 1632 878 1664 observanda

174 1686 286 1713 erant.
329 1681 464 1713 Morem
479 1686 575 1714 certe
590 1683 681 1714 bunc
696 1682 878 1715 hauserant

174 1730 348 1768 aJudaeis,
375 1731 561 1774 Chaldaeis,
586 1732 772 1774 AEgyptiis,
794 1742 877 1774 quo—

173 1790 248 1812 rum
277 1781 399 1822 ingens
435 1786 512 1814 erat
548 1782 667 1814 Romae
707 1791 878 1814 numerus.

173 1829 231 1862 lui
255 1831 347 1862 enim
363 1830 405 1862 ad
430 1831 590 1863 solennes
606 1829 714 1863 festos
732 1841 770 1863 se
789 1832 879 1872 jeju-

174 1881 240 1913 niis
259 1881 512 1923 praeparabant,
535 1885 571 1913 ut
588 1885 624 1912 et
645 1881 748 1913 hodie
766 1881 878 1913 Chris-

174 1931 271 1963 tiani-

220 1980 336 2011 Nudtw
351 1979 391 2011 In
402 1979 509 2011 Tiberi
521 1978 635 2020 stabit]
657 1979 764 2013 Quasi
776 1984 814 2012 ut
828 1984 880 2011 to-

178 2034 214 2061 to
243 2028 380 2061 ablutus
409 2039 567 2071 corpore,
590 2031 668 2062 hinc
697 2032 815 2071 purior
838 2032 880 2063 ad

178 2079 275 2112 Jovis
291 2089 393 2111 secra
409 2079 629 2120 procederet.
673 2079 710 2111 Is
727 2086 880 2112 veterum

179 2138 252 2162 mos
268 2135 344 2161 erat
359 2129 641 2170 superstitioque.
664 2129 787 2171 Virgil.
805 2130 879 2163 AEn.

178 2188 230 2211 iv.
261 2179 271 2197 ‘
282 2177 484 2211 Attrectare
498 2177 606 2214 nefas,
622 2178 733 2210 donec
748 2188 802 2210 me
817 2178 878 2210 flu-

178 2228 271 2260 mine
301 2228 379 2260 vivo
404 2227 583 2260 Abluero.'
626 2229 785 2261 Juvenal.
807 2229 878 2261 Sat.

182 2287 233 2309 vr.
261 2280 337 2310 ⁵21.
365 2277 586 2319 ‘Hybernum
621 2277 734 2310 fracta
770 2279 882 2318 glacie

177 2326 369 2359 descendet
393 2326 425 2358 in
448 2331 604 2358 amnem:
628 2327 697 2357 Ter
710 2328 882 2360 matutino

179 2375 301 2409 Tiberi
321 2380 508 2417 mergetur,
525 2380 562 2407 et
585 2376 668 2418 ipsis
685 2377 882 2409 Vorticibus

181 2425 335 2458 timidum
364 2430 468 2466 eaput
498 2425 640 2458 abluet!
687 2426 785 2458 Pers.
808 2428 882 2460 Sat.

181 2484 224 2508 ιι.
240 2478 293 2508 ιδ.
314 2476 324 2493 ¹
336 2475 422 2507 Haec
443 2480 564 2507 sancte
580 2481 619 2508 ut
635 2486 769 2517 poscas,
784 2477 883 2509 Tibe-

181 2525 257 2556 rino
282 2525 317 2556 in
340 2525 475 2566 gurgite
499 2526 624 2568 mergis
649 2527 754 2558 Mane
777 2531 883 2568 caput

184 2573 238 2606 bis
254 2573 399 2615 terque,’
415 2577 482 2606 διο.

226 2625 291 2655 292
315 2623 418 2655 Cam
444 2625 618 2657 medicinae
644 2626 776 2668 levarit]
811 2626 882 2658 Sae-

185 2672 262 2714 pius
275 2672 363 2703 enim
379 2682 498 2714 parum
520 2675 610 2706 valet
624 2675 755 2707 Medici
769 2676 882 2707 indus-

185 2723 253 2755 tria
277 2721 441 2754 adversus
461 2728 685 2764 quartanam:
708 2735 782 2767 quae
805 2735 882 2766 pro-

186 2771 266 2804 inde
282 2777 423 2804 vocatur
437 2773 623 2806 medicorum
634 2776 841 2816 opprobrium.

230 2827 293 2857 293
324 2824 433 2857 Mater
460 2825 559 2856 delira
585 2827 722 2868 necabit]
749 2829 886 2860 Vesana

912 2566 917 2569 ᾖ
934 2527 1039 2559 sunt!

933 1388 1046 1415 mater
1071 1383 1143 1415 voti
1173 1393 1210 1414 se
1237 1382 1404 1423 religione
1433 1386 1556 1423 putans
1579 1381 1637 1414 ob·

932 1431 1055 1472 stringi
1069 1431 1112 1462 nd
1130 1431 1349 1463 statuendum
1366 1441 1442 1462 eum
1459 1431 1585 1462 nudum
1603 1432 1636 1462 in

932 1479 1048 1520 gelido
1074 1479 1226 1520 flumine,
1254 1480 1398 1512 reducet
1427 1480 1551 1511 febrim
1582 1480 1639 1512 de-

932 1531 1079 1572 pulsam,
1096 1535 1131 1562 et
1146 1530 1252 1562 filium
1267 1530 1440 1562 enecabit.

972 1582 1035 1611 295
1063 1581 1187 1612 Timore
1209 1579 1367 1620 Deorum]
1392 1580 1461 1611 Cic.
1484 1579 1528 1611 de
1554 1579 1637 1611 Nat.

931 1629 1040 1661 Deor.
1070 1639 1094 1661 1.
1124 1639 1158 1660 n.
1190 1632 1264 1661 118.
1299 1629 1364 1660 ‘In
1395 1629 1637 1669 superstitione

931 1679 1021 1710 inest
1053 1679 1154 1710 timor
1183 1679 1294 1710 inanis
1318 1679 1495 1710 Deorum:
1521 1679 1637 1720 religio

932 1728 1086 1759 Deorum
1103 1729 1200 1760 cultu
1217 1728 1276 1769 pio
1291 1727 1511 1760 continetur.'

976 1781 1041 1811 296
1064 1778 1146 1810 Hoec
1168 1778 1247 1810 mihi
1269 1777 1456 1818 Stertinius,
1470 1778 1541 1818 ἔξω]
1567 1778 1637 1809 Da-

934 1828 1109 1870 masippus
1120 1837 1310 1860 sermonem
1326 1827 1461 1866 finiens,
1474 1827 1561 1858 Haec
1574 1837 1639 1868 ego

933 1878 1154 1918 documenta,
1171 1878 1293 1919 inquit,
1307 1877 1405 1908 hausi
1426 1882 1463 1908 et
1483 1878 1602 1918 accepi
1620 1887 1638 1908 a

932 1927 1111 1967 Stertinio,
1138 1928 1196 1969 qui
1237 1935 1318 1958 sane
1353 1931 1504 1957 meretur
1534 1935 1638 1957 annn-

934 1977 1059 2009 merari
1089 1983 1222 2018 septem
1241 1976 1388 2008 Graeciae
1415 1976 1639 2017 sapientibus.

935 2028 1023 2062 Quae
1053 2037 1134 2059 vero
1159 2027 1239 2059 illa?
1262 2026 1424 2068 (adverte
1442 2036 1540 2068 quam
1558 2036 1637 2058 acre

936 2076 1139 2119 ludibrium)
1167 2077 1326 2109 nimirum
1357 2081 1432 2108 tota
1457 2077 1637 2117 sapientiae

936 2127 1094 2159 Stertiuii
1119 2129 1191 2159 laus
1214 2129 1248 2159 in
1273 2137 1315 2159 eo
1333 2131 1399 2167 est,
1416 2125 1506 2168 quod
1523 2136 1638 2158 omnes

933 2177 1055 2208 stultos
1067 2186 1142 2208 esse
1158 2176 1328 2208 docuerit.
1613 2200 1619 2202 .

975 2225 1157 2267 Sapientiam
1196 2225 1337 2267 octavus]
1373 2226 1429 2258 Sic
1464 2227 1638 2260 Juvenalis

936 2278 1011 2309 Sat.
1038 2286 1079 2309 ιι.
1102 2281 1159 2310 40.
1179 2277 1339 2310 ‘Tertius
1364 2287 1384 2309 e
1409 2278 1494 2309 coelo
1512 2278 1638 2309 cecidit

936 2327 1046 2359 Cato.'
1078 2327 1141 2358 vDe
1167 2333 1299 2368 septem
1316 2328 1382 2359 illis
1399 2329 1479 2358 viris
1503 2328 1638 2366 sapien-

936 2377 995 2409 tiae.
1011 2376 1103 2408 fama
1127 2378 1282 2418 inclytis,
1298 2377 1347 2408 ita
1363 2377 1435 2408 Cic.
1449 2377 1492 2407 de
1507 2377 1582 2407 Fin.
1599 2385 1638 2407 n.

934 2437 969 2460 n.
983 2429 1017 2460 7.
1041 2427 1203 2468 ‘Septem
1220 2428 1271 2458 illi
1289 2436 1355 2458 non
1368 2435 1442 2465 suo,
1455 2425 1513 2456 sed
1530 2435 1638 2465 popu-

935 2479 1042 2510 lorum
1080 2478 1231 2509 omnium
1267 2475 1430 2515 suffragio
1474 2475 1639 2506 nominati

1085 2528 1164 2559 Non
1198 2525 1418 2557 consentiunt
1449 2533 1565 2555 omnes
1594 2525 1638 2557 de

935 2576 1075 2617 singulis
1093 2580 1230 2613 tamen;
1254 2579 1288 2605 at
1305 2577 1450 2615 quatuor
1463 2573 1498 2603 bi
1511 2573 1554 2604 ab
1566 2575 1637 2606 nni-

936 2626 1043 2658 versis
1059 2628 1313 2666 agnoscuntur:
1335 2623 1456 2654 Thales
1470 2623 1639 2665 Milesius,

938 2677 1018 2708 Bias
1040 2675 1220 2713 Prieneus,
1240 2674 1391 2704 Pittacus
1407 2672 1640 2714 Mityleneus,

939 2727 1041 2758 Solon
1059 2723 1303 2756 Atheniensis:
1326 2722 1447 2764 quibus
1471 2722 1528 2753 alii
1553 2723 1636 2755 alios

939 2776 1160 2807 subnectunt.
1183 2773 1275 2813 Ergo
1286 2778 1322 2803 et
1337 2772 1394 2803 isti
1407 2772 1639 2813 celebrantur,

939 2824 1188 2864 Aristodemus,
1213 2822 1409 2862 cleobulus,
1437 2822 1640 2863 Periander,
