1904 3256
668 300 855 331 EponoN
892 300 1054 330 LlBER.

128 393 197 435 Te
214 399 358 436 manet
378 393 592 435 Assaraci
611 393 760 444 telluS‚
780 406 915 449 quam
933 393 1092 447 frigida
1114 392 1238 446 parvi

188 461 385 502 Findnnt
402 460 658 502 Scamandri
680 461 874 511 fiumina,
892 461 1095 502 lubricus
1113 463 1156 501 et
1175 458 1340 500 Simois
1356 471 1368 510 ;

129 527 259 569 Unde
280 529 362 569 tibi
383 527 566 569 reditum
590 532 705 569 certo
726 529 969 570 subtemine
993 529 1147 570 Parcae

188 594 398 649 Rupere;
429 607 511 635 nec
531 599 673 635 mater
694 594 872 637 domum
894 596 1061 637 coerula
1082 599 1127 637 te
1147 594 1343 636 revehet.

130 662 232 704 Illic
253 674 382 702 omne
402 661 565 703 malum
587 661 692 703 vino
715 667 938 716 cantuque
957 662 1116 712 levato,

186 728 418 771 Deformis*
432 728 702 781 aegrimoniae
722 729 930 771 dulcibus
951 729 1176 783 alloquiis.

1530 525 1586 568 15

107 896 112 899 ¹
127 857 217 894 tidie.
233 861 377 898 expectat
391 861 423 890 te
437 858 524 898 regio
538 859 701 899 Assaraci,
718 869 810 899 quam
824 859 935 898 rigant
947 858 1046 901 fluvii
1060 857 1249 890 Scamander
1262 856 1408 897 exiguus,
1423 859 1455 888 et
1470 855 1587 888 Simois

127 900 257 940 rapidus
264 911 277 938 ‚·
297 902 376 932 unde
399 911 572 940 regressum
592 902 651 933 tibi
668 903 779 933 Parcae
793 901 1032 932 intercluserunt
1050 901 1157 932 stabili
1170 901 1251 942 filo.-
1274 909 1369 940 neque
1388 909 1500 940 parens
1519 909 1585 930 ma-

126 942 200 974 rina
213 946 245 975 te
265 945 387 975 domum
399 945 536 976 reducet.
583 944 635 975 Ibi
656 954 730 984 ergo
752 944 876 984 quasvis
897 953 1052 975 arumnas
1066 943 1179 983 mitiga
1198 953 1255 984 per
1270 943 1374 974 vinum
1388 945 1417 974 et
1433 942 1584 982 carmina,

128 993 199 1024 μω
212 986 272 1017 duo
286 989 358 1018 sunt
377 990 475 1026 grata
489 987 625 1018 remedia
640 987 776 1018 horridae
790 987 1004 1027 oegritudinis.

728 1081 848 1094 “Off“
852 1081 951 1095 “0¹00
955 1080 972 1093 Ι

127 1158 201 1187 nate
221 1167 311 1198 puer,
340 1157 480 1194 Thetide,
506 1158 773 1198 improbantibus
799 1160 904 1191 Baxt.
925 1163 962 1191 et
985 1159 1177 1190 Gesn.—1.⁹‚
1201 1157 1310 1189 Codd.
1325 1164 1441 1188 omnes
1456 1159 1490 1186 et
1505 1154 1584 1186 edd.

206 1199 240 1237 i;
264 1198 521 1232 Commentator
552 1201 693 1242 Cruquii
718 1201 809 1242 conj.
831 1202 948 1242 praci;
988 1201 1065 1232 Nic.
1092 1200 1256 1231 Heinsius
1275 1199 1382 1242 flach
1404 1198 1584 1230 Bentleius

125 1241 231 1280 proni,
246 1241 305 1272 sed
322 1242 406 1273 nihil
423 1242 661 1274 solicitandum
685 1244 915 1284 putavit.-—l5
940 1244 1055 1275 Bentl.
1082 1244 1173 1283 conj.
1200 1245 1288 1274 curto
1311 1241 1491 1279 subtemine,
1507 1249 1586 1282 pro-

129 1281 233 1314 bante
249 1282 427 1323 Gesner03
451 1290 486 1316 et
508 1285 615 1324 recip.
642 1285 768 1317 Sanad.
796 1287 946 1325 Towem,
974 1291 1009 1317 et
1036 1287 1188 1317 Francis.
1214 1285 1406 1316 substantivae
1422 1284 1522 1315 Gott.
1548 1283 1586 1314 e't

129 1324 215 1356 Exc.
240 1326 320 1358 Sax.
356 1327 548 1367 subtegmine
573 1327 691 1359 Zarot.
715 1328 857 1360 Medici.
875 1331 970 1360 1477.
986 1330 1090 1360 1486..
1107 1329 1244 1359 Venett.
1262 1329 1358 1358 1477.
1373 1328 1470 1357 1478.
1487 1328 1584 1357 1479.

128 1368 225 1399 1486.
248 1367 401 1406 Florent.
417 1371 511 1400 1482.
526 1368 606 1400 Ald.
621 1369 752 1410 Gryph.
767 1375 803 1401 et
821 1371 864 1401 R.
877 1370 997 1410 Steph.
1013 1380 1070 1410 ap.
1089 1370 1198 1401 Genu.
1219 1369 1392 1400 subtemine
1410 1368 1448 1398 R.
1463 1367 1586 1407 Steph.

128 1410 222 1439 1⁶1³.
246 1413 283 1440 et
297 1409 342 1440 H.
357 1410 476 1450 Steph.
491 1415 526 1441 et
540 1411 589 1440 sic
605 1410 705 1441 Harl.
723 1415 753 1442 1.
767 1414 800 1442 2.
816 1413 848 1441 3.
860 1413 892 1441 4.
907 1415 937 1443 6.
958 1412 1068 1442 ceteri
1093 1412 1194 1442 codd.
1219 1416 1255 1441 et
1280 1409 1358 1440 edd.
1388 1413 1582 1440 recenti.—

128 1451 170 1481 18
193 1449 295 1482 Harl.
313 1454 344 1483 1.
359 1454 390 1483 2.
404 1454 436 1483 3.
450 1453 484 1483 4.
499 1454 530 1483 6.
554 1451 653 1483 Gott.
669 1453 776 1484 Brod.
795 1453 917 1484 Bland.
936 1455 966 1484 1.
982 1455 1012 1483 2.
1029 1455 1061 1484 3.
1076 1454 1107 1483 4.
1124 1451 1280 1493 Cruquii,
1295 1459 1412 1482 omnes
1426 1451 1584 1482 Lambini

125 1491 184 1523 alii
199 1493 437 1533 quamplurimi
453 1502 529 1524 cnm
546 1493 623 1525 edd.
640 1494 746 1536 antiq.
764 1495 904 1526 Venett.
922 1494 1064 1527 Mediol.
1081 1494 1198 1526 Zarot.
1218 1495 1368 1525 Florent.
1383 1498 1419 1524 et
1443 1493 1583 1524 Locher.

124 1533 209 1566 item
236 1535 353 1567 Lamb.
376 1535 483 1576 Cruq.
503 1536 662 1570 Torrent.
689 1536 735 1568 H.
751 1542 788 1568 et
804 1537 844 1568 R.
861 1537 980 1577 Steph.
998 1537 1120 1568 Heius.
1137 1538 1252 1568 Burm-
1274 1535 1387 1567 Bond.
1410 1536 1583 1567 Schrevel.

125 1575 251 1617 Delph.
265 1577 403 1610 Talbot.
429 1578 528 1618 Pine,
550 1578 650 1610 Baxt.
671 1578 775 1611 Gesn.
793 1579 900 1611 Zenn.
917 1580 1057 1621 Bipont.
1075 1579 1215 1611 Mitsch.
1229 1579 1374 1610 Wetzel.
1399 1584 1435 1609 et
1463 1578 1581 1610 Comb.

123 1619 317 1658 «agrimonia
343 1620 484 1652 dulcibus
510 1621 664 1662 alloquiis,
693 1622 767 1653 sine
794 1623 928 1663 copula.
979 1626 989 1640 ‘
1003 1623 1058 1654 Ita
1088 1621 1226 1663 quidem
1254 1620 1416 1652 exhibent
1446 1621 1582 1651 codices

124 1661 256 1703 scripti,
271 1667 339 1694 tam
355 1663 498 1694 aliorum
515 1673 616 1705 quam
632 1664 740 1695 nostri
755 1675 765 1703 ;
789 1674 900 1705 neque
915 1665 950 1695 in
967 1664 1036 1695 ullo
1051 1664 1121 1695 vidi
1146 1663 1421 1704 conjunctionem
1438 1666 1468 1693 et
1485 1662 1582 1693 addi-

125 1707 207 1744 tam,
221 1704 285 1736 nisi
308 1705 400 1737 inter
423 1705 542 1744 lineas,
566 1711 605 1738 ut
631 1706 758 1738 habent
779 1707 1008 1746 Batteliauus,
1024 1706 1142 1746 Regiae
1158 1705 1352 1744 Societatis,
1366 1705 1583 1743 Graevianus‚

125 1745 343 1788 Regillensis.
384 1748 483 1779 Solus
500 1748 777 1787 Magdalenensis
802 1750 834 1780 in
858 1749 933 1789 ipso
951 1758 1048 1780 versu
1071 1758 1250 1789 perperam
1272 1747 1405 1782 statuit,
1427 1747 1581 1778 dulcibus-

123 1797 183 1829 que
194 1789 364 1831 alloquiis!
379 1791 496 1822 Bentl.
541 1792 634 1823 Hinc
650 1791 763 1823 Bentl.
782 1791 928 1832 Cuuing.
944 1791 1070 1823 Sanad.
1084 1791 1239 1830 Towers,
1254 1790 1408 1828 Francis,
1424 1793 1459 1820 et
1473 1789 1581 1820 Kidd.

123 1840 160 1862 ac
173 1832 315 1864 dulcibus
325 1833 492 1874 alloquia-1,-
513 1838 550 1865 et
563 1833 699 1866 Wakef.
715 1837 747 1866 et
761 1834 902 1866 dulcibus
915 1834 1070 1875 alloquiis.
1113 1833 1182 1866 Sed
1197 1833 1321 1874 copula
1337 1837 1389 1864 est
1405 1833 1439 1864 in
1454 1832 1583 1865 Venet.

125 1875 221 1906 1559.
245 1874 407 1908 Glarean.
423 1878 518 1909 1536.
541 1876 671 1908 Anton.
687 1881 724 1909 et
740 1876 884 1909 Ascens.

778 1973 810 2004 N
817 1973 920 2004 OTAE

124 2031 202 2063 dam
214 2034 342 2066 virtute
353 2034 505 2067 celebres
520 2035 627 2068 fuere.
650 2036 822 2077 Praecipui
831 2040 840 2047 ⁴·

125 2083 341 2116 nominantur
366 2085 528 2126 Amycus,
550 2087 705 2126 Rhoetus,
724 2088 823 2128 Lyci-

127 2133 202 2172 das,
225 2132 388 2175 Eurytus,
417 2135 559 2175 Pholus,
578 2141 614 2168 et
639 2137 717 2176 alii;
741 2147 823 2178 quo-

126 2193 200 2214 rum
225 2183 328 2216 facile
350 2184 518 2226 Princeps
541 2186 678 2224 Chiron,
702 2187 756 2217 cui
781 2187 825 2218 ob

126 2234 292 2275 insignem
301 2245 334 2265 sa
341 2235 478 2275 pientiae
487 2235 608 2267 famam
621 2236 735 2268 traditi
747 2242 826 2269 sunt

125 2284 162 2316 in
173 2284 388 2325 disciplinam
405 2284 629 2328 AEsculapius,
648 2285 827 2328 Hercules,

125 2333 244 2375 Jason,
257 2333 424 2367 Achilles.

168 2387 210 2417 12
232 2385 354 2418 Inoicte
380 2385 536 2426 mortalis]
573 2386 726 2418 Achilles
752 2388 825 2419 sola

123 2435 263 2477 quidem
289 2446 331 2468 ea
358 2437 455 2478 pedis
476 2440 575 2477 parte
598 2437 828 2478 vulnerabilis,

127 2494 193 2526 qna
209 2486 349 2518 tenebat
366 2495 441 2518 eum
467 2497 527 2517 sua
550 2491 661 2518 mater
686 2488 720 2518 in
744 2487 824 2528 Sty-

128 2534 216 2573 giam
231 2536 387 2576 paludem
405 2536 619 2577 immergens,
634 2541 672 2568 ut
690 2537 825 2569 immor-

127 2583 230 2615 talem
244 2583 386 2617 faceret.
428 2587 484 2618 De
499 2585 648 2626 Achille,
662 2597 687 2619 ι.
706 2587 775 2619 od.
792 2590 824 2618 6.

131 2633 163 2663 8.
180 2634 231 2664 1⁶.
251 2642 294 2666 u.
308 2635 377 2667 Od.
391 2638 423 2667 4.
440 2639 492 2667 16.
514 2645 566 2669 ιν.
582 2637 650 2669 Od.
665 2640 697 2668 6.
735 2636 824 2668 Vide

130 2680 178 2720 ibi
194 2681 278 2714 Not.
334 2697 350 2704 ο

174 2730 260 2761 Nate
279 2741 356 2771 puer
381 2735 524 2777 Thetide]
549 2735 703 2768 Achilles
724 2736 822 2768 Pelei

128 2780 218 2812 tilius
240 2790 286 2812 ac
298 2782 447 2815 Thetidis
467 2786 636 2828 Nymphae
658 2797 718 2819 seu
733 2789 822 2820 Deae

128 2831 282 2872 marinae,
300 2841 376 2873 quae
391 2838 571 2875 propterea
594 2847 671 2870 mox
690 2839 823 2871 vocabi-

879 2043 933 2068 tur
950 2037 1098 2068 Coerula.

922 2087 961 2118 13
989 2087 1030 2118 Te
1051 2090 1154 2118 manet
1177 2086 1338 2126 Assaraci,
1350 2085 1422 2127 fisa]
1449 2085 1519 2117 Ibis
1536 2085 1579 2116 ad

877 2137 1132 2178 expeditionem
1149 2137 1348 2178 Trojanam.
1364 2137 1490 2177 quippe
1506 2136 1579 2167 sine

877 2192 912 2218 te
935 2188 1039 2229 Troja
1059 2197 1230 2228 nunquam
1247 2188 1434 2228 expugnari
1452 2191 1579 2228 potest,

877 2246 921 2269 ex
937 2239 1086 2270 oraculo.

919 2289 1070 2320 Assaraci
1085 2287 1189 2329 tellus]
1206 2288 1370 2329 Phrygia,
1384 2289 1503 2328 Troas,
1520 2287 1579 2319 ubi

877 2338 1036 2378 regnavit
1062 2337 1248 2370 Assaracus
1276 2338 1377 2370 Trois
1408 2338 1510 2378 filius,
1534 2337 1578 2369 Ili

876 2387 998 2420 frater.

921 2440 960 2469 14
991 2438 1194 2479 Scamandri]
1245 2437 1452 2469 Scamander
1491 2437 1577 2467 alias

877 2488 1048 2528 Xanthus,
1063 2498 1106 2519 ex
1131 2488 1193 2519 Ida
1217 2492 1346 2525 monte,
1362 2495 1467 2526 parvo
1482 2484 1578 2517 fonte

878 2538 1031 2568 scaturit.
1053 2536 1146 2567 Hinc
1161 2536 1350 2576 epithetum
1359 2534 1450 2573 parvi
1461 2544 1472 2564 .-
1488 2534 1578 2574 quod

877 2587 1102 2617 somniatores
1135 2584 1324 2624 explicant,
1359 2583 1516 2624 quoniam
1549 2583 1577 2615 is

877 2635 983 2667 fuerit
994 2645 1014 2666 e
1028 2633 1140 2665 fluviis
1151 2635 1208 2675 qui
1225 2634 1268 2665 ab
1282 2634 1436 2665 exercitu
1452 2633 1577 2665 Xerxis

877 2685 950 2726 poti
965 2682 1132 2716 defecisse
1146 2680 1360 2716 narrantur?

919 2734 1052 2775 Simois]
1072 2735 1141 2766 Hic
1154 2733 1278 2766 fluvius
1292 2734 1434 2766 Troadis
1448 2733 1482 2766 in
1494 2735 1576 2766 Sca-

877 2786 1054 2818 mandrum
1070 2784 1240 2816 illabitur:
1264 2788 1409 2825 uterque
1425 2784 1576 2816 Homero

878 2837 1091 2879 Virgilioque
1107 2835 1249 2878 aliisque
1262 2835 1562 2868 nominatissimus.
