1890 3256
608 311 887 365 sunnonem
921 310 1022 342 ms.
1053 308 1106 340 ιι.
1133 298 1176 340 6.
1511 296 1626 339 1025

170 410 245 453 Ad
267 408 564 462 Maecenatem
582 397 768 448 memori
789 405 828 447 si
847 406 994 446 mente
1012 414 1226 445 recurras.

171 476 207 526 ἹῘ
223 476 330 518 Hoc
337 475 484 530 juvat,
502 478 550 516 et
567 472 685 516 melli
706 477 791 522 est,
809 485 900 514 non
916 471 1116 515 mentiar.
1174 468 1238 512 At
1253 467 1388 510 simul
1409 470 1528 510 atras

169 542 364 585 Ventum
387 546 456 583 est
474 540 715 594 Esquilias,
736 541 884 581 aliena
899 539 1074 592 negotia
1094 539 1266 578 centum

172 610 262 652 Per
281 607 620 663 caputet‘circa
639 607 799 648 saliunt
819 608 952 648 latus.
1009 605 1128 647 Ante
1157 601 1399 645 secundam

173 666 367 721 Roscius
387 675 542 717 orabat
550 673 646 721 sibi
667 673 852 716 adesses
870 673 928 714 ad
945 671 1265 739 Puteal—cras:
1571 667 1630 710 35

172 813 275 854 igitur
287 816 410 846 cumas
421 814 567 854 quiequid
580 813 707 850 absistit
727 812 789 845 eibi
810 813 854 844 ud
875 811 1082 845 Moecewtem
1095 808 1282 849 festinanti,
1307 811 1439 848 urgente
1462 806 1632 839 memoria?

180 857 227 888 Ut
239 865 346 887 verum
358 857 471 896 dicam,
483 857 563 888 illud
568 855 741 898 jucundum
755 858 785 887 et
799 863 894 886 suave
912 856 969 885 est.
1018 853 1132 884 Verum
1146 862 1215 883 cum
1228 853 1269 882 ad
1283 851 1441 892 Esquiliae
1460 853 1548 882 atras
1560 858 1632 890 per·

103 935 107 938 ,
171 898 364 939 veni,aln’enu
371 901 495 930 centum
508 899 637 939 negotia
650 898 804 930 invadunt
818 899 953 937 caputet
969 895 1081 927 lutera.
1103 893 1237 926 Roscius
1247 893 1348 934 poscit
1359 896 1396 925 ut
1406 894 1435 924 ei
1449 902 1518 924 cras
1531 891 1632 933 opitu-

776 999 898 1014 OOem
899 999 1020 1012 000000

173 1079 217 1113 ⁸2
239 1079 326 1112 Exe.
341 1079 424 1112 Sax.
437 1089 524 1111 unus
537 1076 756 1118 Bersmanni‚
771 1081 807 1110 et
822 1076 979 1109 undecim
997 1075 1054 1108 alii
1071 1075 1166 1116 Feae,
1180 1075 1336 1112 mention·
1358 1077 1394 1106 et
1417 1073 1465 1106 sic
1487 1073 1586 1106 Harl.
1601 1076 1632 1105 6.

175 1127 212 1153 et
227 1123 271 1154 al.
293 1132 349 1163 ap.
365 1123 482 1155 Bentl.
505 1133 542 1155 ac
566 1122 659 1154 simul
681 1124 829 1163 quatuor
853 1119 956 1151 codd.
982 1119 1157 1150 Fen—83
1180 1118 1352 1158 Exquilias
1376 1126 1448 1148 var.
1470 1116 1551 1148 lect.
1578 1125 1634 1157 ap.

178 1164 336 1197 eundem.
379 1165 460 1197 vid.
475 1165 519 1197 ad
535 1164 648 1206 Epod.
665 1173 698 1195 v.
715 1165 875 1195 100.-35
902 1161 1019 1193 Rosius
1033 1161 1168 1203 plurimi
1183 1160 1283 1193 codd.
1300 1164 1337 1192 et
1351 1159 1477 1192 Venet.
1495 1161 1636 1191 1486.-
1695 1191 1700 1199 ,

838 1267 979 1302 NOTAE

220 1350 262 1379 31
286 1347 339 1379 Aa
354 1346 561 1379 Moeceuatem
585 1348 715 1379 memori
730 1347 758 1378 si
777 1348 878 1378 mente

178 1398 336 1439 recurras]
358 1398 450 1429 Dum
480 1406 642 1437 properas
667 1397 762 1428 adire
791 1396 879 1427 Mae·

178 1451 335 1480 eenatem
350 1446 509 1480 condicto
526 1446 693 1486 tempori:
716 1446 769 1476 vel
788 1444 879 1487 quod

177 1501 398 1538 acceptorum
410 1495 654 1528 beneficiorum
664 1503 792 1526 memor
802 1503 883 1535 quo-

178 1545 319 1579 tidianis
333 1545 456 1579 officiis
478 1545 533 1578 vel
553 1545 662 1577 semel
676 1545 795 1576 deesse
809 1553 881 1575 me-

179 1599 269 1629 tuas.

223 1647 266 1678 32
282 1644 467 1685 Hocjuvat,
481 1648 511 1677 et
526 1645 610 1676 melli
625 1644 686 1684 est]
709 1643 881 1685 objurga·

179 1695 292 1727 tiones
304 1695 467 1735 ejusmodi
477 1695 692 1736 quantumvis
702 1693 881 1725 invidiosae

181 1754 236 1776 me
261 1742 398 1786 quidem
425 1744 611 1783 delectant,
637 1747 672 1775 et
693 1743 789 1785 quasi
816 1743 882 1774 mel

183 1793 303 1826 dulces
332 1793 514 1825 videntur:
559 1794 647 1826 adeo
678 1794 884 1826 Maecenatis

180 1843 322 1880 mentio,
345 1853 480 1884 nomen,
502 1847 539 1876 et
563 1844 758 1876 recordatio
783 1853 884 1876 vene-

182 1893 292 1926 randa
305 1894 386 1924 mihi
401 1899 492 1926 sunt.

226 1944 274 1977 At
285 1945 378 1976 siml
391 1948 479 1976 atrae
497 1944 628 1977 Ventum
643 1949 701 1986 est,
715 1944 785 1985 esa]
802 1944 885 1975 Ter-

184 1995 272 2027 tium
286 1995 350 2026 hoc
365 2003 472 2035 genus
489 1994 724 2026 molestiarum
742 1994 887 2025 urbana·

187 2053 263 2076 rum
285 2048 351 2076 est.
395 2044 481 2075 Cum
503 2053 585 2075 vero
613 2043 656 2074 ad
683 2044 887 2075 Maecenatis

188 2092 282 2124 mdes
303 2093 336 2124 in
357 2092 520 2133 Esquiliis
534 2092 616 2124 sitas
633 2093 722 2128 veni,
738 2092 890 2123 assiliunt

187 2142 376 2183 importuni
399 2142 554 2183 plerique
574 2151 636 2172 sua
655 2141 734 2172 mihi
752 2141 890 2181 negotia

190 2191 492 2224 commendantes:
516 2201 598 2233 quos
623 2191 755 2223 amoliri
780 2190 888 2222 nefas.

189 2242 245 2274 De
272 2241 476 2273 Maecenatis
503 2241 633 2273 aedibus
657 2241 747 2283 apud
772 2241 890 2282 Esqui-

190 2291 268 2332 lias,
294 2300 352 2323 ιιι.
368 2289 436 2323 Od.
453 2293 509 2324 29.
531 2294 583 2324 10.
606 2295 642 2323 et
665 2300 692 2324 1.
702 2291 774 2323 Sat.
790 2295 821 2324 8.
839 2294 892 2323 14.

189 2343 270 2375 vide
284 2342 332 2374 ibi
350 2342 433 2374 Not.

236 2394 336 2424 Atros
350 2392 526 2434 Esquilias]
550 2393 605 2424 De
620 2392 702 2424 atris
719 2392 806 2423 curis
819 2393 891 2433 qui-

193 2442 272 2475 dam
284 2443 572 2484 interpretantur:
592 2449 626 2474 at
642 2444 762 2474 melius
779 2444 835 2474 alii
849 2443 892 2474 de

193 2493 401 2534 sepulcr-eto,
412 2493 503 2535 quod
514 2492 628 2525 fuerat
638 2494 716 2524 olim
729 2493 762 2524 in
775 2493 895 2534 Esqui-

196 2542 272 2581 liis3
290 2546 328 2573 ut
342 2540 417 2573 fuse
431 2542 574 2575 disserui
591 2543 632 2575 ad
650 2543 761 2584 Epod.
774 2553 807 2576 v.
821 2546 893 2575 100.

197 2591 308 2632 Epod.
326 2601 438 2624 xvnr.
451 2596 484 2624 6.
500 2598 536 2626 et
551 2587 577 2626 1.
591 2595 663 2626 Sat.
679 2598 709 2627 8.

242 2643 284 2672 3⁴
308 2641 374 2671 Per
395 2646 487 2682 caput
508 2647 539 2674 et
560 2645 644 2676 circa
664 2644 779 2676 saliunt
795 2645 892 2685 latus]

199 2691 360 2732 Undique
386 2691 586 2724 adoriuntur
612 2699 649 2726 et
677 2695 895 2726 circumobsi-

201 2742 297 2773 dent.
319 2741 493 2773 Praeclara
508 2743 756 2785 Hypotyposis.

242 2793 328 2823 Ante
342 2792 519 2833 secundum]
540 2793 688 2834 Mature,
708 2800 747 2827 ut
764 2799 897 2836 tempus

203 2842 326 2873 habeat
353 2842 395 2873 de
420 2851 456 2873 re
482 2851 542 2874 sua
562 2842 751 2877 disserendi
773 2850 898 2881 tecum,

291 2894 405 2934 Delph.
418 2898 450 2926 et
469 2894 544 2926 Vur.
557 2895 642 2927 Clas.

868 2898 987 2929 Horat.

933 1343 1130 1385 priusquam
1154 1342 1263 1374 forum
1292 1340 1480 1382 aperiatur,
1505 1348 1546 1371 ac
1568 1338 1647 1370 dis··

933 1393 1140 1435 ceptandum
1167 1393 1214 1424 sit
1234 1391 1434 1431 injudicio.
1480 1390 1566 1422 Ante
1589 1399 1637 1421 se-

932 1444 1076 1474 cundam.
1100 1442 1192 1474 Gall.
1206 1443 1226 1472 ὰ
1242 1441 1311 1472 huit
1326 1441 1437 1472 heure-e
1447 1439 1583 1480 precisas
1596 1440 1639 1470 du

933 1491 1046 1530 mutin,
1058 1490 1175 1532 platon
1190 1492 1306 1522 devant
1319 1488 1479 1530 qu'apresx
1493 1498 1562 1521 una
1573 1489 1638 1520 sci·

934 1541 1019 1573 licet
1032 1540 1115 1573 hora
1131 1545 1211 1572 ante
1222 1540 1365 1581 judicia,
1380 1549 1456 1581 quae
1475 1539 1558 1572 hora
1571 1543 1639 1571 ter-

935 1591 983 1622 tia
995 1590 1257 1622 exercebantur.
1274 1589 1426 1620 Martial.
1439 1598 1490 1621 lv.
1501 1591 1534 1620 8.
1546 1591 1557 1606 ⁶
1571 1589 1641 1620 Ex·

935 1645 1033 1672 ercet
1047 1649 1167 1671 raucos
1179 1639 1283 1671 tertia
1293 1637 1484 1669 causidicos
1498 1637 1519 1668 :³
1534 1637 1592 1669 ubi
1605 1642 1642 1669 et

937 1690 1002 1721 diei
1020 1690 1131 1721 varias
1148 1688 1393 1729 occupationes
1416 1697 1478 1728 pro
1494 1687 1640 1718 diversis

935 1739 1027 1770 horis
1045 1738 1209 1779 explicat.
1254 1737 1366 1768 Porro
1380 1746 1423 1768 ex
1443 1736 1524 1768 alibi
1537 1745 1642 1768 anno-

938 1791 1033 1831 tatis,
1053 1791 1191 1830 Lector,
1215 1788 1371 1829 intellige
1392 1788 1484 1819 illam
1499 1787 1568 1818 diei
1585 1796 1642 1818 na-

938 1843 1057 1875 turalis
1092 1841 1208 1873 horam
1245 1840 1383 1872 tertiam
1413 1839 1643 1870 Romanorum

938 1893 1036 1925 nobis
1065 1891 1202 1933 quidem
1238 1889 1379 1921 Francis
1413 1897 1534 1920 nonam
1567 1896 1645 1919 esse

938 1941 1155 1975 matutinam.
1200 1939 1293 1971 Vide
1316 1947 1343 1971 1.
1359 1938 1471 1979 Epist.
1488 1940 1540 1969 19.
1553 1939 1584 1969 8.
1608 1940 1645 1968 et

939 1993 1043 2024 Alex.
1061 1991 1104 2023 ab
1119 1990 1222 2022 Alex.
1238 1998 1289 2021 ιν.
1303 1991 1358 2020 20.

983 2036 1024 2074 35
1049 2041 1121 2074 Sibi
1146 2039 1284 2080 adesses]
1315 2038 1422 2071 Quasi
1446 2037 1645 2078 advocatus,

943 2092 1091 2133 adjutor,
1106 2090 1234 2122 fautor.
1266 2088 1371 2129 Apud
1387 2088 1531 2120 Judices
1546 2091 1646 2119 actor

943 2146 980 2172 et
995 2146 1159 2183 patronus
1174 2140 1225 2172 rei
1241 2149 1381 2171 causam
1402 2138 1553 2170 dicebat.
1597 2137 1647 2168 At

943 2191 1086 2224 aderant
1108 2195 1281 2232 praeterea
1302 2189 1442 2230 quidam
1463 2188 1646 2226 advocati3

944 2251 1071 2284 suaque
1086 2240 1274 2282 praesentia
1293 2240 1348 2271 vel
1370 2238 1563 2271 testimonio
1583 2238 1648 2270 eti-

945 2301 1012 2328 am,
1027 2292 1058 2323 si
1071 2301 1157 2332 opus
1173 2295 1277 2330 esset,
1292 2299 1387 2322 reum
1409 2289 1634 2331 adjuvabant.

990 2342 1043 2373 Ad
1067 2342 1197 2383 Puteal]
1224 2341 1281 2373 Ad
1305 2341 1485 2382 judicium.
1501 2360 1503 2364 ,
1522 2339 1649 2371 Puteal

946 2394 1042 2426 locus
1059 2399 1135 2425 erat
1157 2394 1191 2425 in
1214 2393 1353 2426 comitio
1377 2394 1507 2433 Romae,
1523 2391 1580 2423 ubi
1590 2392 1649 2432 jus

947 2444 1168 2477 reddebatur.
1191 2454 1217 2476 1.
1242 2445 1354 2485 Epist.
1378 2446 1429 2474 19.
1454 2446 1486 2475 8.
1509 2443 1519 2460 ‘
1537 2440 1650 2473 forum

946 2494 1140 2535 Putealque
1165 2494 1304 2526 Libonis
1328 2491 1501 2525 Mandabo
1525 2490 1650 2523 siccis.¹

947 2546 1115 2578 Nimirum
1132 2546 1165 2576 in
1182 2546 1265 2585 ipsis
1279 2543 1454 2584 gradibus,
1471 2542 1512 2573 ad
1529 2543 1651 2574 laevam

948 2595 1074 2631 Curiae,
1090 2600 1204 2626 statua
1220 2599 1293 2625 erat
1310 2592 1402 2624 Actii
1419 2592 1521 2623 Navii
1534 2591 1651 2633 Augu-

947 2646 1004 2685 ris,
1019 2645 1088 2686 qui,
1100 2645 1318 2685 inspectante
1329 2641 1514 2683 Tarquinio
1529 2642 1651 2674 Prisco

949 2704 1041 2735 rege,
1051 2699 1164 2726 cotem
1182 2693 1350 2724 novacula
1362 2691 1558 2724 disciderat.
1579 2691 1652 2723 Ibi·

950 2745 1028 2776 dem
1046 2753 1148 2785 porro
1164 2748 1277 2775 cotem
1294 2743 1385 2774 illam
1400 2747 1435 2774 et
1450 2742 1651 2774 no'vaculam

952 2803 1023 2825 esse
1039 2793 1208 2825 defossam
1226 2792 1376 2832 tradunt,
1399 2800 1569 2833 supraque
1591 2791 1652 2822 im-

954 2844 1100 2885 positum
1119 2843 1249 2886 puteal,
1261 2843 1295 2874 id
1305 2847 1372 2884 est,
1384 2841 1565 2874 umbellam
1579 2841 1651 2873 sive

1495 2898 1515 2926 3
1539 2896 1567 2926 Τ
