1930 3242
655 290 931 323 SERMONUM
966 289 1061 319 mn.
1094 288 1148 320 ιι.
1178 278 1218 318 2.

1586 277 1671 319 933

216 387 265 441 [J
269 386 424 441 ejunus
444 399 539 428 rare
562 385 820 428 stomachus
842 383 1039 437 vulgaria
1059 381 1247 434 temnit.]

218 453 470 495 Porrectum
490 465 645 505 magno
666 465 870 505 magnum
892 454 1099 505 spectare
1117 450 1268 491 catino

218 518 410 570 Vellem,
428 520 489 560 ait
506 518 722 573 Harpyiis
744 518 848 570 gula
867 516 1000 571 digna
1020 516 1276 570 rapacibus.

1335 512 1395 555 At
1414 526 1498 555 vos
1615 513 1669 554 40

220 587 469 628 Praesentes
486 584 639 626 Austri
661 585 840 638 coquite
861 584 1015 625 horum
1037 582 1248 636 opsonia!
1283 580 1487 636 quamvis

221 653 354 694 Putet
374 665 479 706 aper
498 651 799 705 rhombusque
820 663 988 700 recens,
1008 650 1130 691 mala
1149 649 1281 703 copia
1300 646 1476 702 quando

220 719 400 773 AEgrum
421 718 621 760 solicitat
640 718 947 770 stomachum3
978 729 1079 759 cum
1100 716 1255 771 rapula
1273 715 1433 769 plenus

219 834 334 866 tribuit
358 833 434 872 iuis,
459 833 533 864 istis
556 843 629 864 vero
655 833 816 865 minorem.

875 832 1060 864 Stomachus
1085 831 1224 862 esuriens
1248 839 1321 860 raro
1347 826 1519 859 communia
1541 826 1671 866 respuit.

222 876 372 917 Cuperem
385 876 490 907 videre
501 875 659 914 ingentem
673 876 800 907 mullum
815 875 940 914 ingenti
953 874 1063 915 potina
1079 877 1251 912 extensum,
1264 871 1366 911 inquit
1380 869 1457 909 gula
1471 869 1567 908 digna
1581 878 1673 908 rapa-

218 918 305 949 cibus
321 918 485 959 Harpyiis.

530 918 594 949 Sed
606 928 672 953 vos,
688 917 814 956 Austri,
839 919 956 956 adeste,
981 920 1074 957 atque
1098 916 1208 947 harum
1230 916 1325 954 dapes
1346 912 1554 951 corrumpite.-
1577 920 1674 951 quan-

220 970 312 1000 quam
324 960 419 998 soetet
439 970 513 1000 aper
528 963 559 991 et
575 959 718 991 rhombus
731 969 849 1000 recens,
867 969 936 991 cum
957 960 1040 990 mala
1055 958 1246 990 abundantia
1260 959 1354 988 vexat
1378 954 1548 986 morbosum
1561 957 1674 984 stoma-

827 1053 1066 1066 000000000000

219 1121 324 1150 ratum
338 1119 448 1157 sentis,
470 1118 684 1159 improbante
700 1119 957 1150 nemisia—38
979 1118 1083 1150 Hunc
1099 1126 1235 1149 versum
1257 1125 1333 1147 cum
1349 1112 1509 1146 Bentleio
1523 1110 1675 1152 spurium

221 1164 346 1200 putant
357 1160 465 1191 Zeun.
481 1167 517 1190 et
533 1161 663 1192 Valart.
679 1160 786 1191 Pru-f.
800 1171 833 1202 p.
849 1165 881 1192 4.
926 1161 1008 1192 Vid.
1023 1161 1140 1192 Bentl.
1158 1160 1198 1190 ad
1216 1159 1291 1190 Art.
1307 1157 1407 1188 Poe't.
1422 1158 1497 1187 337.
1540 1153 1676 1193 Jejunus

219 1211 292 1232 rore
316 1211 432 1233 omnes
448 1201 521 1233 fere
545 1202 665 1243 scripti
683 1203 782 1235 codd.
798 1207 834 1234 et
850 1205 901 1234 sic
923 1203 1037 1235 Schol.
1082 1204 1234 1242 Vulgata
1250 1201 1354 1232 lectio
1370 1203 1437 1238 est,
1458 1196 1591 1234 Jejunus
1614 1198 1678 1226 sto-

222 1243 346 1275 machus
358 1254 442 1276 raro.
486 1245 602 1276 Bentl.
627 1250 663 1276 et
687 1250 833 1277 recentt.
856 1245 936 1277 edd.
959 1246 1093 1284 quienns
1106 1255 1179 1276 raro
1192 1243 1377 1281 stomachus,
1392 1241 1533 1282 &tu—39
1548 1239 1679 1270 Porrec-

220 1289 287 1317 tum
301 1286 336 1317 in
349 1296 462 1326 magno
484 1287 593 1319 codex
610 1287 910 1319 Bersmanni.‘—'—40
923 1288 933 1305 ‘
947 1288 1025 1319 Nic.
1045 1287 1220 1326 Heinsius,
1238 1287 1346 1325 Lege,
1361 1282 1484 1324 inquit,
1507 1281 1565 1312 ais.
1609 1278 1676 1310 Sed

222 1333 316 1359 recte
340 1328 445 1360 habet
469 1338 615 1369 persona
640 1330 742 1360 tertia
769 1330 838 1366 uit,·
864 1330 995 1360 etiarnsi
1012 1330 1159 1370 aliquem
1185 1338 1228 1359 ex
1251 1328 1395 1358 adverso
1411 1324 1676 1364 respondentem

221 1369 400 1410 fingimus3
423 1374 461 1401 ut
477 1371 576 1402 docui
593 1371 635 1402 ad
653 1380 676 1402 r.
691 1374 722 1403 4.
741 1371 804 1402 79.’
830 1372 1026 1403 Beata—41
1052 1372 1136 1402 Exc.
1154 1371 1234 1402 Sax.
1255 1368 1354 1400 codd.
1371 1365 1572 1398 Bersmanni
1596 1373 1676 1405 qua-

222 1417 313 1449 tuor,
335 1411 435 1444 Harl.
451 1414 576 1444 8.4.fi.
605 1413 723 1444 Zarot.
749 1413 899 1444 Florent.
928 1415 1022 1444 1482.
1047 1413 1192 1452 Cuning.
1219 1410 1337 1442 Bentl.
1367 1408 1493 1440 Sanad.
1526 1405 1678 1445 Francis,

873 1507 1017 1540 NOTAE

261 1574 304 1603 39
326 1571 509 1603 Pon-ectum
524 1571 728 1613 mugno‚&c.]
751 1571 921 1611 Observa,

218 1621 328 1653 lector
349 1621 514 1660 studiose,
532 1632 664 1652 versum
687 1622 775 1652 hunc
790 1621 920 1652 crebris

217 1671 397 1712 Spondaeis
421 1672 670 1711 exprimentem
698 1680 800 1712 grave
826 1671 922 1702 mulli

220 1720 364 1762 pondus.
408 1719 500 1751 Alibi
520 1721 592 1761 jam
622 1721 738 1752 notavi
754 1720 920 1752 luxuriam

219 1771 448 1804 Romanorum
464 1772 499 1802 in
517 1771 729 1812 apponendis
741 1771 873 1811 magnis
885 1777 922 1802 et

219 1821 361 1860 integris
395 1821 559 1861 opsoniis.
603 1821 764 1853 Juvenal.
797 1821 868 1852 Sat.
896 1829 921 1852 1.

220 1871 295 1901 140.
315 1870 325 1886 ⁸
338 1869 478 1901 Quanta
493 1874 544 1900 est
561 1870 639 1910 gula
656 1879 731 1910 quae
748 1868 813 1900 sibi
831 1873 921 1901 totos

220 1918 326 1950 Ponit
342 1927 442 1959 apros
455 1917 480 1949 ?'
525 1919 656 1950 Contra
667 1918 838 1958 Tiberius,
851 1920 861 1936 ‘
873 1920 922 1951 Ut

221 1968 462 2010 parsimoniam
479 1969 651 2009 publicam
666 1969 825 2009 exemplo
840 1978 922 2010 quo-

222 2027 287 2059 que
307 2019 461 2058 juva-ret,
485 2019 692 2051 solemnibus
715 2020 790 2060 ipse
815 2020 921 2051 coenis

223 2067 378 2108 pridiana
392 2077 484 2107 saepe
501 2077 541 2098 ac
558 2077 690 2099 semesa
705 2068 847 2108 opsonia
864 2078 922 2108 ap-

224 2116 358 2156 posuit,
374 2115 544 2148 affirmans
570 2117 785 2147 dimidiatum
802 2126 924 2156 aprum

224 2165 338 2197 onmia
367 2165 487 2196 eadem
523 2165 651 2197 habere
681 2175 756 2207 quae
788 2164 924 2197 totum.'

222 2214 366 2246 Sueton.
381 2214 500 2246 Tiber.
515 2224 592 2255 cap.
607 2217 660 2247 34.

265 2266 308 2295 40
330 2263 488 2305 Harpyiis
512 2265 590 2304 gula
618 2264 732 2305 digno]
757 2263 924 2305 Harpyiae

225 2313 459 2355 appellatione
481 2318 518 2346 et
539 2324 680 2346 numero
704 2315 866 2353 incertae;
890 2314 925 2344 in

224 2362 344 2405 primis
374 2363 592 2396 celebrantur
627 2363 740 2401 Ae'llo,
773 2365 925 2400 Celaeno,

223 2413 396 2454 Ocypete,
411 2413 492 2453 Iris,
506 2413 648 2455 Thyella
663 2425 672 2445 :
696 2414 859 2445 dicuntur
879 2414 923 2445 ab

223 2461 358 2503 ἃμάζω,
381 2463 481 2504 rapio.
526 2464 600 2496 Has
624 2464 786 2496 describit
802 2463 924 2504 Virgil.

225 2512 358 2544 AEneid.
372 2513 434 2544 lib.
450 2522 506 2546 111.
529 2516 606 2546 215.
623 2518 659 2545 et
675 2523 745 2555 seq.
799 2513 855 2545 Sic
880 2513 924 2545 de

224 2562 266 2593 iis
289 2561 492 2594 fabulantur.
534 2564 688 2596 Phineus
714 2573 773 2595 rex
801 2563 844 2594 ob
865 2573 925 2595 ex-

227 2615 377 2642 caecatos
413 2611 512 2654 tilios,
547 2622 569 2646 a
602 2613 690 2646 Jove
728 2618 925 2645 excaecatus

226 2660 383 2692 immissis
405 2661 509 2692 etiam
535 2662 700 2704 Harpyiis
726 2672 844 2704 poenas
867 2662 926 2694 de-

228 2710 292 2742 dit.
334 2709 400 2741 11ae
417 2710 516 2742 alatae
531 2711 629 2744 furiae
641 2714 736 2755 (nam
750 2713 924 2755 Harpyias

228 2760 263 2792 in
279 2758 403 2791 Inferis
424 2769 500 2791 esse
519 2765 555 2793 et
579 2765 693 2796 vocari
711 2764 831 2796 Furias
844 2764 926 2796 Ser-

227 2810 302 2841 vius
324 2807 488 2852 affirmat)
514 2813 671 2853 apposita
689 2815 805 2847 statim
827 2824 927 2856 opso-

974 1571 1033 1602 nia
1056 1570 1242 1611 rapiebant
1277 1578 1320 1600 ex
1349 1568 1420 1599 alto
1457 1566 1677 1598 devolantes:

974 1622 1057 1662 quin
1087 1625 1124 1651 et
1155 1620 1294 1650 relictas
1322 1617 1411 1648 sorte
1447 1616 1554 1655 dapes
1585 1620 1678 1646 tetro

973 1670 1079 1701 odore
1116 1669 1294 1700 foedabant
1328 1672 1364 1698 et
1401 1664 1679 1704 corrumpebant.

973 1720 1096 1761 Virgil.
1126 1721 1186 1751 cit.
1208 1717 1384 1759 ‘Virginei
1409 1717 1583 1747 volucrum
1606 1715 1678 1745 vul-

975 1775 1043 1811 tus,
1057 1769 1245 1801 foedissima
1259 1767 1390 1799 ventris
1409 1765 1604 1803 Prolnvies,
1617 1773 1679 1794 un-

975 1829 1095 1861 caeque
1109 1828 1238 1857 manus,
1254 1821 1290 1848 et
1307 1815 1435 1856 pallida
1454 1823 1590 1854 semper
1606 1813 1681 1844 Ora

974 1869 1206 1901 fame...nec
1238 1868 1363 1899 saevior
1393 1866 1462 1897 ulla
1488 1864 1618 1902 Pestis,
1644 1869 1681 1894 et

975 1921 1027 1951 ira
1042 1921 1155 1951 Deum
1173 1918 1303 1959 Stygiis
1326 1925 1400 1947 sese
1425 1915 1552 1946 extulit
1568 1913 1682 1945 undis.

1018 1992 1026 2001 .
1040 1969 1212 2002 Quatiunt
1230 1965 1450 2007 clangoribus
1477 1965 1561 2002 alas,
1588 1963 1682 1995 Diri-

976 2019 1141 2061 piuntque
1169 2017 1290 2058 dapes,
1315 2019 1549 2055 contactuque
1569 2014 1683 2045 omnia

975 2067 1110 2100 foedant
1127 2064 1333 2104 Immundo‚’
1349 2067 1413 2096 διο.

1017 2119 1058 2147 41
1084 2116 1264 2147 Proesentes
1287 2113 1404 2145 Austri
1429 2113 1550 2153 coquite
1574 2112 1683 2143 horum

977 2167 1117 2208 opsonia]
1141 2165 1331 2210 Satyricns,
1361 2163 1613 2195 excandescens
1647 2163 1682 2194 in

978 2218 1112 2257 gulosos
1149 2217 1339 2256 helluones,
1372 2215 1511 2246 invocat
1538 2215 1682 2246 Austros

978 2266 1217 2298 meridionales
1239 2270 1371 2306 ventos,
1394 2266 1451 2307 qui
1468 2265 1605 2296 humido
1622 2274 1682 2296 suo

978 2317 1093 2348 calore
1108 2316 1239 2348 illorum
1255 2315 1350 2347 cibos
1367 2313 1590 2356 putrefaciat.
1613 2314 1682 2345 Sed

979 2376 1058 2398 mox
1075 2366 1150 2407 ipse
1175 2375 1211 2398 se
1231 2365 1387 2406 corrigit,
1402 2373 1530 2395 memor
1550 2363 1682 2394 scilicet

976 2415 1018 2447 iis
1034 2415 1175 2456 putrida
1191 2415 1300 2446 videri
1314 2414 1445 2456 quaevis
1466 2412 1621 2452 opsonia.

1022 2467 1156 2503 Quando
1189 2467 1290 2497 Putet
1323 2473 1411 2505 aper,
1443 2462 1514 2502 εμπ]
1552 2463 1681 2494 Verum

976 2526 1045 2547 non
1067 2525 1152 2556 opus
1175 2520 1228 2546 est
1250 2513 1369 2545 Austri
1394 2510 1490 2549 flatu,
1513 2511 1587 2551 ipsa
1609 2511 1682 2542 illo·

978 2574 1053 2595 rnm
1070 2564 1209 2595 satietas
1231 2571 1394 2593 nauseam
1419 2565 1534 2591 movet
1557 2565 1682 2593 stoma-

979 2614 1043 2645 cho
1067 2614 1222 2654 repleto:
1248 2615 1354 2652 atque
1382 2609 1466 2642 facit
1489 2615 1612 2652 putere
1635 2612 1683 2643 ci-

978 2663 1038 2696 bos
1055 2663 1158 2694 etiam
1175 2666 1346 2693 recentes.

1023 2711 1198 2752 Rhombus]
1221 2713 1278 2743 De
1304 2720 1346 2742 eo
1373 2710 1468 2751 pisce
1490 2710 1683 2743 laudatissi-

979 2773 1049 2805 mo,
1066 2763 1157 2795 Gall.
1178 2762 1305 2802 waot,
1320 2761 1354 2792 in
1370 2760 1481 2802 Epod.
1496 2770 1537 2793 11.
1551 2765 1606 2793 50.

1024 2818 1065 2848 43
1090 2815 1170 2847 Cum
1183 2814 1295 2856 rapula
1306 2813 1426 2855 plenus,
1437 2812 1507 2854 ξω]
1530 2813 1615 2845 Cum
1628 2823 1680 2845 sa·
