1890 3256
579 282 856 318 SERMONUM
894 287 988 316 ms.
1022 286 1074 316 ιι.
1104 274 1147 316 3.

1513 275 1600 317 989

142 381 178 432 51
201 382 339 434 Quid,
360 386 496 436 caput
515 383 761 424 abscissum
783 381 960 422 demens
981 393 1079 422 cum
1096 382 1240 434 portat
1261 378 1416 433 Agave

143 448 281 490 Gnati
300 449 504 498 infelicis,
526 449 612 489 sibi
634 452 723 489 tum
745 448 916 490 furiosa
936 446 1143 488 videtur?

140 515 178 566 51
200 516 392 559 Stultum
414 529 482 557 me
499 515 645 556 fateor
663 515 817 565 (liceat
835 513 1075 556 concedere
1091 513 1224 563 veris)

1506 514 1594 555 305

140 582 291 637 Atque
311 584 443 624 etiarn
464 583 667 623 insanum
684 595 696 633 ;
728 586 896 623 tantum
917 581 1003 622 hoc
1023 580 1231 629 edissere,
1251 592 1343 634 quo
1364 593 1434 622 me

141 649 373 703 AEgrotare
393 654 524 703 putes
545 648 680 689 animi
702 648 826 690 vitio.

886 646 922 696 51
944 647 1117 701 Accipe
1133 661 1145 699 3
1177 648 1368 701 primum

143 716 384 768 AEdificas;
413 716 496 757 hoc
520 720 605 766 est,
626 715 783 769 longos
803 714 1004 763 imitaris,
1027 716 1084 756 ab
1107 714 1196 755 imo

139 781 216 824 Ad
235 795 451 825 summum
469 787 592 824 totus
611 782 781 823 moduli
807 781 1028 835 bipedalis
1045 795 1056 832 ;
1087 784 1129 822 et
1148 781 1267 822 idem

140 848 334 904 Corpore
353 849 564 904 majorem
583 849 700 891 rides
719 848 943 889 Turbonis
963 847 1008 888 in
1029 848 1164 889 armis

1512 849 1600 892 310

143 985 266 1011 lust».
290 979 395 1016 Quid?
406 979 525 1018 furens
547 979 659 1020 Agar-e
677 978 785 1011 miseri
797 978 868 1020 filii
886 981 976 1018 caput
991 980 1121 1018 gestans
1135 981 1342 1018 amputatum,
1358 987 1431 1010 num
1451 988 1483 1009 se
1503 978 1603 1010 credit

136 1019 301 1054 insanire?
334 1022 479 1054 HoRAT.
496 1023 628 1054 Fatebor
643 1023 721 1063 quod
735 1032 785 1053 res
798 1026 858 1060 est,
871 1023 1001 1052 concedo
1016 1031 1063 1051 me
1078 1022 1263 1059 dementem,
1277 1021 1371 1052 immo
1387 1025 1418 1052 et
1432 1031 1578 1052 vesanum
1589 1031 1600 1050 :

140 1065 174 1093 nt
188 1064 299 1095 saltem
312 1065 396 1100 doce,
411 1074 471 1104 qua
494 1074 541 1095 me
560 1065 660 1096 animi
682 1074 765 1095 noxa
787 1062 935 1103 affectum
948 1063 1128 1094 arbitrer-is.
1175 1065 1364 1094 DAMAsn‘.
1388 1063 1496 1095 Audi.-
1519 1064 1602 1094 oedea

140 1105 266 1144 quidem
279 1107 455 1138 construis.-
477 1108 510 1138 r'd
524 1111 570 1138 est
585 1110 621 1137 tu
635 1117 653 1138 a
668 1106 784 1137 vertice
799 1108 839 1137 ad
854 1107 966 1137 calcem
978 1105 1036 1137 vix
1050 1107 1127 1136 duos
1147 1106 1239 1144 pedes
1253 1107 1335 1137 altus
1348 1106 1505 1137 aemularis
1528 1115 1601 1146 pro·

140 1155 249 1180 ceros:
274 1148 397 1190 ipseque
421 1149 537 1181 ‹ir-muti
564 1148 715 1180 Turbonis
737 1149 875 1179 animum
900 1151 929 1178 el
955 1157 1099 1186 gressum
1122 1158 1248 1188 corpore
1276 1148 1424 1187 majorem
1445 1149 1603 1188 deridens,

755 1242 992 1255 eeeeeeeeeeee

141 1308 295 1349 Francis,
320 1307 456 1342 Wakef.
480 1314 516 1342 et
542 1310 756 1342 Kidd.-303
780 1310 789 1328 ‘
806 1308 907 1343 Quod
934 1309 967 1340 in
996 1309 1227 1340 vetustissimo
1259 1308 1439 1340 Blandinio
1470 1308 1602 1341 invenit

142 1351 326 1393 erimarus,
342 1351 374 1383 in
391 1352 520 1393 optimo
535 1363 670 1384 suorum
687 1354 911 1390 Pulmannus,
926 1361 990 1392 ego
1014 1351 1162 1391 deniqne
1185 1351 1219 1382 in
1246 1352 1356 1391 Regio
1385 1357 1420 1382 et
1447 1351 1602 1382 Zuliche-

141 1394 268 1432 miano,
283 1398 320 1426 et
336 1403 397 1434 pro
412 1395 505 1426 varia
528 1396 678 1426 lectione
702 1395 735 1426 in
758 1394 878 1426 codice
896 1394 1013 1433 Regiae
1030 1393 1213 1424 societatis
1230 1403 1238 1423 :
1265 1393 1375 1428 Quid?
1396 1397 1488 1433 caput
1503 1394 1602 1425 absci-

139 1445 208 1467 sum
298 1436 307 1443 '
376 1440 560 1477 cumporeae
573 1438 694 1476 Agaue,
709 1439 762 1476 ἅμ’.
811 1435 976 1476 Equidem
988 1435 1157 1475 judicium
1174 1435 1411 1474 Interpretum
1435 1435 1489 1466 hic
1513 1436 1603 1467 desi-

139 1477 246 1516 dero;
271 1478 328 1519 qui
344 1479 514 1519 quantivis
532 1480 634 1520 pretii
651 1479 835 1510 lectionem
856 1480 927 1518 jam
953 1487 972 1507 a
998 1477 1237 1518 sesquisaeculo
1256 1477 1446 1518 projectam
1462 1479 1601 1518 neglec-

141 1524 279 1560 tamque
304 1521 526 1562 reliquerunt.
570 1521 674 1554 Certe
691 1520 772 1552 illud
789 1522 911 1552 demens
927 1529 992 1550 non
1010 1519 1110 1550 modo
1127 1520 1273 1550 otiosum
1290 1520 1343 1550 iiic
1359 1526 1427 1557 est,
1442 1519 1491 1561 (id
1509 1521 1599 1551 enim

138 1562 253 1604 aliquo
269 1562 370 1594 modo
386 1568 478 1595 esset
493 1562 702 1603 ferendum,)
717 1564 774 1594 sed
793 1563 997 1594 sententiam
1023 1562 1123 1602 plane
1148 1567 1267 1593 onerat
1284 1567 1318 1592 et
1341 1569 1474 1602 gravat,
1499 1563 1602 1594 immo

141 1603 295 1645 putidam
324 1605 438 1637 reddit
462 1611 496 1637 et
519 1605 704 1637 inficetum.
749 1605 797 1636 At
825 1610 958 1640 contra,
984 1603 1067 1634 innd
1090 1604 1231 1634 manibus
1253 1607 1373 1644 portat,
1395 1604 1484 1645 quod
1515 1605 1602 1635 liber

140 1646 289 1678 omnium
305 1648 452 1688 optimus
469 1648 684 1688 suppeditat,
700 1657 766 1678 non
782 1647 873 1678 iners
889 1647 944 1677 hic
962 1651 1033 1678 stat
1050 1651 1084 1677 et
1101 1655 1202 1676 aures
1220 1646 1337 1685 lassat,
1361 1647 1418 1676 sed
1436 1647 1601 1677 atrocita-

140 1693 210 1720 tem
227 1688 485 1732 foeditatemque
501 1689 663 1721 facinoris
680 1689 822 1721 mirifice
835 1694 938 1729 anget
954 1698 961 1719 :
987 1688 1077 1719 unde
1093 1693 1129 1718 et
1143 1687 1184 1718 ab
1203 1688 1277 1719 aliis
1294 1687 1405 1728 poetis
1422 1693 1475 1719 est
1493 1688 1601 1719 incul-

141 1737 267 1763 catum.
312 1732 366 1763 Sic
385 1732 565 1772 Euripides
581 1733 738 1770 Bacchis,
755 1742 805 1763 vs.
822 1734 897 1762 967.
914 1736 949 1761 et
963 1732 1060 1761 1137.
1075 1736 1110 1760 et
1126 1732 1224 1761 1275.
1247 1730 1369 1761 Senec.
1388 1730 1510 1762 Phoen.
1526 1733 1601 1762 363.

140 1777 177 1804 et
192 1773 276 1806 ibid.
294 1783 342 1806 vs.
358 1777 410 1806 15.
427 1775 529 1807 Ovid.
545 1774 635 1807 Met„
654 1783 712 1806 ιιι.
729 1774 816 1806 ⁷25!
841 1774 950 1805 Bentl.
995 1772 1135 1803 manibus
1157 1773 1261 1804 etiam
1286 1771 1385 1804 Gon.
1409 1773 1494 1804 Exe.
1517 1773 1599 1805 Sax.

800 1859 943 1892 NOTAE

899 1922 1031 1954 ratione
1049 1921 1215 1953 Horatius
1246 1921 1379 1953 fatetur
1406 1922 1496 1963 quod
1521 1927 1601 1954 ante

897 1971 1047 2013 negabat
1063 1981 1071 2002 z
1097 1971 1238 2012 inquirit
1255 1975 1369 2002 tamen
1386 1981 1460 2012 quae
1478 1981 1538 2003 sua
1555 1972 1601 2004 sit

140 1922 198 1965 qui
213 1922 252 1955 fit
267 1926 307 1955 ut
321 1932 422 1955 sanus
438 1923 513 1965 ipse
529 1923 610 1955 mihi
627 1923 765 1955 videar?

180 1975 246 2006 803
272 1973 370 2014 Quia,
391 1977 484 2015 caput
506 1973 765 2014 abscissum‚&c.]
787 1973 842 2005 'ri-

143 2020 178 2052 bi
204 2030 326 2062 nempe
351 2031 451 2054 sanus
477 2023 621 2054 videris:
645 2032 710 2054 uec
726 2027 842 2053 tamen

143 2079 246 2102 sanus
267 2079 314 2102 es.
358 2071 542 2102 Enimvero
565 2071 598 2102 in
615 2071 762 2112 propriis
777 2080 842 2102 cae-

143 2120 302 2152 cutimus.
343 2120 422 2161 Dic,
447 2121 581 2159 amabo,
610 2120 773 2161 numquid
795 2119 842 2151 Α-

143 2179 231 2211 gave
258 2181 295 2203 ue
315 2170 429 2204 furere
446 2178 589 2204 noverat
605 2181 681 2204 cum
697 2172 843 2203 maxime

142 2218 299 2253 fureret?

184 2270 312 2312 Agave]
335 2271 423 2304 Haec
438 2282 514 2304 cum
541 2273 615 2304 aliis
637 2272 842 2303 Bacchanti-

143 2319 205 2353 bus
227 2322 324 2364 orgia
345 2332 513 2364 peragens
530 2322 720 2354 Pentheum
735 2321 841 2353 fliium

141 2379 239 2403 sacra
264 2371 323 2403 ina
347 2378 639 2412 contemnentem,
669 2378 706 2405 et
734 2371 777 2402 ad
800 2381 841 2403 ea

142 2421 310 2454 curiosius
332 2428 369 2455 et
387 2428 509 2455 contra
524 2423 575 2455 fas
591 2427 842 2464 penetrantem,

143 2469 270 2502 Bacchi
286 2471 400 2504 furore
415 2472 558 2504 incitata
574 2472 769 2513 discerpsit,
784 2471 842 2502 ab—

143 2519 351 2562 scissumque
365 2528 471 2563 caput
486 2522 584 2564 qnasi
598 2531 702 2553 ovans
725 2521 843 2561 thyrso

144 2569 368 2610 cicrumtulit,
382 2577 458 2602 rata
479 2581 516 2603 se
538 2572 705 2604 occidisse
726 2571 842 2602 imma-

145 2626 223 2649 nem
237 2627 368 2659 aprum,
381 2620 448 2661 vel,
460 2625 496 2652 ut
507 2621 562 2653 alii
575 2622 740 2659 scribunt,
757 2621 843 2652 vitu·

140 2667 226 2698 lum.
269 2667 358 2699 Vide
375 2669 478 2700 Ovid.
493 2670 580 2702 Met.
606 2680 664 2703 ιιι.
686 2676 722 2702 et
745 2671 843 2701 Pers.

145 2716 218 2748 Sat.
236 2725 262 2748 ι.
288 2720 362 2749 100.
389 2723 425 2750 et
451 2728 525 2760 quae
542 2722 701 2752 annotavi
717 2730 758 2753 ιι.
776 2719 842 2752 od.

147 2769 199 2798 1⁹.
219 2770 270 2799 14.

190 2819 251 2849 305
276 2818 416 2850 Stultum
438 2829 484 2850 me
491 2819 616 2862 fateor]
641 2821 762 2853 Victus
779 2822 844 2853 ista

898 2021 1081 2062 agritudo,
1098 2021 1188 2062 quod
1216 2018 1318 2053 ani'mi
1335 2021 1466 2053 vitium.
1510 2023 1598 2056 Quae

896 2072 1032 2114 quidem
1049 2072 1279 2113 Damasippus
1296 2072 1360 2112 ipsi
1378 2072 1547 2104 edisserit.

939 2124 1003 2152 308
1029 2121 1195 2163 AEdzficus]
1219 2121 1297 2153 Hoc
1321 2122 1487 2162 primum:
1519 2123 1600 2154 aedi-

897 2169 1021 2202 ficandi
1060 2170 1202 2202 libidine
1240 2171 1386 2210 vexaris,
1424 2178 1600 2212 magnates

898 2219 1077 2251 ambitiose
1094 2220 1284 2251 aenmlatus.

940 2269 1067 2309 Longos
1084 2269 1238 2311 inurar-ia]
1263 2270 1378 2302 Ludus
1401 2275 1454 2302 est
1481 2271 1514 2302 in
1531 2281 1599 2302 am-

897 2319 999 2359 bigua
1015 2329 1110 2358 voce,
1123 2320 1242 2359 longos.
1287 2321 1336 2351 Tu
1352 2319 1494 2361 pusillus
1505 2330 1599 2362 mag·

896 2380 970 2410 nos,
1002 2370 1113 2402 tenuis
1140 2376 1176 2402 et
1205 2370 1360 2403 modicus
1392 2372 1489 2412 bonis
1516 2381 1600 2411 opu-

897 2421 1008 2452 lentos
1032 2430 1071 2452 ac
1097 2420 1235 2460 divites,
1260 2422 1308 2452 vis
1332 2421 1470 2459 imitari,
1493 2422 1599 2451 stulte

897 2470 1054 2512 quidem:
1091 2470 1183 2502 aedes
1213 2471 1342 2502 moliris
1373 2470 1599 2502 facultatibus

898 2520 1054 2561 majores.

941 2572 1005 2600 309
1022 2570 1145 2600 Moduli
1161 2568 1326 2609 bipedalis]
1344 2569 1490 2599 Minima
1503 2574 1598 2600 certe

895 2621 968 2651 haec
985 2626 1036 2650 est
1059 2619 1195 2650 humani
1218 2619 1412 2659 corpusculi
1429 2629 1597 2652 mensura.

895 2670 984 2701 Vide
1003 2670 1092 2700 Piin.
1107 2678 1174 2700 vn.
1191 2671 1243 2701 16.

939 2722 1002 2751 310
1028 2717 1195 2757 Turbonis]
1219 2718 1400 2750 Gladiator
1420 2719 1475 2750 ine
1490 2723 1596 2750 statn-

898 2781 934 2802 ra
950 2771 1093 2811 exiguus
1108 2774 1192 2807 erat,
1210 2773 1361 2801 ceterum
1374 2770 1510 2812 grandis
1524 2772 1598 2802 ani-

899 2831 966 2862 mo,
983 2821 1134 2861 incessu,
1149 2820 1295 2852 actione.
