1890 3256
8 0 147 31 wera
171 0 222 41 3⁵

12 41 22 56 ἲν
30 39 43 55 .1’
47 47 50 49 ·
54 40 61 45 *
194 38 202 42 “

580 304 932 336 umsromnmu
959 304 1063 335 un.
1097 304 1126 334 ῐ.
1155 294 1198 334 3.

1504 292 1616 335 1089

669 467 984 511 EPISTOLA
1015 467 1108 510 111.

625 580 693 611 AD
724 579 917 612 JULIUM
952 579 1174 613 FLORUM.
1212 603 1214 606 .

212 658 388 701 Perquirit
401 657 445 690 de
459 656 601 690 Tiberio
617 661 654 689 et
669 656 850 689 comitibus
866 656 900 688 in
916 656 1064 689 Oriente
1078 656 1142 688 hoc
1157 661 1311 697 tempore
1327 653 1562 687 militantibus.

119 783 124 789 ,
161 734 282 777 Sum
304 733 491 784 Fnoun,
512 734 674 788 quibus
694 739 909 775 terrarum
928 733 1087 774 militet
1106 732 1195 774 oris

96 850 100 851 ⁷
165 801 381 844 Claudius
400 800 591 855 Augusti
613 801 856 854 privignus,
888 800 1003 841 scire
1022 800 1190 841 laboro.

163 867 391 910 Thracane
411 880 507 917 vos,
529 867 799 920 Hebrusque
819 867 958 909 nivali
979 865 1195 920 compede
1215 865 1409 917 vinctus,

163 933 236 976 An
256 934 369 977 freta
387 934 561 977 vicinas
580 934 692 976 inter
711 935 933 976 currentia
953 939 1109 984 turreS‚

196 1046 242 1076 >O
253 1044 326 1077 Juli
340 1045 446 1085 Flore,
465 1054 552 1076 nosse
565 1045 705 1076 desidero
719 1044 752 1076 in
767 1055 826 1085 qua
841 1045 924 1076 orbis
946 1045 1073 1084 regione
1089 1044 1199 1075 bellum
1209 1046 1302 1083 gerat
1320 1043 1471 1075 Claudius
1484 1044 1622 1083 Augusti

162 1087 346 1129 privignus.-
368 1097 409 1120 an
423 1087 651 1119 common-emim
665 1087 699 1118 in
715 1087 847 1118 Thracia
861 1089 902 1118 ad
917 1087 1059 1119 Hebrum
1074 1086 1209 1127 hyemali
1221 1086 1323 1125 glacie
1337 1086 1536 1118 constrictum
1549 1098 1560 1124 ;
1582 1096 1623 1118 an

773 1183 909 1196 oooooo

913 1183 1011 1196 eeeee

211 1250 368 1291 Epistola
382 1249 513 1282 decima
531 1249 624 1282 Libri
640 1249 738 1290 primi
754 1248 787 1280 in
802 1248 867 1280 Ed.
882 1247 1072 1280 Sanad.—l
1097 1249 1177 1280 Luci
1196 1249 1287 1281 Flore
1301 1249 1393 1290 conj.
1408 1249 1544 1281 Marcii.
1567 1250 1624 1281 mi·

167 1293 240 1324 licat
256 1293 372 1324 Zarot.
389 1292 531 1324 Mediol.
546 1295 640 1324 14⁷6.
660 1293 799 1324 Venett.
818 1294 910 1323 1478.
928 1294 1023 1323 1479.
1042 1294 1137 1323 1483.
1154 1294 1250 1323 1490.
1269 1294 1364 1324 1492.
1384 1295 1477 1323 1-195.
1494 1297 1530 1324 et
1547 1292 1627 1323 Flo-

169 1340 257 1367 rent.
275 1338 371 1366 1482.
415 1335 529 1367 militet
549 1345 662 1366 aurum
686 1333 919 1366 Sclioenborn.
936 1336 1033 1365 2.-3
1061 1334 1218 1375 Ebrusque
1239 1334 1273 1364 in
1300 1334 1501 1375 quibusdam
1525 1334 1623 1366 codd.

168 1377 249 1410 Vid.
265 1377 307 1409 ad
324 1386 348 1409 1.
364 1377 432 1408 Οὐ.
448 1380 501 1409 25.
520 1386 566 1408 vs.
589 1378 718 1408 uin—4
742 1377 810 1407 Pro
837 1380 952 1415 turres,
977 1379 1081 1407 terras
1105 1386 1148 1408 ex
1173 1377 1280 1408 tribus
1307 1376 1408 1407 codd.
1435 1377 1549 1408 Bentl.
1577 1377 1626 1408 ita

167 1429 254 1451 unus
269 1419 403 1451 Valart.
426 1420 437 1436 ‘
448 1420 644 1460 Sequuntur
659 1420 742 1451 Cun-
760 1419 840 1451 San.
861 1418 1096 1458 Dorighellus;
1113 1423 1149 1449 et
1164 1425 1243 1450 ante
1254 1424 1369 1450 omues
1385 1429 1428 1450 ex
1440 1419 1506 1450 Ms.
1522 1419 1624 1450 Blan-

168 1461 303 1493 diniano
328 1461 527 1493 laudaverat
543 1462 734 1502 Cruquius;
760 1466 797 1492 et
823 1461 901 1492 inde
921 1460 1114 1501 Rappoltus
1131 1462 1252 1492 Enarr.
1267 1461 1302 1492 in
1319 1461 1406 1492 Hor.
1423 1470 1449 1493 1.
1467 1462 1577 1502 Epist.
1593 1464 1625 1492 9.

168 1513 306 1546 protana
330 1504 481 1543 indocte,
495 1509 530 1535 et
546 1513 645 1545 quam
668 1513 807 1542 enerve,
831 1509 932 1544 atque
957 1503 1234 1539 indeterminate,
1261 1502 1363 1543 freta,
1379 1513 1454 1545 quae
1485 1509 1625 1535 currunt

167 1547 260 1579 inter
281 1551 390 1578 terras
418 1547 558 1586 vicinas,
583 1556 658 1588 quae
685 1551 800 1577 essent
827 1546 964 1586 Europa
987 1549 1023 1576 et
1051 1544 1154 1577 Asia!
1199 1546 1324 1577 Turres
1349 1552 1428 1577 sunt
1453 1546 1566 1577 Sestos
1592 1552 1627 1577 et

169 1589 324 1631 Abydos,
346 1599 423 1631 qnae
449 1589 613 1631 proximae
639 1594 739 1621 erant
762 1589 852 1620 iuter
882 1597 930 1620 se.
976 1587 1031 1620 Cf.
1048 1588 1191 1620 Ovidius
1207 1588 1290 1620 Her.
1308 1597 1402 1620 xvii.
1417 1588 1484 1620 53!
1508 1589 1626 1620 Fen.—

834 1685 976 1716 NOTAE

216 1750 229 1780 Ι
255 1748 325 1780 Juli
340 1748 447 1789 Flore]
471 1749 481 1767 ‘
498 1749 585 1780 'rota
610 1749 699 1780 bella
726 1752 777 1780 est
799 1749 871 1779 haec

172 1797 352 1838 Epistola‚¹
379 1799 489 1840 ipquit
520 1799 609 1830 belle
639 1799 871 1830 Parthenius:

169 1847 179 1864 ‘
191 1857 277 1888 pura
293 1847 473 1884 admodum
495 1849 699 1890 minimeque
716 1849 871 1880 ambitio-

172 1896 232 1937 sa‚'
261 1902 350 1929 teste
385 1898 572 1937 Scaligero.
616 1899 754 1939 Scripta
779 1898 872 1930 Julio

171 1946 273 1979 Floro
289 1948 466 1980 Claudium
492 1949 663 1980 Neronem
681 1949 872 1987 comitanti,

172 2008 232 2029 seu
248 1997 289 2030 ad
306 1998 540 2029 Pannonicum
555 1999 693 2036 bellum,
708 2009 767 2030 seu
782 1998 871 2039 apud

175 2047 384 2088 Armeniam,
400 2057 474 2078 cum
489 2048 667 2086 Tigranem
685 2048 717 2078 in
733 2058 873 2088 regnum

175 2097 387 2128 restitueret.
434 2097 488 2128 Ad
513 2097 606 2128 illuni
629 2098 761 2128 Horatii
777 2097 874 2128 fami-

175 2147 388 2179 liarissimum
412 2147 578 2187 inscripta
610 2151 664 2177 est
692 2146 795 2178 etiam
827 2156 875 2177 ιν.

178 2196 243 2230 Od.
269 2199 304 2228 2.
329 2197 408 2228 item
435 2205 477 2227 11.
504 2197 613 2236 Epist.
637 2199 670 2228 2.
716 2196 824 2227 Porro
842 2196 875 2226 in

175 2246 240 2278 hac
253 2255 295 2278 eo
307 2245 477 2278 collimare
492 2246 625 2278 videtur
644 2245 763 2285 Poeta,
781 2250 818 2277 ut
833 2246 875 2277 ad

177 2296 264 2328 bene
301 2295 515 2328 sarciendam
549 2296 729 2327 caritatem
755 2295 875 2327 frater-

177 2355 254 2378 nam
271 2346 487 2379 exhortetur:
513 2347 554 2378 ad
583 2347 674 2388 qnod
691 2346 876 2378 artificiosa

177 2396 401 2428 insinuatione
426 2397 545 2436 utitur,
569 2402 604 2428 et
629 2406 690 2437 per
715 2397 876 2437 quasdam

179 2446 337 2488 ambages
358 2447 480 2479 sensim
507 2447 676 2488 procedit,
705 2453 740 2477 ut
758 2447 876 2478 melius

180 2497 388 2536 propositum
399 2502 602 2539 exequatur.

223 2544 307 2585 auli]
327 2546 455 2578 Theou.
469 2547 655 2586 Marcilius,
670 2557 735 2577 non
753 2547 813 2578 abs
828 2556 877 2586 re,

183 2596 263 2627 Luci
291 2597 522 2635 reponendum
552 2597 751 2628 contendit:
788 2598 878 2638 quod

182 2645 290 2676 Julius
314 2654 476 2686 nusquam
499 2646 543 2677 sit
570 2657 789 2687 praenomen3
822 2655 881 2677 no-

183 2704 261 2727 men
277 2699 391 2726 autem
409 2696 509 2726 Floro
525 2702 674 2738 nequeat
689 2697 815 2734 statui3
838 2696 880 2727 si-

184 2745 320 2786 quidem
338 2745 428 2777 Flori
440 2755 507 2777 non
521 2746 638 2787 Juliae,
660 2747 718 2778 sed
736 2747 882 2788 Aquiliae

187 2796 298 2836 gentis
313 2796 391 2828 sint.

227 2848 247 2877 2
266 2845 414 2877 Claudius
421 2845 562 2886 Augusti
571 2847 746 2889 privignus]
760 2848 879 2881 Claud.

299 2898 459 2939 Deqmaet
478 2899 650 2932 Vancuas.

873 2902 990 2933 Horat.

906 1768 909 1771 -
925 1747 1082 1780 Tiberius
1098 1748 1207 1788 Nero,
1223 1749 1329 1780 Drusi
1346 1747 1455 1780 frater
1465 1751 1543 1779 natu
1557 1757 1627 1780 ma-

921 1799 991 1839 jor,
1028 1798 1116 1829 filius
1153 1803 1266 1830 autem
1309 1799 1414 1831 Liviae
1453 1799 1626 1830 Drusillae.

926 1848 1026 1879 Hanc
1043 1849 1131 1880 enim
1144 1849 1333 1890 Augustus,
1346 1849 1526 1890 repudiata
1540 1850 1630 1882 Scri-

927 1898 1038 1938 bonia,
1056 1898 1178 1929 marito
1202 1908 1261 1930 suo
1290 1904 1299 1917 ¹
1315 1904 1350 1930 et
1366 1898 1503 1940 quidem
1520 1909 1628 1940 praeg-

927 1952 1064 1978 nantem
1082 1946 1239 1988 abduxit,
1255 1947 1442 1989 dilexitque
1454 1952 1490 1979 et
1507 1948 1629 1987 proba-

929 1996 977 2028 vit
994 1996 1092 2027 unice
1108 2006 1148 2028 ac
1164 1996 1448 2037 perseveranter!
1490 1997 1632 2028 Sueton.

929 2045 1052 2077 Octav.
1070 2056 1144 2086 cap.
1158 2049 1213 2078 63.
1232 2047 1311 2086 quin
1332 2047 1434 2078 etiam
1451 2057 1532 2088 erga
1555 2049 1629 2088 ojus

929 2096 938 2112 ‘
951 2105 1075 2136 pueros
1093 2097 1273 2132 Nerones‚'
1295 2097 1359 2128 hoc
1374 2102 1438 2135 cst,
1452 2098 1486 2128 iu
1502 2103 1630 2129 utrum-

930 2155 996 2186 que
1013 2146 1104 2177 ilium
1123 2146 1312 2187 privignum
1334 2147 1344 2164 ‘
1358 2147 1460 2178 animi
1479 2148 1611 2186 paterni
1627 2148 1633 2160 ’

929 2195 1005 2227 fuit.
1029 2196 1116 2227 Nam
1134 2201 1170 2227 et
1187 2197 1245 2226 hos
1258 2196 1461 2238 adoptavit:
1483 2208 1522 2229 ac
1541 2199 1631 2229 Dru-

930 2256 1001 2277 sum
1017 2246 1154 2287 quidem
1172 2246 1355 2287 praecipuis
1371 2247 1554 2278 honoribus
1572 2249 1630 2280 de-

930 2297 1080 2335 coravit;
1104 2296 1240 2328 Tiberio
1273 2307 1353 2329 vero
1378 2298 1508 2329 Liviam
1537 2309 1630 2329 suam

931 2356 972 2376 ex
1000 2346 1179 2378 Scribonia
1212 2346 1317 2378 filiani
1348 2347 1445 2378 dedit
1481 2357 1633 2388 uxorem,

931 2396 1076 2438 denique
1093 2397 1270 2437 imperium
1289 2397 1442 2428 tradidit.
1474 2398 1561 2428 Vide
1580 2407 1632 2429 lv.

932 2446 1000 2478 Od.
1015 2450 1045 2478 4.
1062 2452 1095 2477 et
1112 2450 1164 2478 14,
1182 2448 1295 2488 ibique
1314 2448 1396 2478 Not.

973 2500 992 2528 3
1019 2497 1155 2538 Thraca]
1183 2498 1244 2528 Gr.
1272 2496 1388 2537 Θρῄκη.
1419 2498 1547 2528 Thrace
1579 2497 1632 2528 vel

930 2547 1073 2586 Thraca,
1089 2556 1162 2586 pro,
1174 2547 1330 2578 Thracia.

977 2596 1118 2636 Hebrus]
1137 2596 1290 2627 Thraciae
1320 2606 1413 2627 mons
1436 2601 1472 2627 et
1497 2595 1631 2628 fluvius.

934 2645 1044 2676 Porro
1075 2645 1120 2676 ibi
1151 2646 1333 2677 vehemens
1367 2646 1477 2686 rigere
1513 2645 1632 2688 frigus,

935 2695 1006 2726 dixi
1023 2705 1047 2727 1.
1065 2695 1132 2727 Od.
1151 2698 1205 2726 25.

978 2749 999 2777 4
1023 2746 1119 2777 Frcta
1145 2746 1264 2777 vicinas
1283 2746 1377 2786 inter,
1394 2745 1461 2786 Sym]
1498 2745 1633 2777 Helles·

933 2802 1059 2839 pontus
1075 2797 1107 2827 in
1124 2797 1289 2837 angustiis
1305 2797 1370 2827 illis
1385 2794 1540 2832 fremens,
1557 2797 1633 2827 scil.

934 2849 1024 2879 iuter
1053 2848 1183 2878 Sestum
1214 2846 1380 2886 Thraciae,
1414 2852 1449 2878 et
1474 2845 1633 2885 Abydum

1476 2898 1546 2930 SZ
