1930 3242
619 266 900 297 sannionum
937 265 1034 295 Llss.
1069 263 1100 294 1.
1129 252 1172 293 8.

166 367 324 408 Manes
345 363 563 410 elicerent,
586 362 758 401 animas
784 371 1006 413 responsa
1026 357 1224 404 daturas.

163 433 312 474 Lanea
331 435 372 471 et
393 427 561 480 effigies
581 430 692 476 erat,
716 427 854 467 altera
878 437 1036 474 cerea3
1067 423 1208 477 major

168 499 334 548 Lanea,
355 508 457 550 quae
475 494 620 548 poenis
641 498 945 547 compesceret
964 491 1227 533 inferiorem.

169 565 312 608 Cerea
327 561 593 616 suppliciter
612 561 779 610 stabat,
804 560 1058 609 servilibus,
1082 563 1219 612 utque

167 632 198 675 J
201 645 273 674 am
293 630 506 685 peritura,
526 627 686 668 modis.

170 699 326 741 Altera
344 694 644 748 Tisiphonen:
675 698 906 748 serpentes
927 698 1061 747 atque
1083 691 1256 733 videres

171 765 369 808 Infernas
388 773 530 802 errare
548 773 681 802 canes
698 774 710 813 3
741 762 981 815 lunamque
1001 758 1246 808 rubentem,

171 873 232 909 ent,
267 873 303 902 ut
337 869 410 902 hine
440 869 566 902 umbras
595 874 773 911 evocarent,
800 871 922 902 animas
959 880 1108 910 responsa
1141 870 1334 911 reddituras.

171 913 277 953 imago
306 913 408 954 lanea,
439 916 471 944 et
503 913 605 944 altera
639 922 738 944 cerea.

1539 249 1623 289 881

1571 420 1628 460 30

749 627 952 669 Hecaten
973 628 1110 668 vocat
1131 625 1281 671 altera,
1305 636 1476 666 saevam

1577 759 1635 800 35

1395 870 1496 900 Porro
1531 870 1640 900 aderat

797 913 960 945 Grandior
983 914 1085 953 lanea,
1108 922 1176 952 quoe
1199 913 1349 944 minorem
1377 922 1498 943 ceream
1526 913 1642 952 plecte-

171 957 232 986 ret.
281 955 380 987 Cera
401 955 536 995 supplex
557 955 790 995 procumbebat,
811 956 923 987 servili
945 956 1080 994 ratione,
1103 965 1139 986 ac
1162 955 1246 986 velut
1270 965 1342 985 mox
1363 955 1543 986 interitura.
1581 953 1642 985 Ve-

171 996 342 1039 nffictmtm
375 998 475 1029 ultera
515 998 666 1029 inclamat
704 998 862 1038 Hecaten,
899 999 1001 1030 altera
1039 999 1144 1028 diram
1177 997 1381 1038 Tisiphonem.

1441 997 1519 1028 Tum
1557 995 1640 1036 aspi-

172 1049 257 1071 ceres
283 1049 411 1071 currere
440 1049 571 1081 angues,
602 1043 634 1072 et
673 1049 765 1072 canes
797 1041 949 1082 Stygias.-
982 1041 1085 1072 lunam
1113 1049 1186 1071 tero
1214 1039 1442 1072 erubescentem
1462 1049 1495 1071 se
1516 1038 1641 1070 abscon-

790 1123 1029 1136 OOOOOO‘OOOOO

177 1179 354 1212 Bentleius
375 1180 457 1219 legit
473 1184 508 1212 nt
521 1191 601 1222 quoe,
618 1190 662 1212 ex
679 1180 813 1212 duobus
830 1179 932 1211 codd.
948 1180 1133 1220 Torrentii‚
1150 1181 1331 1213 Pulmanni
1355 1179 1478 1219 tribus,
1501 1177 1643 1210 Gifl'anii

179 1232 260 1263 uno,
283 1227 318 1254 et
344 1222 414 1254 suis
441 1223 519 1255 Gal.
540 1229 578 1255 et
596 1223 750 1264 Magdal.
797 1222 853 1254 Ita
878 1222 977 1255 Gott.
998 1223 1126 1256 Sanad.
1151 1224 1306 1263 Francis,
1334 1223 1478 1254 Wetzel.
1503 1219 1642 1253 Wakef.

844 1287 990 1319 NOTAE

222 1341 266 1371 29
298 1337 430 1370 Animas
456 1347 600 1380 responsu
627 1338 774 1379 daturas]
813 1338 884 1370 Ne-

180 1387 369 1418 cromautia
395 1392 463 1426 est,
486 1397 554 1427 qua
576 1389 663 1426 magi
681 1387 799 1418 futura
822 1396 885 1428 per

180 1442 332 1469 mortuos
358 1441 418 1468 aut
445 1442 654 1468 mortuorum
680 1434 884 1468 1111111131τί-

178 1491 326 1519 mantnt.
361 1485 451 1517 Vide
464 1485 579 1526 Epod.
594 1487 655 1518 nlt.
675 1487 710 1518 in
726 1486 807 1525 fine,
821 1486 885 1518 ibi-

181 1546 249 1579 que
267 1536 351 1569 Not.
393 1546 418 1568 1.
436 1536 524 1577 Reg.
545 1539 600 1568 28.
646 1537 728 1568 Saul
745 1546 804 1568 rex
824 1546 886 1578 per

182 1587 424 1629 Pythonissam
449 1588 591 1620 suscitat
612 1588 717 1629 impie
740 1588 886 1619 animam

181 1638 347 1670 Samuelis
363 1637 571 1678 Prophetae:
601 1638 644 1669 ab
662 1647 769 1679 eoque
787 1638 888 1669 discit

185 1697 279 1719 suam
295 1697 497 1728 suorumque
524 1687 710 1727 perniciem
734 1687 888 1728 proxime

184 1737 347 1771 futuram.
391 1739 400 1755 ‘
416 1738 610 1779 Statimque
645 1738 723 1768 Saul
762 1737 890 1769 cecidit

185 1792 368 1830 porrectus
379 1787 412 1820 in
425 1794 570 1819 terram:
586 1788 792 1819 extimuerat
800 1786 890 1818 enim

187 1838 293 1869 verba
307 1836 502 1874 Samuelis,'
517 1839 582 1868 διο.
676 1859 688 1864 -

229 1890 272 1919 80
294 1886 402 1918 131111εο
417 1890 448 1918 et
457 1887 576 1928 effigies
589 1890 673 1925 erat,
689 1886 759 1927 φὴ]
783 1887 893 1918 Erant

187 1937 234 1969 ibi
263 1937 394 1979 effigies
430 1937 521 1976 dnae,
548 1947 614 1968 una
642 1937 752 1977 lanea,
783 1937 893 1968 altera

189 1996 303 2018 cerea.
347 1987 449 2019 Hanc
473 1987 640 2019 minorem
663 1987 773 2018 altera
789 1987 894 2028 major

193 2034 383 2077 affligebat,
398 2030 558 2076 minitat,
578 2037 798 2073 verberabat,
819 2047 896 2076 per-

193 2087 277 2118 dere.
295 2087 442 2118 volebat.
489 2087 578 2118 Nam
601 2092 637 2118 et
659 2088 708 2118 sic
728 2097 804 2118 cum
821 2096 898 2118 crn-

194 2137 285 2168 ciatu
303 2136 453 2167 homines
466 2141 614 2168 enecant
628 2135 805 2168 veneficae.
827 2136 899 2167 Un-

194 2186 238 2217 de
268 2185 373 2217 Ovid.
398 2185 510 2226 Epist.
539 2185 764 2226 Hypsipylae:
800 2186 810 2203 ‘
829 2185 900 2217 Per

195 2236 343 2267 tumulos
365 2239 458 2266 errat
483 2235 590 2276 passis
613 2235 783 2267 discincta
799 2235 904 2277 capil-

195 2284 249 2320 lis,
266 2285 438 2326 Certaque
453 2284 496 2316 de
511 2285 656 2326 trepidis
672 2285 806 2326 colligit
821 2295 900 2317 ossa

197 2335 298 2376 rogis.
345 2336 504 2368 Devovet
519 2336 690 2374 absentes,
703 2336 900 2367 simulacra-

199 2395 265 2426 que
280 2394 384 2417 cerea
398 2385 511 2427 fingit,
536 2386 583 2418 Et
607 2386 766 2418 miserum
782 2391 901 2419 tenues

199 2434 235 2465 in
241 2434 341 2476 jecur
356 2439 458 2476 urget
473 2435 577 2467 aens?

242 2486 285 2530 3².
317 2485 416 2516 Cerea
445 2486 626 2527 suppliciter
658 2486 777 2527 stabat]
815 2486 902 2518 Hoec

203 2540 453 2574 repraesentans
483 2546 559 2568 eum
594 2547 696 2579 quem
731 2537 904 2579 perditum

202 2582 299 2614 ibant
311 2590 348 2614 et
363 2585 560 2624 cupiebant.
590 2586 640 2619 At
651 2588 788 2619 laneum
805 2587 904 2619 simu·

203 2631 333 2663 lacrum
350 2631 526 2666 referebat
541 2645 657 2667 carum
671 2636 906 2668 veneficisillis

206 2685 324 2722 caput,
349 2681 440 2722 quod
466 2683 606 2716 alterius
635 2696 725 2728 sagae
755 2688 906 2718 incanta-

206 2732 330 2763 mentis
353 2731 498 2764 liberare
513 2738 549 2765 et
564 2737 742 2768 exsolvere
769 2741 909 2769 conten-

210 2780 352 2812 debant.

296 2834 414 2874 Delph.
427 2837 459 2865 et
479 2835 553 2867 ναν.
569 2837 655 2868 clas.

903 2839 1022 2871 Horat.

980 1342 1021 1371 33
1046 1340 1188 1372 Hecaten
1201 1344 1289 1372 vocat
1300 1338 1416 1378 altera]
1433 1337 1577 1370 Canidia
1593 1337 1642 1368 111-

938 1395 1039 1421 vocat
1056 1390 1300 1430 Proserpinam
1316 1389 1514 1420 umbrarum
1539 1387 1643 1419 domi-

938 1448 1026 1478 nnm,
1035 1449 1208 1470 sacrorum
1219 1439 1430 1480 magicorum
1442 1437 1641 1478 praesidem:

938 1488 1065 1520 dictam
1094 1489 1249 1531 Hecaten,
1280 1499 1341 1521 seu
1372 1488 1463 1530 quod
1498 1487 1645 1519 victimis

939 1544 1076 1571 centum
1106 1541 1315 1581 placaretur,
1339 1549 1399 1572 seu
1427 1539 1516 1580 quod
1540 1548 1645 1570 annos

941 1594 1079 1621 centum
1095 1599 1210 1621 errare
1226 1589 1331 1621 faciat
1350 1589 1552 1629 insepultos.
1588 1588 1647 1619 Ita

941 1640 1092 1670 Servius.
1131 1639 1212 1677 Alii,
1235 1638 1327 1680 quod
1354 1644 1506 1677 centum,
1520 1638 1554 1668 id
1581 1643 1648 1679 est,

943 1689 1052 1719 varias
1079 1689 1204 1720 habeat
1218 1688 1363 1719 virtutes
1390 1693 1426 1719 et
1443 1691 1646 1728 potestates-

945 1738 1034 1770 Nam
1058 1742 1094 1769 et
1111 1737 1239 1769 idcirco
1256 1737 1429 1778 tergemina
1446 1737 1566 1769 Hecate
1589 1746 1648 1769 vo·

943 1793 1041 1820 catur
1058 1799 1077 1819 a
1092 1788 1238 1828 Virgilio
1254 1787 1386 1819 AEneid.
1402 1797 1451 1819 iv.
1476 1789 1538 1819 Est
1554 1797 1649 1819 nem-

945 1848 990 1878 pe
1019 1839 1111 1869 Luna
1141 1838 1174 1869 in
1202 1839 1301 1874 coelo,
1331 1838 1446 1870 Diana
1473 1838 1507 1869 in
1536 1839 1649 1879 terris,

948 1888 1158 1928 Proserpina
1173 1888 1208 1919 in
1224 1887 1362 1919 l‘nferis.
1390 1887 1459 1919 Alii
1475 1887 1577 1919 etiam
1590 1888 1650 1918 ali-

946 1942 1015 1978 ter,
1039 1938 1130 1979 quod
1163 1938 1317 1969 Hecates
1349 1937 1483 1969 dicatur
1514 1937 1652 1978 Apollo,

946 1988 1025 2020 hine
1054 1988 1128 2029 ejus
1160 1997 1253 2020 soror
1283 1987 1418 2019 Hecate
1447 1988 1654 2029 appellatur,

947 2039 1118 2079 inquiunt,
1134 2038 1177 2069 ab
1193 2038 1278 2080 ἑκὰς,
1295 2039 1397 2078 longe,
1422 2039 1516 2080 quasi
1540 2037 1653 2069 radios

950 2088 1083 2118 eminus
1100 2089 1141 2118 ad
1159 2098 1220 2119 nos
1234 2088 1383 2119 vibrans.

992 2139 1034 2167 34
1055 2139 1168 2169 Altera
1195 2138 1398 2179 Tisiphonen]
1439 2139 1573 2179 Sagana
1598 2148 1654 2169 vo-

952 2190 1010 2217 cat
1036 2187 1253 2227 Tisiphonem
1291 2197 1390 2219 unam
1425 2198 1445 2220 e
1481 2188 1607 2227 Furiis,
1636 2198 1657 2219 a

954 2235 1148 2275 plectendis
1162 2236 1312 2268 caedibus
1331 2238 1381 2269 ita
1397 2238 1614 2269 nominatam.

998 2284 1165 2325 Serpentes
1187 2289 1280 2326 atque
1301 2287 1421 2320 videres
1444 2288 1591 2326 Infernas
1609 2296 1658 2317 er-

952 2343 1023 2366 rare
1045 2335 1151 2376 canes]
1175 2336 1285 2368 Canes
1311 2337 1456 2369 infernae
1475 2338 1658 2368 adventan-

954 2388 1022 2415 tem
1055 2385 1293 2427 Proserpinam
1323 2386 1566 2427 praecurrendo
1601 2394 1660 2415 an-

953 2435 1178 2476 nuntiabant;
1211 2443 1390 2478 serpentes
1420 2441 1533 2466 autem
1572 2434 1660 2465 Tisi-

956 2485 1114 2526 phonem.
1162 2487 1254 2517 Deas
1282 2487 1370 2518 enim
1399 2486 1470 2516 illas
1492 2483 1660 2525 ejusmodi

957 2535 1101 2566 asseclae
1131 2545 1299 2575 nunquam
1338 2544 1404 2565 non
1443 2535 1660 2566 comitantur.

959 2583 1140 2615 Furiarum
1170 2584 1316 2624 capillos
1349 2584 1567 2624 serpentibus
1603 2585 1664 2615 im·

962 2634 1095 2674 plexos,
1134 2643 1317 2676 manusque
1352 2635 1483 2676 pariter
1516 2638 1663 2666 armatas

962 2684 1103 2714 finxere.

1007 2736 1046 2765 35
1071 2733 1251 2775 Lunamque
1260 2734 1436 2776 rubentem]
1451 2735 1585 2767 Pudore
1598 2733 1665 2766 suf-

964 2784 1087 2823 fusam,
1103 2790 1135 2817 et
1154 2785 1393 2818 abhorrentem
1421 2796 1439 2817 n
1464 2786 1587 2817 talibus
1607 2784 1667 2816 fla-

1506 2839 1582 2870 3K
