1890 3256
614 306 890 338 SERMONUM
926 307 1020 337 mn.
1051 307 1103 339 11.
1138 296 1181 337 6.
1515 297 1627 340 1021

180 400 418 442 Proximus
439 399 639 449 accedat,
660 401 738 454 qui
758 412 873 442 nunc
896 399 1122 443 denormat
1141 400 1358 454 agellum!

184 467 224 509 Ο
246 468 285 509 si
306 480 454 509 urnam
473 467 646 520 argenti
664 467 753 508 fors
773 480 875 521 quae
897 467 1003 508 mihi
1022 471 1231 510 monstret
1248 468 1258 509 1
1288 473 1339 509 ut
1359 467 1440 518 illi,
1574 468 1632 509 10

180 533 411 576 Thesauro
430 534 610 576 invento
630 534 705 587 qui
726 535 1019 575 mercenarius
1040 542 1191 588 agrum

180 599 314 642 Illum
334 601 478 654 ipsum
499 605 719 642 mercatus
738 601 1045 651 aravit‚.dives
1062 602 1207 643 amico

180 665 402 718 Hercule3
433 666 487 717 si,
505 666 626 720 quod
645 666 784 718 adest,
804 672 973 720 gratum
987 667 1143 722 juvat3
1173 668 1257 710 bac
1273 681 1405 722 prece
1420 671 1464 710 te
1481 681 1572 719 oro,

178 733 350 788 Pingue
367 745 503 788 pecus
523 733 702 775 domino
723 734 880 784 facias,
901 738 945 776 et
965 738 1130 785 cetera,
1152 739 1315 788 praeter

178 799 432 856 Ingenium3
461 804 596 855 utque
617 801 756 852 soles,
776 805 929 843 custos
957 801 1064 842 mihi
1083 802 1304 843 maximus
1325 801 1460 844 adsis.
1574 801 1631 843 15

178 910 288 942 tendat
300 909 376 941 milii
390 919 502 941 urnam
513 910 644 950 pecunia
654 911 813 949 refertam,
821 911 1073 950 quemadmodum
1087 911 1130 949 ei,
1145 911 1210 952 qui,
1221 920 1290 942 cum
1304 911 1482 942 thesaurum
1495 910 1634 943 incenis·

178 955 238 988 cet,
256 952 392 983 Hercule
403 951 540 993 propitio
554 953 767 993 locupletatus,
782 953 858 985 emit
875 956 907 984 et
920 954 1015 985 coluit
1030 954 1159 984 eundem
1169 963 1295 993 agrum,
1306 963 1395 994 quem
1409 958 1500 985 antea
1515 954 1634 985 colebat

177 995 381 1032 conduct-nn,-
401 994 432 1025 εὖ
452 998 614 1026 contentus
630 1005 696 1026 sum
711 995 755 1026 iis
768 1005 836 1035 quae
851 995 968 1032 haimo,-
990 1007 1010 1027 a
1033 999 1065 1027 te
1085 997 1241 1028 duntaxat
1263 999 1335 1036 peto
1360 996 1427 1036 hoc,
1450 1000 1485 1027 ut
1502 996 1634 1036 pingues

177 1037 292 1080 efficias
300 1046 414 1077 greges
425 1039 456 1068 et
470 1037 545 1078 altit,
556 1041 672 1078 praeter
682 1038 844 1078 ingenium
858 1048 871 1075 ‚·
893 1041 999 1079 aeque,
1016 1041 1050 1070 ut
1064 1038 1264 1078 consuevisti,
1278 1038 1363 1070 adsis
1374 1038 1451 1070 mihi
1468 1041 1552 1070 tutor
1562 1048 1632 1080 per-

787 1120 1001 1133 eeeeeeeeee
1005 1121 1026 1132 ο

179 1190 270 1221 esse,
284 1186 320 1214 et
336 1183 427 1215 nullo
439 1183 538 1215 modo
549 1187 641 1215 stare
655 1193 753 1225 posse
768 1190 863 1216 recto
879 1186 959 1216 talo.
1006 1185 1094 1218 Quis
1116 1185 1205 1216 enim
1230 1185 1263 1216 in
1280 1188 1352 1216 toto
1369 1185 1468 1216 Latio
1484 1194 1631 1226 unquam

180 1224 314 1257 audivit
336 1235 464 1256 veneror
485 1236 547 1267 pro
569 1225 767 1268 ‘efflagit0,’
789 1227 966 1268 ‘impense
992 1232 1073 1268 opto
1086 1226 1106 1259 θ’
1150 1228 1195 1259 Et
1222 1227 1368 1259 usitatus
1396 1227 1487 1258 vocis
1513 1237 1633 1259 sensus

179 1267 285 1299 multo
302 1268 408 1299 minus
425 1268 560 1300 tolerari
577 1274 703 1309 potest.
746 1269 834 1300 Tum
861 1270 1075 1310 conjeceram
1101 1269 1281 1310 legendnm
1306 1278 1380 1301 esse
1396 1278 1509 1301 venor.-
1531 1279 1631 1310 quam

179 1318 244 1350 pro
259 1310 351 1341 varis
365 1310 447 1342 lect.
460 1315 580 1352 postea
593 1311 706 1342 iuveni
723 1311 755 1342 in
769 1311 833 1343 Ed.
851 1313 972 1352 Delph.
989 1313 1044 1343 ille
1062 1317 1176 1343 tamen
1190 1312 1312 1343 Editor
1326 1311 1419 1343 nulla
1434 1312 1467 1342 in
1483 1311 1632 1343 medium

179 1352 251 1383 lata
277 1351 408 1384 ratione
434 1356 564 1384 temere
588 1357 623 1384 et
646 1353 772 1385 insulse
793 1354 954 1386 damnat:
980 1354 1059 1385 vide
1083 1354 1145 1386 lib.
1161 1361 1186 1386 ι.
1211 1355 1287 1394 Epl.
1305 1357 1357 1385 19.
1381 1363 1430 1384 vs.
1447 1356 1500 1385 37.
1529 1358 1566 1385 et
1589 1353 1631 1385 ad

178 1394 310 1426 Heren.
321 1394 386 1425 lib.
402 1403 454 1426 iv.
471 1395 514 1426 3.’
531 1395 655 1433 Wakqf.
699 1395 755 1426 Itu
770 1396 873 1427 etiam
888 1397 978 1436 conj.
995 1398 1235 1428 Erasmus.—9
1252 1396 1328 1426 Div.
1344 1405 1399 1436 ap.
1416 1396 1519 1436 Cruq.
1535 1396 1632 1436 quin-

179 1446 320 1510 Wsstl'&
340 1436 1440 1520 ¹222ffl³³q321222¹⁶40321m03¹·.‘.²;:1‘⁶0‘‡:;:¹,‘³·T2?:2.{¹²1³3¹¹5;.3‘
1455 1438 1633 1510 3532&

176 1520 344 1558 Dunster,
355 1519 470 1552 Bentl.
490 1520 618 1552 Sanad.
630 1521 731 1552 Baxt.
746 1520 854 1554 Gesu.
876 1521 986 1553 Zeun.
1005 1521 1144 1561 Bipont.
1160 1519 1345 1560 Heindorf,
1363 1521 1498 1553 Wakef.
1511 1521 1630 1553 Comb.

177 1567 213 1594 et
228 1561 335 1594 Kidd.
349 1561 608 1595 «leuamen—10
632 1566 641 1581 ‘
655 1563 752 1594 Libri
768 1568 845 1604 post
861 1563 985 1595 Aldnm
1003 1564 1133 1602 excusi,
1149 1574 1222 1604 qua,
1247 1563 1281 1595 id
1306 1567 1370 1599 est,
1394 1564 1491 1604 siquo
1518 1569 1633 1604 pacto,

176 1604 206 1636 ei
221 1614 290 1646 qua
304 1604 455 1644 tutione:
481 1605 571 1636 unde
584 1604 850 1637 dormitantibus
873 1606 927 1637 bic
951 1605 1211 1646 interpretibus,
1236 1606 1418 1636 etiamnum
1435 1605 1632 1636 circumfer-

177 1650 246 1678 tur.
292 1646 340 1678 At
365 1646 485 1687 priscae
505 1647 674 1679 editiones
690 1652 774 1686 tres,
799 1652 835 1679 et
858 1647 1040 1678 Pulmanui
1066 1647 1337 1688 Berstnannique
1366 1648 1493 1687 plures,
1515 1657 1632 1678 omnes

177 1688 327 1730 denique
343 1698 364 1719 a
376 1689 472 1720 nobis
486 1690 546 1720 visi
568 1689 725 1721 codices:
752 1690 781 1720 Ο
792 1690 821 1720 si
836 1699 946 1721 umam
958 1689 1163 1729 urgentisors
1176 1699 1243 1729 quae
1257 1689 1335 1719 mila·
1348 1692 1499 1720 monstret
1509 1700 1521 1720 .-
1545 1699 1631 1730 prae-

180 1734 337 1772 terquam
353 1731 443 1772 quod
454 1732 582 1772 Regius
599 1731 703 1762 habet
715 1741 825 1772 quam.-
844 1732 874 1762 Ο
887 1733 916 1762 si
931 1742 1022 1772 quum
1035 1741 1143 1762 wwam
1158 1732 1284 1770 urgenti
1291 1731 1363 1769 fors
1375 1731 1452 1762 milii
1468 1735 1631 1763 monstret.

178 1772 248 1804 Sed
265 1773 377 1812 placet
392 1783 471 1813 qm,
485 1773 574 1814 quod
591 1774 734 1814 plurium
758 1773 965 1805 auctoritate
983 1773 1135 1805 fulcitur.
1182 1774 1212 1804 0
1226 1773 1255 1804 si
1270 1783 1340 1814 τινα.»
1356 1773 1428 1811 fors
1447 1783 1557 1804 urnam
1580 1784 1633 1805 ur-

177 1814 269 1854 genti
281 1815 359 1846 milii
379 1818 542 1847 monstret.
585 1815 623 1846 Sa·
636 1826 704 1856 quoe
719 1816 804 1854 sors,
824 1821 862 1847 ut
878 1816 958 1848 alibi
975 1816 1005 1847 si
1019 1816 1087 1856 quis
1107 1825 1206 1847 casus.
1232 1825 1273 1847 n.
1295 1816 1367 1846 Sat.
1384 1819 1415 1846 5.
1430 1815 1497 1846 49!
1522 1816 1633 1846 Bentl-

177 1865 248 1898 quoe
262 1857 366 1889 etiam
394 1857 494 1888 Gott.
520 1857 619 1890 Harl.
633 1861 665 1890 2.
681 1861 713 1890 3.
727 1860 759 1889 4.
771 1861 803 1889 6.
826 1858 960 1899 plurimi
976 1868 1032 1899 ap.
1053 1858 1155 1889 Feam
1172 1863 1208 1889 et
1231 1858 1357 1895 Bothe,
1371 1866 1457 1888 unns
1470 1867 1526 1898 ap.
1551 1859 1632 1890 Bos.

178 1898 360 1931 Animadv.
387 1904 423 1930 et
448 1899 525 1931 edd.
542 1904 618 1939 post
634 1901 750 1931 Bentl.
773 1909 833 1940 qua
846 1900 954 1932 ceteri
970 1901 1071 1932 codd.
1086 1910 1141 1940 ap.
1158 1899 1352 1931 Gesn.--13
1374 1900 1444 1931 Sex
1460 1899 1560 1931 codd.
1577 1910 1632 1940 ap.

178 1941 283 1974 Feam
297 1942 327 1973 si
339 1941 420 1982 quis.
456 1941 554 1974 Harl.
569 1944 602 1974 3.
617 1951 670 1974 oro
685 1945 813 1974 te.—1⁵
838 1943 1003 1974 Nonnulli
1018 1951 1074 1983 ap.
1096 1943 1214 1982 Feam,
1230 1942 1310 1973 mihi
1326 1945 1526 1973 cristae—19
1555 1943 1633 1974 Duo

182 2091 251 2120 tem
279 2088 370 2120 illam
403 2087 476 2129 agri
506 2088 623 2124 vicini.
656 2098 733 2128 quae
766 2098 878 2119 meum
931 2093 1026 2121 setur
1039 2088 1128 2130 quod
1145 2093 1255 2120 metus
1271 2089 1326 2120 vel
1347 2087 1513 2120 custodiae
1527 2097 1631 2118 causa

180 2147 299 2179 agrum
327 2137 526 2178 inaequalem
558 2137 692 2168 reddit!
739 2138 879 2168 Persius
934 2142 1035 2169 terrae
1049 2137 1210 2169 infossum
1224 2138 1466 2178 conditumque
1482 2137 1598 2169 fuerit.

178 2187 254 2220 Sat.
271 2196 324 2219 Vl.
337 2189 390 2219 13.
402 2188 490 2219 bunc
506 2187 658 2218 imitatus
673 2192 726 2219 est
741 2186 877 2218 Horatii
977 2189 1017 2217 12
1040 2187 1149 2218 Amico
1159 2187 1313 2227 Hercule]
1336 2188 1404 2218 Hic
1416 2188 1510 2219 lucro
1522 2188 1631 2228 inopi-

178 2237 302 2269 loenm,
932 2239 1014 2267 nato
1038 2241 1074 2267 et
1103 2235 1317 2267 recludendis
1347 2237 1515 2269 thesauris
1542 2248 1631 2278 prae-

221 2289 243 2319 9
265 2286 455 2327 Denormut]
478 2287 610 2319 Vitruv.
619 2287 679 2319 lib.
695 2296 759 2325 vn.
780 2288 790 2306 ‘
806 2287 877 2319 An·
930 2294 1006 2317 esse
1035 2285 1253 2317 credebatur.
1287 2286 1432 2318 Diodor.
1452 2287 1521 2318 sic.
1544 2297 1580 2318 v.
1600 2290 1631 2318 2.

179 2336 248 2378 guli
260 2336 302 2367 ad
317 2345 466 2368 normam
478 2336 726 2378 respondentes
739 2337 878 2378 exigan-
931 2335 1087 2367 Macrob.
1101 2344 1160 2367 111.
1186 2338 1240 2368 12.
1271 2336 1447 2368 Plutarch.
1465 2336 1629 2377 problem.

178 2392 255 2426 tur;
281 2386 515 2427 longitudines
540 2387 584 2419 ad
614 2388 780 2428 regulam,
803 2387 879 2419 alti·
933 2385 1064 2416 Arnob.
1080 2385 1141 2417 lib.
1159 2395 1211 2417 ιν.

179 2436 315 2469 tudines
329 2436 371 2468 ad
389 2436 696 2478 perpendiculum.’
975 2436 1016 2466 14
1038 2434 1165 2466 Proeter
1181 2434 1362 2474 Ingenium]
1387 2433 1489 2464 Ludit
1505 2432 1538 2463 in
1562 2443 1629 2463 ain-

226 2489 266 2518 10
292 2487 321 2517 0
351 2486 380 2517 εἰ
401 2496 511 2518 umam
534 2487 673 2527 argenti,
697 2486 766 2527 ξω]
796 2487 828 2519 0
853 2487 880 2518 si
929 2484 1033 2526 bigna
1060 2485 1311 2526 significatione
1340 2484 1432 2515 vocis
1458 2488 1467 2501 ¹
1483 2483 1631 2524 pingue.’

181 2535 378 2568 thesaurum
393 2541 494 2568 terrae
510 2536 672 2569 infossum
690 2536 880 2568 inveniam!
929 2534 1055 2566 Sensus
1068 2540 1142 2566 est:
1168 2534 1221 2566 Ne
1239 2543 1319 2565 vero
1334 2533 1507 2573 ingenium
1526 2534 1630 2565 etiam

181 2584 282 2615 Pers.
304 2584 376 2616 Sat.
394 2593 436 2615 ιι.
451 2587 504 2616 10.
547 2587 556 2605 ⁸
573 2586 605 2618 Ο
631 2587 658 2617 si
681 2586 752 2618 Sub
770 2591 879 2618 rastro
930 2582 1036 2615 facia»
1053 2584 1190 2623 pingue,
1207 2583 1242 2613 id
1259 2587 1323 2623 est,
1338 2591 1501 2619 crassum,
1514 2583 1630 2625 hebes,

182 2638 302 2674 crepet
313 2635 444 2674 argenti
454 2635 533 2666 mihi
544 2636 644 2676 seris,
654 2636 778 2668 dextro
793 2636 877 2667 Her·
931 2634 1119 2674 stupidum.

181 2683 284 2716 cnlel'
309 2683 415 2715 Porro
432 2684 606 2717 thesaurus
617 2686 779 2719 definitur
790 2696 879 2728 quoe-
975 2687 1014 2715 15
1040 2685 1153 2715 Custos
1164 2683 1243 2714 mihi
1254 2683 1407 2715 maximus
1417 2683 1518 2724 adsis]
1541 2683 1628 2715 Poe·-

181 2732 258 2765 dam
283 2737 381 2764 vetus
406 2733 576 2774 depositio
596 2736 765 2776 pecuniae,
781 2736 876 2776 cujus
931 2738 976 2766 tae
1001 2734 1156 2765 nimirum
1177 2734 1212 2764 in
1232 2734 1342 2766 tutela
1357 2738 1437 2765 sunt
1450 2733 1627 2765 Mercurii.

181 2791 248 2814 non
263 2786 361 2814 extat
380 2782 551 2821 memoria,
567 2783 683 2823 utjam
703 2784 873 2816 dominum
931 2793 971 2816 ιι.
985 2783 1053 2816 Od.
1068 2786 1102 2816 7.
1114 2789 1149 2816 et
1167 2786 1218 2816 17.

181 2841 248 2864 nou
260 2831 384 2863 habeat
398 2842 405 2863 :
430 2841 493 2863 uec
504 2833 593 2864 enim
606 2833 782 2866 thesaurus
797 2843 873 2867 cen·
