1904 3256
659 298 938 332 snumouun
977 300 1072 330 mn.
1107 300 1138 330 1.
1173 289 1211 330 l.

216 398 281 440 Ut
301 410 402 439 cum
421 395 671 438 carceribus
693 396 856 438 missos
876 395 995 450 rapit
1014 395 1179 449 ungula
1200 405 1363 444 curruS‚

219 465 365 506 Instat
381 464 507 518 equis
527 463 680 515 auriga
701 476 808 504 suos
830 464 1124 513 vincentibus,
1146 462 1271 503 illum

217 533 499 574 Praeteritum
518 539 721 574 temnens
742 537 966 573 extremos
989 533 1098 574 inter
1118 537 1308 573 euntem.

218 599 329 647 Inde
350 600 410 650 fit,
430 603 476 641 ut
495 612 612 649 raro,
633 599 708 651 qui
732 613 780 640 se
800 600 969 641 vixisse
990 601 1164 642 beatum

218 667 369 716 Dicat,
390 670 434 708 et
448 670 609 707 exacto
632 671 860 709 contentus
881 673 1080 722 tempore
1101 667 1205 709 vitae

219 733 374 784 Cedat,
396 735 461 775 uti
483 734 674 775 conviva
696 739 831 785 satur,
851 736 1043 789 reperire
1064 746 1292 789 queamus.

215 801 246 842 J
250 815 318 843 am
341 801 453 842 satis
473 805 564 842 est:
594 813 648 841 ne
669 814 736 842 me
761 802 955 856 Crispini
974 802 1134 843 scrinia
1154 801 1269 855 lippi

1589 801 1673 844 120

215 930 333 969 ungula
347 930 464 972 abripit
478 940 588 971 currus
608 931 767 972 repagulis
786 932 922 968 emissos,
936 932 1049 970 auriga
1064 934 1192 962 conatur
1207 931 1329 971 assequi
1344 940 1447 972 equos,
1462 931 1518 972 qui
1537 940 1674 972 praever-

217 974 287 1003 tunt
313 982 399 1012 suos,
423 983 570 1014 spernens
593 984 661 1005 eum
683 983 770 1015 quem
791 974 957 1014 proecurrit
974 974 1058 1005 inter
1071 973 1196 1004 ultimos
1210 977 1344 1005 euntem.
1392 973 1479 1005 Hinc
1492 973 1537 1016 fit
1553 977 1587 1005 ut
1604 983 1675 1004 raro

211 1014 368 1055 possimus
382 1016 522 1047 invenire
537 1016 689 1047 hominem
703 1016 756 1056 qui
771 1026 802 1048 se
821 1017 908 1048 dicut
924 1016 1045 1048 beatum
1064 1017 1195 1054 vixisse,
1216 1016 1328 1056 quique
1348 1026 1469 1047 emenso
1489 1017 1564 1047 υἱέα
1578 1016 1678 1056 spatio

216 1058 344 1090 decedat
367 1062 541 1099 contentus,
563 1063 599 1090 ut
621 1059 748 1090 conviva
769 1060 913 1091 saciatus.
959 1060 1005 1090 At
1022 1059 1092 1098 J'um
1109 1058 1246 1100 sufficit:
1268 1067 1322 1090 nec
1337 1059 1435 1090 ullum
1450 1060 1534 1091 ultra
1550 1059 1676 1090 verbum

825 1150 1065 1162 ”ooaeaeoeeoeo

214 1217 328 1257 pletior
341 1217 440 1249 obstet
451 1228 464 1255 ;
481 1222 515 1248 et
531 1218 578 1249 sic
594 1218 684 1259 conj.
701 1218 984 1259 H.Steph.—115
998 1218 1175 1251 Harl.3.4.
1192 1224 1262 1250 tres
1275 1219 1491 1259 Bersmanni,
1503 1218 1675 1250 nonnullae

217 1259 298 1290 edd.
315 1259 421 1302 antiq.
436 1265 472 1292 et
487 1260 565 1292 Vet.
578 1260 698 1292 Coinb.
711 1260 895 1292 suia—11⁷
916 1261 1005 1292 Unde

1019 1261 1066 1302 fit
1088 1271 1172 1293 unns
1190 1262 1513 1294 Bersmanni.—118
1530 1261 1629 1293 Harl.
1646 1263 1676 1292 1.

219 1301 367 1333 Biandd.
386 1306 414 1334 Ι.
430 1305 461 1334 2.
475 1304 505 1334 3.
517 1305 547 1334 4.
571 1303 628 1335 Sil.
656 1304 758 1334 Tons.
786 1304 892 1334 Mart.
916 1303 1049 1335 Buslid.
1075 1308 1111 1335 et
1135 1305 1223 1336 Nan.
1241 1305 1396 1346 Cruquii,
1420 1305 1519 1337 Gott.
1544 1308 1580 1336 et
1608 1303 1676 1334 duo

218 1344 407 1385 Torrentii,
419 1355 496 1376 cum
521 1345 599 1376 edd.
625 1347 729 1386 Crnq.
745 1345 888 1386 Cuning.
905 1346 1022 1377 Bentl.
1034 1346 1162 1377 Sanad.
1178 1347 1342 1385 Dunster,
1359 1347 1510 1387 Francis,
1525 1347 1677 1385 Towers,

218 1386 401 1424 Heindorf,
424 1386 560 1418 Wakef.
585 1391 619 1418 et
645 1388 859 1418 Kidd.—120
882 1388 892 1404 ⁴
910 1387 1106 1418 Mirandum
1139 1388 1228 1419 unde
1259 1389 1418 1420 Bentleio
1456 1390 1490 1419 in
1527 1394 1675 1419 mentem

217 1429 351 1460 venerit
365 1429 481 1469 lippum
495 1438 570 1460 esse
588 1429 818 1470 reponendum
837 1438 898 1469 pro
910 1428 1002 1469 lippi,
1017 1438 1084 1470 quo
1098 1430 1264 1462 Horatius
1279 1440 1315 1462 se
1330 1431 1454 1471 ipsum,
1468 1440 1534 1462 non
1549 1430 1677 1470 Crispi-

881 1523 1023 1556 NOTAE

213 1584 369 1618 felicior:
393 1586 421 1618 is
436 1586 565 1619 invidia
575 1592 610 1619 et
626 1585 817 1630 cupiditate
833 1598 913 1621 con-

213 1635 390 1676 tabescet3
413 1647 489 1669 nam
506 1639 581 1680 ejus
597 1639 703 1671 oculis
717 1649 756 1671 ac
767 1639 914 1681 judicio,

213 1691 252 1718 nt
266 1686 316 1718 ait
331 1687 491 1727 Ovidius,
503 1688 580 1720 Art.
593 1698 618 1721 1.
635 1691 710 1722 349.
732 1693 740 1707 ⁴
752 1689 914 1721 Fertilior

213 1745 310 1778 seges
332 1743 386 1769 est
403 1737 513 1770 alieno
528 1747 664 1779 semper
680 1739 714 1770 in
731 1748 832 1779 agro;
855 1739 913 1770 Vi-

213 1787 395 1830 cinumque
423 1797 528 1829 pecus
554 1789 716 1830 grandius
743 1790 830 1821 uber
857 1789 914 1821 ha-

214 1836 298 1870 bet?

257 1890 319 1919 11⁴
347 1888 393 1920 Ut
405 1897 474 1919 cum
495 1888 681 1925 carceribus,
695 1887 766 1930 ἔγω]
788 1889 913 1921 Simili-

214 1937 334 1969 tudine
348 1937 500 1970 illustrat
516 1938 605 1980 quod
625 1938 722 1970 dixit.
746 1939 813 1972 Qui
829 1948 912 1981 qua-

215 1986 387 2028 drigarum
410 1997 512 2020 cursu
530 1989 561 2019 in
583 1988 696 2020 stadio
711 1993 833 2028 certat,
847 1997 914 2020 non

218 2037 356 2079 respicit
373 2047 517 2080 unquam
541 2039 766 2079 posteriores,
781 2038 841 2070 sed
857 2038 915 2070 de-

218 2086 341 2127 spicit;
365 2091 399 2118 at
417 2087 546 2127 priores
568 2088 704 2129 aspicit,
728 2098 768 2120 ac
793 2088 916 2120 nititur

219 2137 354 2178 assequi
371 2141 406 2168 et
420 2141 648 2169 antevertere.

207 2224 209 2227 Α
263 2186 463 2228 Cas-ceribus]
489 2186 534 2218 Hi
551 2187 645 2228 quasi
661 2196 783 2218 arcet-es
798 2187 916 2219 dicun-

217 2238 285 2272 tur,
302 2236 382 2277 quia
403 2235 451 2267 ibi
478 2243 640 2268 arcentur
655 2237 733 2278 equi
750 2241 846 2268 certo
862 2247 914 2268 re-

214 2286 352 2326 pagulo,
367 2295 410 2317 ne
426 2291 582 2326 currant,
594 2291 776 2328 antequam
792 2287 914 2328 magis-

214 2338 324 2366 tratus
351 2335 483 2376 signum
514 2335 660 2368 dederit.
704 2336 843 2368 Servius
871 2347 913 2368 ex

213 2384 380 2416 Varrone.
426 2384 494 2416 Hic
509 2386 552 2416 de
570 2386 666 2426 Ling.
684 2387 761 2418 Lat.
786 2387 847 2419 lib.
863 2397 912 2419 ιν.

215 2434 264 2467 sic
279 2435 417 2468 scribit:
442 2441 451 2454 '
467 2435 586 2468 Circus
602 2436 725 2473 dictus,
741 2438 830 2479 quod
847 2438 912 2470 cir-

216 2495 292 2517 cum
316 2487 522 2528 spectaculis
537 2486 742 2527 aedificatus,
758 2487 816 2520 ubi
841 2489 913 2520 ludi

215 2534 324 2575 finnt;
345 2541 381 2568 et
395 2536 486 2579 quod
504 2537 550 2568 ibi
565 2537 692 2569 circum
716 2543 825 2570 metas
846 2538 915 2571 fer-

217 2587 273 2616 tur
302 2596 436 2628 pompa,
470 2592 506 2620 et
535 2588 613 2630 equi
640 2593 793 2620 currunt.
807 2609 816 2619 -
830 2611 839 2620 .
852 2610 861 2621 .
875 2589 915 2621 In

218 2635 310 2668 circo
337 2637 446 2677 primo
476 2637 567 2670 unde
604 2639 789 2671 mittuntur
823 2639 914 2681 equi,

217 2695 308 2718 nune
335 2687 493 2720 dicuntur
529 2690 712 2722 carceres!
769 2690 859 2721 Vide
890 2699 915 2721 1.

219 2735 289 2767 Od.
305 2739 336 2767 1.
359 2737 428 2778 nbi,
449 2738 492 2770 de
514 2741 729 2777 ‘curriculo,'
751 2741 914 2782 ‘pulvere

219 2786 428 2829 Olympico,'
439 2789 449 2806 ‘
463 2794 621 2832 metaque
635 2790 772 2824 fervidis
784 2792 915 2825 evitata

219 2835 329 2869 rotis)

1014 1588 1156 1629 Ungula]
1180 1589 1250 1621 Pro
1266 1598 1354 1631 equo
1378 1589 1521 1630 ungulas
1546 1588 1674 1621 haben·

968 1642 1016 1670 te.
1061 1638 1279 1680 Synecdoch.

1012 1688 1148 1729 Currus]
1177 1688 1296 1728 Rigas,
1311 1687 1504 1729 quadrigas.

1013 1741 1074 1770 118
1098 1739 1222 1770 Exacto
1244 1741 1403 1771 contentus
1427 1742 1562 1779 tempore
1583 1739 1674 1780 υἱέας]

967 1788 1090 1820 Senec.
1115 1788 1157 1820 ad
1174 1788 1284 1820 Lucil.
1307 1788 1420 1829 Epist.
1438 1797 1502 1820 xv.
1518 1789 1609 1820 hunc
1627 1790 1674 1821 lo-

969 1847 1046 1870 cum
1078 1838 1214 1870 videtur
1244 1838 1470 1879 interpretari
1504 1839 1675 1879 voluisse;

967 1887 1039 1927 ubi,
1062 1887 1073 1905 ‘
1085 1887 1201 1930 itaque
1218 1897 1318 1930 quam
1331 1889 1439 1919 muita
1455 1888 1499 1920 sis
1514 1898 1676 1921 consecu-

967 1942 1035 1977 tus,
1051 1937 1245 1970 recordare.
1290 1939 1376 1970 Cum
1398 1940 1573 1979 aspexeris
1592 1945 1676 1981 quot

968 1992 1002 2020 te
1019 1988 1240 2030 antecedant,
1249 1988 1367 2029 cogita
1377 1994 1461 2031 quot
1475 1995 1676 2031 sequantur.

968 2038 1004 2072 Si
1031 2039 1082 2070 vis
1099 2043 1219 2080 gratus
1235 2048 1311 2070 esse
1327 2038 1488 2071 adversus
1505 2039 1614 2081 Deos,
1639 2045 1676 2071 et

970 2088 1136 2120 adversus
1166 2089 1271 2121 vitam
1301 2094 1409 2126 tuam,
1435 2090 1549 2131 cogita
1574 2101 1674 2133 quam

969 2139 1093 2170 multos
1110 2139 1361 2171 antecesseris.’

1012 2194 1076 2223 119
1102 2191 1215 2230 Cedat,
1235 2192 1284 2223 uti
1309 2192 1437 2224 conviva
1461 2192 1566 2234 satur]
1606 2194 1673 2225 De-

969 2246 1082 2273 sumta
1109 2242 1283 2273 sententia
1308 2252 1327 2273 e
1352 2243 1512 2274 Lucretio
1539 2243 1598 2274 lib.
1616 2252 1673 2274 ιιι.

968 2293 1044 2323 946.
1066 2291 1077 2309 ⁴
1093 2291 1184 2324 Quid
1210 2291 1273 2323 tibi
1300 2296 1484 2333 tantopere
1505 2297 1568 2330 est,
1584 2302 1673 2324 moi·-

968 2341 1164 2383 talis,quod
1189 2342 1287 2374 nimis
1312 2343 1413 2383 aegris
1439 2343 1604 2375 Luctibus
1621 2344 1670 2374 in-

968 2392 1111 2433 duiges?
1155 2392 1246 2425 Quid
1266 2398 1408 2425 mortem
1425 2394 1612 2433 congemis,
1634 2398 1674 2424 et

965 2442 1052 2475 fles?
1097 2442 1167 2475 Cur
1182 2452 1248 2474 non
1265 2449 1304 2475 nt
1320 2443 1441 2484 plenus
1459 2444 1537 2474 vitae
1555 2443 1671 2473 convi-

970 2504 1012 2527 va
1029 2493 1205 2526 recedis?’
1248 2495 1293 2526 Et
1311 2494 1412 2534 paulo
1429 2498 1518 2534 post,
1537 2502 1582 2524 vs.
1598 2495 1674 2525 970.

969 2546 978 2563 ‘
993 2544 1060 2575 Sed
1079 2544 1159 2585 quia
1183 2552 1319 2583 semper
1343 2551 1436 2581 aves,
1459 2541 1549 2582 quod
1565 2541 1674 2583 abest,

970 2594 1156 2635 praesentia
1187 2592 1329 2630 temnis;
1367 2590 1579 2633 Imperfecta
1609 2593 1674 2625 tibi

969 2643 1088 2683 elapsa
1115 2647 1168 2674 est
1195 2643 1399 2683 ingrataque
1427 2642 1514 2672 vita:
1541 2643 1586 2673 Et
1608 2652 1673 2675 nec

969 2693 1099 2733 opinati
1125 2702 1216 2724 mors
1244 2691 1287 2723 ad
1315 2697 1421 2732 caput
1450 2692 1572 2731 astitit,
1593 2698 1673 2724 ante

969 2743 1081 2776 Quam
1106 2748 1201 2774 satur
1225 2752 1264 2774 ac
1289 2742 1409 2784 plenus
1434 2742 1541 2784 possis
1565 2742 1670 2775 disce-

970 2793 1052 2826 dere
1067 2792 1206 2826 rerum?

1014 2847 1077 2877 120
1103 2843 1259 2886 Crispini]
1294 2844 1330 2876 Is
1355 2843 1493 2877 Stoicus
1518 2844 1672 2877 Philoso-
