1890 3256
370 272 480 313 1082

369 373 482 423 Quae
505 375 542 414 si
563 386 658 414 cum
677 373 807 414 sociis
827 374 985 413 stultus
1006 372 1279 425 cupidusque
1298 373 1494 420 bibisset,

368 439 458 479 Sub
478 439 652 479 domina
671 438 895 478 meretrice
915 436 1076 478 fuisset
1097 438 1232 490 turpis
1251 441 1294 478 et
1311 450 1485 486 excorS,

834 285 877 321 Q·
907 280 1113 312 HORATH
1147 281 1317 311 FLACCI

1727 437 1783 478 25

367 503 566 544 Vixisset
586 504 706 544 canis
725 502 987 552 immundus,
1009 504 1078 544 vel
1097 503 1237 544 amica
1257 503 1350 544 luto
1378 515 1467 543 sus.

365 623 454 654 avide
467 628 611 664 potasset,
634 629 668 655 ut
689 624 737 654 sm·
751 624 886 663 comites,
907 622 961 653 sub
975 623 1132 653 dominatu
1146 624 1316 656 meretricis
1329 625 1456 656 vixisset
1471 625 1596 663 infamis
1609 628 1640 656 et
1653 625 1786 660 demens,

365 674 401 694 uc
415 666 497 696 velut
503 666 605 703 foedus
618 666 714 700 canis,
729 669 780 696 aut
794 674 905 705 porcus
917 674 998 695 coeno
1007 665 1155 702 gaudens.
1193 665 1262 696 Nos
1274 666 1393 706 quidem
1406 676 1507 698 sumus
1517 669 1668 698 duntaxat
1682 674 1783 696 nume·

976 747 1190 761 00000600000

365 814 515 842 notatum
531 820 573 842 ex
591 811 658 843 Ms.
675 812 708 842 in
725 821 784 842 ora
799 812 900 843 dictae
917 812 1072 844 editionis
1087 812 1164 843 Aldi
1180 815 1275 844 1509.
1291 813 1463 845 revocavit
1479 813 1510 844 in
1526 817 1654 843 textum
1671 809 1784 841 Lamb-

363 852 443 882 inde
468 852 562 884 Torr.
587 853 674 884 Dae.
700 854 809 884 Bentl.
834 854 933 884 Baxt.
953 854 1038 884 Cun.
1062 854 1141 885 San.
1170 854 1256 885 Phil.
1284 853 1386 886 Gesn.
1412 855 1487 885 Val.
1512 853 1628 885 Oberl.
1652 849 1786 882 Wakef.

364 893 502 931 Combe,
518 894 660 925 Wetzel.
680 894 785 926 Zeun.
811 895 889 925 Vid.
907 904 931 926 1.
948 895 1012 934 Ep.
1026 898 1077 927 17.
1093 898 1123 926 7.
1148 894 1201 926 ΑΙ.
1220 895 1332 926 Circes.
1369 897 1378 913 ‘
1392 895 1518 926 Eadem
1535 895 1678 925 varietas
1694 891 1782 932 apud

363 934 522 973 Propert.
540 943 595 966 111.
612 938 662 965 10.
677 938 729 966 27.
744 941 782 966 ut
796 935 842 965 ibi
858 940 953 967 notat
968 936 1084 967 Burm.
1100 941 1134 967 et
1149 936 1237 976 apud
1253 936 1353 968 Ovid.
1367 937 1456 968 Fast.
1471 945 1523 967 tv.
1538 939 1591 968 70.
1636 933 1702 966 Sed
1719 942 1783 964 non

365 975 650 1014 dissimulandum,
665 977 769 1007 Circes
783 977 849 1014 legi
865 978 954 1016 apud
971 977 1138 1007 Valerium
1155 978 1186 1008 in
1202 978 1354 1017 Epistola
1377 977 1417 1008 ad
1442 976 1621 1012 Ruffinum,
1642 976 1651 993 ‘
1666 984 1708 1005 ne
1724 974 1783 1004 du-

365 1020 422 1046 cat
438 1019 600 1055 uxorem,'
621 1021 700 1055 post
712 1017 827 1057 Opera
841 1017 875 1049 S.
894 1018 1106 1058 Hieronymi,
1120 1017 1201 1049 edit.
1225 1018 1333 1050 Paris.
1350 1021 1443 1049 1706.
1466 1023 1546 1048 tom.
1561 1027 1601 1048 n.
1622 1017 1685 1048 col.
1709 1018 1783 1046 83⁷.

362 1056 435 1094 ubi,
449 1057 590 1087 Sirenum
603 1067 702 1096 uoces,
715 1061 745 1088 et
763 1059 867 1088 Circes
876 1060 982 1098 pocula
994 1058 1098 1091 novit:
1109 1059 1188 1090 Fea.
1223 1059 1304 1090 Vat.
1321 1062 1351 1089 5.
1366 1063 1401 1090 et
1416 1058 1554 1089 Mediol.
1569 1060 1661 1089 14⁷⁷.
1681 1057 1785 1096 pocula

362 1098 542 1129 novin—2⁵
566 1098 757 1131 Markland.
786 1099 893 1140 Epist.
921 1099 1004 1131 crit.
1030 1109 1064 1140 p.
1089 1102 1161 1131 100.
1186 1099 1272 1140 conj.
1293 1109 1410 1140 exsors,
1431 1099 1641 1140 improbante
1667 1098 1785 1129 Fen.—

1002 1182 1032 1214 N
1039 1182 1144 1214 01·AE

360 1241 612 1276 fabulatoribus.
662 1245 835 1277 Sirenibus
871 1253 990 1276 nomen
1026 1253 1046 1275 a

361 1292 458 1332 σειρὰ,
485 1296 604 1323 catena.
647 1293 716 1325 Alii
744 1294 851 1325 aliter.
901 1291 1045 1325 Quidam

361 1341 524 1380 originem
571 1342 776 1373 Hebraicam
817 1342 1046 1382 expiscantur.

359 1389 439 1419 Tres
455 1389 605 1430 fuerunt,
621 1391 850 1430 Parthenope,
873 1390 1046 1426 Leucosia,

360 1437 479 1477 Ligea:
503 1439 674 1480 superiore
684 1439 834 1479 corporis
846 1439 960 1479 specie
976 1448 1045 1469 mu·

358 1486 471 1526 lieres,
485 1486 642 1519 inferiore
653 1488 763 1528 pisces
773 1492 831 1519 aut
847 1497 936 1519 aves.
969 1488 1046 1518 Una

359 1534 463 1570 tibiis.
479 1535 585 1566 altera
599 1536 685 1576 lyra,
707 1535 810 1567 tertia
832 1545 912 1566 voce
935 1535 1044 1566 conci-

358 1581 472 1613 nebat.
510 1583 574 1614 His
590 1583 661 1614 fata
672 1584 785 1615 vivere
800 1588 1044 1621 concesserant,

359 1631 519 1672 quamdiu
535 1637 811 1673 pertranseuntes
827 1637 928 1663 cautu
941 1641 1045 1663 mora-

359 1686 477 1711 rentur
491 1686 527 1712 et
543 1686 732 1722 captarent.
766 1681 888 1721 Itaque
904 1685 1045 1721 praeter-

357 1731 555 1769 navigantes
579 1731 670 1761 suavi
698 1730 893 1771 symphonia
908 1730 1044 1761 allicere

359 1778 558 1818 studebant,
571 1778 856 1819 devorabantque.
885 1779 932 1810 At
948 1779 1044 1820 Ulys-

357 1835 410 1858 ses
429 1837 448 1858 a
464 1828 562 1859 Circe
584 1827 736 1865 edoctus,
752 1832 926 1858 nautarum
939 1833 973 1858 et
989 1837 1043 1858 co-

357 1875 474 1906 mitum
501 1875 635 1906 auribus
663 1885 742 1907 cera
770 1876 945 1911 obturatis,
971 1876 1043 1916 ipse

355 1932 436 1954 vero
452 1924 538 1954 malo
551 1923 644 1954 navis
657 1924 812 1962 alligatus
828 1924 956 1954 audivit
972 1925 1043 1963 qui-

357 1971 433 2002 dem
461 1976 497 2002 et
522 1976 767 2011 praetervectus
783 1975 834 2002 est
858 1971 1041 2003 incolumis.

356 2019 458 2050 Unde
477 2019 543 2049 illae
566 2020 650 2050 sein
666 2028 754 2051 mare
777 2020 1043 2060 praecipitarunt.

356 2067 478 2099 Sedem
502 2068 670 2100 habebant
692 2068 733 2099 ad
756 2070 903 2100 Siculum
926 2070 1044 2101 littus:

356 2117 422 2152 vel,
439 2122 476 2148 ut
493 2117 548 2148 aiii
565 2117 729 2157 scribunt,
743 2117 775 2148 in
789 2118 955 2149 Sirenusis
970 2128 1044 2150 sco-

355 2165 456 2204 pulis,
472 2169 507 2196 et
529 2165 562 2196 in
587 2165 726 2205 Capreis
749 2165 868 2204 insula,
883 2170 985 2207 atque
999 2167 1040 2197 ad

353 2213 588 2244 Surrentinum
626 2213 736 2244 ltaliae
773 2215 1041 2246 Promontoriurn

354 2261 530 2302 Tyrrheno
554 2261 729 2292 imminens
754 2262 860 2300 mari;
883 2263 972 2294 inter
999 2263 1043 2294 si-

355 2319 435 2341 num
450 2310 686 2348 Puteolanum,
702 2311 810 2350 hodie,
824 2312 915 2349 Goll'o
925 2312 960 2342 di
976 2313 1043 2344 Na-

352 2360 428 2400 poli,
455 2365 490 2391 et
516 2360 720 2400 Paestanum,
746 2361 856 2400 vulgo,
893 2360 985 2398 Golso
1010 2361 1043 2392 di

356 2409 496 2441 Salerno.
540 2408 678 2439 Homer.
713 2408 836 2449 Odyss.
864 2412 905 2439 M.
939 2409 1041 2440 ovid.

355 2458 442 2488 Met.
460 2466 493 2488 v.
510 2457 591 2488 Fab.
602 2460 633 2488 9.
665 2457 801 2487 Sirenes
816 2466 934 2488 revera
946 2462 1041 2489 eraut

354 2505 575 2536 meretricutae
599 2509 668 2535 tum
695 2503 803 2535 forma
825 2505 944 2545 insigni
970 2511 1040 2538 tum

354 2553 526 2585 veneficiis
541 2553 667 2584 animos
687 2553 855 2588 hominum
871 2555 1041 2587 trahentes

355 2613 394 2634 ac
426 2602 660 2643 depravantes.
717 2601 893 2635 Iudicatur
928 2610 1039 2636 autem

354 2651 493 2690 Ulysses
517 2651 723 2691 voluptatum
749 2651 926 2684 illecebras
941 2663 980 2685 ac
995 2654 1040 2685 ie-

354 2700 487 2730 nocinia
504 2699 688 2739 prudenter
704 2700 883 2733 devitasse.
904 2702 1039 2734 Plutar-

356 2747 436 2782 chus
458 2747 611 2789 sympos.
628 2757 680 2780 lx.
696 2751 746 2780 14.
790 2749 927 2781 Homeri
955 2750 1040 2781 Sire-

1098 1253 1169 1279 nes,
1195 1244 1312 1285 inquit‚
1338 1243 1432 1275 nobis
1465 1241 1631 1275 immerito
1657 1241 1786 1272 fabulo-

1097 1302 1167 1324 sum
1194 1292 1346 1333 injiciunt
1371 1296 1509 1323 metum.
1559 1290 1675 1322 Innuit
1704 1299 1782 1320 vero

1096 1342 1152 1373 ille
1174 1342 1347 1373 avolantes
1372 1350 1411 1372 ae
1435 1340 1629 1381 divagantes
1657 1338 1784 1370 animos

1097 1398 1158 1430 per
1169 1389 1328 1420 musicam
1337 1389 1519 1420 demulceri
1532 1393 1568 1420 et
1580 1388 1622 1420 ad
1635 1387 1785 1420 coelestia

1097 1438 1277 1479 divinaque
1293 1438 1419 1478 pellici.

1141 1486 1240 1517 Circoe
1254 1486 1374 1527 ροειιια]
1399 1486 1454 1517 De
1469 1486 1527 1517 illa
1541 1484 1670 1516 famosa
1684 1494 1785 1516 vene-

1097 1534 1247 1566 ficiorum
1262 1535 1416 1567 antistite
1426 1540 1462 1566 et
1477 1535 1697 1576 antesignano.
1711 1533 1784 1565 fuse

1097 1583 1224 1614 dictum
1239 1587 1293 1615 est
1305 1584 1338 1614 in
1351 1583 1462 1624 Epod.
1483 1591 1577 1615 xvn.
1593 1582 1684 1614 Plin.
1699 1591 1786 1614 xxv.

1097 1635 1129 1663 2.
1152 1632 1339 1663 ‘Homerus
1359 1631 1492 1673 quidem
1515 1631 1639 1671 primus
1662 1629 1787 1661 doetri-

1097 1688 1213 1711 narum
1228 1687 1264 1711 et
1278 1680 1489 1721 antiquitatis
1514 1688 1648 1720 parens,
1661 1680 1785 1709 multus

1097 1728 1179 1760 alias
1203 1729 1235 1759 in
1263 1728 1486 1760 admiratione
1502 1729 1630 1765 Circes.
1646 1728 1784 1768 gloriam

1096 1777 1272 1808 herbarum
1307 1778 1454 1818 AEgypto
1496 1776 1635 1808 tribuit.’
1696 1775 1785 1806 vide

1097 1826 1221 1866 Odyss.
1234 1830 1272 1856 Κ.
1614 1823 1617 1827 ’

1137 1876 1179 1904 26
1205 1874 1315 1905 Amica
1345 1874 1407 1904 luto
1433 1871 1502 1912 sus]
1536 1872 1624 1904 Socii
1651 1872 1784 1913 quidem

1095 1922 1224 1960 Ulyssis
1247 1922 1280 1952 in
1297 1931 1416 1962 porcos
1437 1922 1558 1952 mutati
1574 1931 1634 1962 per
1653 1921 1784 1953 Circem

1095 1970 1280 2002 veneticam
1308 1970 1481 2009 dicuntur,
1506 1969 1584 2010 quia
1609 1969 1705 2001 foedis
1731 1979 1785 2000 vo-

1094 2018 1284 2058 luptatibus
1308 2017 1354 2048 ita
1376 2018 1527 2058 corrupti
1554 2022 1647 2058 sunt,
1669 2022 1708 2050 ut
1732 2027 1785 2049 ra-

1095 2067 1196 2098 tionis
1213 2075 1306 2096 usum
1323 2066 1472 2097 amisisse
1489 2065 1693 2097 viderentur.
1730 2066 1785 2098 lta

1093 2115 1128 2147 S.
1142 2115 1312 2155 chrysost.
1328 2118 1363 2145 et
1376 2114 1444 2145 alii.
1471 2113 1559 2145 Vide
1573 2114 1784 2155 Epod.xv11.

1095 2167 1148 2195 15.
1180 2162 1226 2194 At
1241 2162 1297 2195 Jo.
1313 2162 1462 2194 Bodinus
1478 2161 1732 2203 Andegavensis
1741 2163 1784 2194 de

1094 2212 1270 2251 Magorum
1281 2210 1543 2242 daemonomania
1552 2219 1592 2242 n.
1602 2213 1634 2242 6.
1643 2210 1686 2242 de
1697 2212 1784 2252 eJns-

1095 2261 1184 2293 modi
1209 2259 1375 2291 hominum
1398 2259 1430 2289 in
1457 2260 1583 2290 belluas
1599 2267 1660 2300 per
1675 2263 1782 2291 artem

1095 2311 1261 2350 magicam
1273 2306 1614 2339 transformationibus
1629 2306 1702 2338 fuse
1715 2307 1781 2339 dis-

1096 2363 1231 2400 putans,
1244 2357 1356 2388 multis
1382 2359 1417 2386 et
1441 2355 1597 2395 gravibus
1620 2356 1783 2396 exemplis

1096 2418 1135 2439 ac
1152 2405 1349 2439 testimoniis
1363 2414 1418 2435 eas
1433 2413 1548 2435 revera
1561 2403 1633 2435 fieri
1644 2406 1782 2444 asserit;

1096 2457 1274 2498 additque:
1299 2455 1422 2495 Neque
1433 2453 1622 2484 fabulosum
1632 2454 1780 2495 estquod

1093 2507 1262 2538 Homerus
1285 2507 1399 2535 narrat
1414 2503 1542 2542 Ulyssis
1558 2503 1696 2536 comites
1719 2513 1781 2545 per

1093 2556 1224 2587 Circem
1249 2552 1434 2584 maleficam
1463 2552 1498 2582 in
1526 2561 1647 2592 porcos
1674 2551 1778 2584 fuisse

1094 2603 1360 2639 transformatos,
1375 2610 1450 2632 cum
1474 2600 1680 2641 Augustinus
1706 2602 1779 2642 ipse

1093 2652 1151 2683 lib·
1166 2651 1207 2681 de
1223 2650 1298 2682 Civ.
1314 2650 1496 2680 Historiam
1519 2649 1658 2680 eandem
1674 2649 1778 2680 addu—

1093 2704 1161 2735 cat,
1176 2699 1324 2740 quamvis
1340 2698 1497 2738 opinione
1524 2698 1628 2739 ipsius
1647 2698 1777 2737 miram,

1094 2754 1131 2781 et
1156 2749 1244 2780 illam
1271 2748 1313 2779 de
1340 2747 1548 2786 Arcadibus;
1581 2747 1616 2779 in
1638 2747 1779 2788 Alpibus
