1890 3256
394 267 505 319 1096

859 295 904 332 Q.
935 294 1138 324 HORATH
1177 293 1348 325 FLAccr

390 382 462 423 An
484 385 668 436 pingues
686 384 807 425 Asiae
827 385 971 437 campi
990 385 1208 439 collesque
1226 390 1475 429 morantur?
1777 392 1806 431 5

391 448 512 498 Quid
533 450 736 491 studiosa
754 450 908 490 cohors
926 462 1104 502 operum
1125 452 1282 492 struit?
1314 453 1427 494 Haec
1449 466 1626 507 quoque
1647 467 1776 506 curo;

389 513 504 563 Quis
525 515 611 555 sibi
631 527 700 555 res
722 518 868 566 gestas
890 513 1079 567 Augusti
1099 516 1285 557 scribere
1305 519 1461 558 sumit?

388 579 518 621 Bella
537 581 633 633 quis
651 583 693 620 et
711 591 845 631 paces
862 579 1032 632 longum
1053 580 1256 621 diffundit
1275 582 1319 622 in
1341 595 1482 623 aevum
1496 585 1515 624 'l

387 645 508 696 Quid
527 646 689 693 Titius,
710 645 912 686 Romana
931 646 1052 686 brevi
1070 651 1277 687 venturus
1297 648 1341 687 in
1362 661 1450 698 ora,

385 710 606 752 Pindarici
623 712 759 751 fontis
779 712 853 763 qui
871 724 953 752 non
971 712 1187 764 expalluit
1207 712 1403 762 haustus,

1750 715 1804 755 10

387 776 607 817 Fastidire
626 777 750 817 lacus
770 782 812 816 et
830 778 949 816 rivos
970 789 1104 816 ausus
1125 779 1329 829 apertos?

385 842 449 883 Ut
466 843 611 882 valet?
642 846 691 882 ut
711 842 900 884 meminit
917 842 1085 882 nostrii
1115 842 1331 883 fidibusne
1360 844 1526 884 Latinis

382 908 620 948 Thebanos
641 911 789 960 aptare
809 908 960 947 modos
980 907 1137 956 studet,
1160 908 1340 959 auspice
1364 909 1524 950 Musa?

383 1024 464 1060 opud
476 1033 560 1053 mare
575 1023 710 1063 defluens
723 1023 806 1053 inter
819 1023 942 1053 castella
966 1023 1126 1063 proximm
1148 1034 1187 1055 un
1212 1025 1245 1053 in
1269 1026 1355 1063 agris
1379 1030 1409 1056 et
1430 1027 1555 1057 collibus
1575 1027 1660 1059 Asioe
1685 1029 1802 1068 opimis.

385 1063 469 1096 Quid
484 1065 582 1103 operis
596 1065 680 1094 molit
686 1073 721 1093 ur
735 1067 836 1094 turma
851 1064 1061 1094 literatorum?

1106 1065 1173 1095 Ista
1185 1066 1263 1094 scire
1277 1067 1370 1096 eciam
1384 1068 1484 1106 velim,
1497 1069 1566 1107 quis
1583 1070 1715 1108 suscepit
1729 1072 1805 1100 scri·-

383 1104 479 1135 benda
496 1106 800 1143 Augustisacinora?
823 1106 888 1144 quis
913 1105 988 1135 bello
1008 1108 1038 1135 et
1058 1114 1130 1144 pace
1147 1109 1236 1144 gesta
1249 1108 1426 1145 posteritati
1440 1109 1620 1141 mundabit?
1642 1111 1716 1150 quid
1735 1112 1805 1149 ogit

385 1145 487 1176 Titius
506 1148 595 1186 paulo
615 1150 683 1186 post
704 1155 838 1177 sermone
864 1147 1067 1177 Romanorum
1081 1147 1298 1185 celebrandus;
1320 1150 1374 1188 qui
1387 1159 1447 1180 mm
1461 1151 1566 1182 timuit
1587 1161 1628 1182 ex
1641 1152 1704 1191 ipso
1714 1152 1805 1189 sonte

381 1187 516 1218 Pindari
532 1189 668 1225 haurire,
683 1189 764 1219 lacus
779 1190 809 1219 et
824 1188 938 1218 rivulos
950 1191 1089 1227 patentes
1107 1192 1307 1228 aspernatus?
1328 1193 1473 1229 quomodo
1487 1193 1588 1223 valet?
1608 1193 1744 1224 matriae
1757 1203 1805 1224 re-

381 1230 547 1260 cordatur?
567 1239 607 1260 an
623 1230 784 1260 Musarum
797 1229 931 1268 auspicio
946 1229 1131 1260 Pindaricos
1144 1239 1283 1261 numeros
1304 1234 1527 1264 accommodare
1540 1233 1664 1265 Latinis
1684 1234 1806 1265 chordis

974 1310 1150 1324 ΟΟΟΟΟΟΟ
1153 1312 1209 1324 m

381 1367 400 1395 5
424 1365 654 1397 Schoenborn.
671 1368 702 1397 3.
730 1366 810 1396 Vat.
826 1368 857 1396 2.
882 1365 961 1396 Vat.
976 1366 1087 1397 Palat.
1103 1369 1133 1396 l.
1160 1366 1336 1398 Barberin.
1360 1370 1391 1398 2.
1415 1367 1508 1399 Harl.
1523 1372 1553 1401 2.
1567 1372 1599 1400 6,
1622 1369 1664 1400 al.
1687 1368 1802 1401 Zarot.

380 1407 519 1437 Venett.
535 1409 628 1437 1478.
644 1409 737 1438 1479.
753 1409 846 1438 1481.
864 1409 957 1437 1490.
974 1410 1067 1438 1509.
1084 1408 1172 1447 LipS.
1188 1410 1281 1439 1499.
1300 1407 1399 1439 Aldd.
1416 1412 1445 1439 1.
1459 1413 1489 1440 2.
1505 1413 1536 1441 3.
1552 1416 1588 1441 et
1601 1410 1698 1442 Junt.
1711 1413 1803 1442 15⁰3.

378 1451 609 1480 morcinum—6
631 1449 710 1478 Vat.
722 1451 752 1478 2.
765 1451 900 1488 opertum
914 1449 1052 1479 instruit.
1085 1449 1198 1479 Bentl.
1214 1458 1256 1479 ex
1282 1450 1380 1480 codd.
1397 1450 1466 1482 Hoc
1478 1461 1591 1492 quoque
1602 1461 1615 1487 ,·
1636 1451 1685 1482 ita
1701 1452 1802 1482 etiarn

380 1489 531 1520 nonnulli
555 1490 644 1527 Feae,
661 1490 715 1519 alii
731 1490 816 1519 Mss.
834 1489 922 1529 apud
940 1489 1048 1520 Puluu.
1065 1488 1193 1520 Bersm.
1210 1490 1323 1522 Bentl.
1340 1491 1396 1532 qui
1414 1493 1558 1531 probat3
1582 1496 1620 1524 ut
1633 1492 1802 1524 referatur

379 1529 421 1559 ad
439 1530 685 1569 precedentem
702 1540 845 1561 sensum.
883 1530 1101 1570 Adoptarunt
1117 1532 1201 1562 Cun.
1217 1532 1293 1562 San.
1306 1532 1456 1573 Sandby,
1471 1533 1604 1565 Wakef.
1615 1539 1651 1564 et
1669 1534 1802 1566 Wetzel.

380 1570 461 1601 Haec
475 1581 601 1610 quoque,
616 1577 653 1602 ut
670 1571 834 1602 referatur
850 1571 891 1601 ad
907 1572 1090 1612 sequentia,
1107 1573 1202 1602 Harl.
1215 1575 1244 1604 1.
1259 1575 1291 1603 2.
1308 1577 1338 1604 3.
1354 1576 1387 1605 4.
1402 1577 1434 1605 6.
1447 1578 1479 1605 7.
1495 1575 1600 1607 al.—7
1611 1575 1688 1606 Vnt.
1707 1575 1803 1606 Rom.

379 1616 410 1643 5.
429 1612 483 1642 alii
507 1612 606 1644 codd.
629 1622 684 1652 ap.
711 1612 812 1652 Crnq.
829 1615 1004 1643 sumat.—8
1026 1613 1253 1644 Schoeuborn.
1269 1617 1300 1644 2.
1323 1616 1391 1654 quis
1407 1614 1528 1653 fundit.
1557 1617 1636 1647 Vat.
1651 1619 1703 1647 17.
1726 1618 1805 1647 Vnt.

379 1653 476 1685 Rom.
492 1656 523 1685 2.
539 1663 558 1684 a
573 1663 616 1684 m.
633 1663 682 1693 pr.
698 1654 796 1684 Vati.
819 1653 916 1684 Rom.
929 1656 961 1684 4.
977 1659 1012 1684 et
1025 1657 1056 1685 5.
1073 1663 1092 1684 a
1107 1663 1151 1685 m.
1169 1663 1218 1694 pr.
1231 1655 1325 1686 Vatt.
1342 1656 1452 1687 Pniat.
1466 1660 1494 1688 1.
1509 1660 1541 1688 6.
1563 1657 1707 1688 Cliisian.
1722 1661 1754 1688 5.
1769 1663 1804 1688 et

379 1694 532 1735 Angelic.
548 1698 579 1726 1.
601 1695 742 1736 diffudit.
775 1695 857 1727 Vat.
873 1696 968 1726 Rom.
983 1699 1014 1726 5.
1037 1700 1073 1726 et
1091 1696 1147 1726 alii
1170 1696 1268 1727 codd.
1284 1706 1339 1737 ap.
1356 1697 1457 1738 Cruq.
1471 1698 1702 1739 diffundam—9
1726 1699 1804 1734 Quis

382 1736 483 1767 Titius
508 1737 733 1767 Schoenborn.
758 1739 789 1767 2.
813 1739 845 1767 4.
896 1736 979 1771 Quid
1005 1737 1104 1768 Euius
1127 1736 1392 1778 Bamberg.—12
1416 1739 1513 1771 Harl.
1542 1742 1574 1771 4.
1594 1740 1802 1780 fidibus-e.-

1021 1820 1159 1852 NOTAE

377 1882 468 1913 Asiae
492 1882 501 1899 ‘
517 1883 635 1919 arces,'
656 1883 708 1913 vel
730 1883 866 1922 oppida.
910 1883 998 1913 Gall.
1019 1884 1063 1913 les
1116 1884 1286 1914 literarum
1311 1893 1436 1923 amans,
1463 1883 1508 1914 ita
1531 1893 1643 1915 secum
1659 1885 1802 1917 habebat

376 1932 591 1962 Dardanelles.
635 1932 771 1970 Item,le
781 1932 896 1962 demit
907 1933 945 1962 de
959 1932 1061 1962 Galli·
1112 1931 1264 1962 literatos
1280 1931 1440 1971 quosdam
1458 1936 1494 1962 et
1509 1932 1660 1972 inprimis
1677 1934 1803 1965 studio-

372 1981 448 2019 poli.
493 1980 597 2011 Ovid.
623 1981 723 2011 Trist.
751 1989 775 2011 1.
804 1980 944 2011 ‘Seston
968 1980 1062 2020 Aby-
1112 1988 1177 2018 soS,
1211 1988 1351 2019 quorum
1388 1979 1551 2020 praecipui
1587 1981 1801 2013 nominantur

376 2028 463 2058 dena
478 2033 614 2068 separat
629 2028 711 2059 urbe
726 2027 874 2060 fretum.'

421 2077 547 2117 Turres]
569 2077 671 2110 Quid.
686 2078 752 2118 leg.
771 2080 882 2113 terras,
908 2077 929 2106 i.
945 2086 975 2107 e.
995 2078 1060 2107 Eu-

375 2135 490 2166 ropam
519 2131 555 2156 et
584 2126 699 2157 Asiam
726 2130 867 2165 angusto
893 2126 950 2156 illo
977 2126 1059 2156 mari

375 2183 435 2205 seu
449 2174 536 2205 freto
551 2175 683 2206 divisas.
707 2176 831 2206 Lucan.
847 2174 904 2205 lib.
916 2183 957 2205 11.
973 2176 982 2191 ‘
995 2175 1059 2205 Eu-

374 2232 556 2264 ropamque
579 2223 680 2258 Asiae,
703 2224 887 2264 Sestonque
913 2223 1059 2254 admovit

374 2269 520 2313 Abydo.'

417 2324 435 2351 ὅ
461 2321 598 2360 Pingues
607 2321 694 2352 Λεία.»
704 2320 817 2360 campi]
840 2321 910 2351 Cic.
928 2330 988 2360 pro
997 2321 1058 2351 Lc-

376 2379 418 2410 ge
433 2369 550 2401 Manil.
566 2379 599 2400 n.
615 2373 667 2403 14.
682 2374 690 2387 ‘
704 2370 786 2400 Asia
801 2374 867 2400 tam
882 2370 991 2409 opima
1007 2374 1059 2400 est

374 2424 410 2450 et
425 2418 557 2454 fertilis,
572 2422 609 2450 ut
624 2423 660 2450 et
674 2418 828 2449 ubertate
844 2427 1007 2457 agrorum,
1026 2423 1060 2448 et

374 2468 538 2499 varietate
567 2467 746 2506 fructuum,
770 2472 806 2498 et
831 2466 1059 2506 magnitudine

374 2517 548 2557 pastionis,
571 2521 605 2547 et
629 2516 844 2548 multitudine
868 2526 981 2547 earum
1008 2526 1059 2546 re-

374 2574 446 2595 rum
460 2574 534 2605 quae
549 2570 780 2606 exportantur,
794 2563 894 2596 facile
907 2564 1057 2595 omuibus

374 2614 474 2644 terris
490 2612 694 2645 antecellat.'

417 2667 438 2694 6
459 2664 602 2695 Studiose:
617 2663 735 2703 cohors]
760 2664 959 2695 Praetoriani
975 2663 1056 2693 rnili-

374 2717 427 2743 tes
454 2713 589 2749 literati,
616 2715 667 2744 vel
689 2714 798 2753 potius
814 2713 902 2744 docti
918 2714 1056 2744 comites

373 2762 511 2793 Tiberii⁴
556 2763 602 2794 Ut
625 2763 710 2793 euim
736 2763 806 2803 ipse
829 2762 995 2793 studiosus
1021 2766 1055 2792 et

1113 2026 1179 2061 hic,
1203 2026 1311 2057 Titius
1334 2030 1369 2058 et
1395 2027 1513 2059 Celsus
1534 2028 1667 2069 Poeta,
1684 2029 1802 2062 Florus

1115 2080 1225 2106 nutem
1242 2078 1367 2116 orator,
1381 2076 1502 2116 Poeta,
1517 2081 1552 2109 et
1566 2077 1800 2119 Jurisperitus.

1111 2123 1199 2154 Vide
1216 2123 1301 2154 infra
1316 2133 1342 2156 1.
1356 2125 1464 2164 Epist.
1481 2127 1512 2155 8.

1153 2176 1174 2203 9
1193 2173 1307 2213 Titius]
1339 2174 1518 2214 Septimius
1544 2174 1601 2206 ille
1629 2177 1797 2217 cognomi*-

1111 2226 1210 2254 natur
1235 2223 1442 2263 quibusdam,
1463 2222 1655 2265 diciturque
1677 2225 1796 2266 Lyrica

1111 2276 1147 2303 et
1160 2272 1299 2312 Tragica
1314 2272 1510 2312 scripsisse;
1538 2282 1558 2303 a
1580 2273 1699 2313 quibus
1713 2273 1795 2304 nihil

1111 2324 1216 2352 extat.
1591 2342 1594 2344 v

1153 2373 1193 2400 10
1215 2368 1382 2400 Pindarici
1403 2367 1504 2408 fontis
1532 2369 1596 2410 qui,
1622 2370 1691 2411 &cd
1729 2371 1796 2403 Qui

1111 2418 1265 2458 vulgares
1302 2422 1337 2448 et
1380 2417 1529 2457 vulgaria
1565 2423 1794 2460 contemnens,

1113 2468 1206 2508 quasi
1221 2469 1304 2498 lacus
1318 2470 1353 2498 et
1366 2465 1460 2502 rivos,
1480 2467 1587 2506 ipsum
1613 2467 1795 2499 Pindarum

1111 2517 1304 2556 Lyricorum
1331 2514 1514 2555 principem
1539 2519 1639 2557 atque
1666 2515 1793 2548 fontem

1109 2565 1204 2603 adiit,
1228 2563 1422 2604 Latinisque
1450 2564 1599 2595 versibus
1621 2573 1719 2596 ausus
1741 2571 1793 2596 est

1111 2613 1258 2645 aemulari
1285 2613 1362 2652 styli
1391 2613 1464 2652 ejus
1494 2613 1729 2644 sublimitatem
1760 2620 1795 2645 et

1110 2671 1224 2693 sensus
1239 2660 1516 2701 profunditatem.
1538 2661 1718 2701 Allegoria.

1153 2714 1191 2742 13
1219 2711 1391 2750 Thebanos]
1414 2711 1578 2743 Pindarus
1592 2710 1716 2742 Thebis
1728 2712 1792 2742 ori-

1110 2760 1226 2791 undus.
1250 2769 1298 2791 iv.
1315 2760 1380 2791 Od.
1396 2764 1427 2791 2.
