1890 3256
303 288 414 331 1030
767 304 809 340 Q.
836 301 1044 332 :nomm
1072 302 1248 332 umor

303 392 451 432 Sermo
467 392 611 443 oritur,
631 406 720 434 non
740 394 793 433 de
814 393 927 433 villis
948 393 1204 435 domibusve
1225 395 1391 444 alienis,

301 455 414 505 Nec,
433 458 546 498 male
565 471 699 499 necne
719 458 864 510 Lepos
885 458 1041 510 saltet;
1071 460 1147 500 sed
1168 460 1282 513 quod
1299 461 1435 512 magis
1454 461 1509 502 ad
1529 473 1606 504 nos

301 520 508 571 Pertinet,
529 528 575 563 et
591 522 759 563 nescire
781 523 943 563 malum
965 528 1048 574 est,
1067 526 1311 578 agitamus;
1341 515 1531 568 utrumne

301 587 483 628 Divitiis
501 588 708 636 homines,
727 600 782 628 an
803 588 888 628 sint
902 589 1060 629 virtute
1078 590 1194 630 beati
1215 603 1226 641 ;

300 650 475 701 Quidve
496 652 552 692 ad
570 653 802 702 amicitias,
822 665 928 694 usus
942 659 1173 704 rectumne,
1193 656 1336 696 trahat
1354 669 1458 707 nos;

299 718 358 758 Et
377 730 475 771 quae
495 718 552 758 sit
569 722 724 759 natura
744 719 863 768 boni,
880 731 1180 773 summumque
1201 720 1307 773 quid
1327 721 1435 774 ejus.

300 782 484 823 Cervius
503 782 599 823 haec
619 783 728 824 inter
746 783 917 824 vicinus
939 785 1069 835 garrit
1089 785 1226 826 aniles

300 847 372 887 Ex
389 859 432 887 re
452 847 650 889 fabellas.
708 848 756 888 Si
778 849 874 901 quis
894 861 992 889 nam
1012 849 1162 890 laudat
1180 850 1315 892 Arelli

290 972 335 1012 fit
350 973 553 1009 confabulatio
566 984 626 1005 nou
640 976 678 1006 de
691 975 821 1006 aliorum
831 976 958 1015 praediis
970 977 1019 1007 vel
1031 976 1146 1008 oedibm
1155 987 1168 1014 ‚0
1188 986 1281 1017 neque
1296 980 1399 1008 utrum
1419 977 1516 1017 Lepos
1534 977 1635 1016 inepte
1655 975 1718 1006 sal-

299 1016 354 1051 tet,
368 1023 410 1044 an
422 1023 480 1044 non
490 1025 501 1044 .-
522 1017 575 1046 sed
585 1018 665 1055 quod
678 1017 799 1056 utilius,
813 1018 947 1056 quodque
961 1018 1104 1055 ignorare
1117 1018 1158 1048 sit
1174 1018 1272 1056 nefas,
1285 1019 1468 1057 quoerimus;
1490 1027 1531 1048 an
1543 1017 1648 1058 opum·
1667 1015 1719 1046 lw-

298 1055 404 1094 mines,
415 1064 454 1085 an
468 1056 585 1087 virtute
591 1056 702 1094 felices
715 1059 850 1088 existant
863 1068 875 1094 ;
896 1061 998 1088 utrum
1013 1067 1066 1088 nos
1080 1060 1119 1088 ad
1133 1059 1285 1089 amicitias
1297 1059 1444 1098 impellat,
1463 1058 1583 1089 utilitas
1602 1066 1642 1089 an
1666 1057 1718 1086 ho-

298 1098 438 1132 nestum;
459 1096 534 1127 item
547 1098 621 1137 quid
634 1100 677 1129 sit
692 1099 810 1138 bonum,
823 1102 854 1129 et
869 1109 934 1138 quoe
949 1099 1012 1136 ejus
1023 1100 1180 1138 perfectio.
1221 1100 1343 1130 Interea
1357 1100 1485 1130 Cervius
1497 1099 1612 1130 vicinus
1625 1097 1721 1128 aniles

290 1135 416 1171 fabulas
426 1138 466 1168 ud
474 1140 663 1179 propositum
673 1143 791 1171 narrat.
835 1140 960 1171 Etenim
974 1140 1002 1171 si
1016 1140 1082 1180 quia
1095 1141 1254 1181 imperitus
1265 1141 1368 1172 laudat
1388 1141 1498 1171 anxias
1509 1139 1622 1172 Arellii
1640 1137 1721 1170 dici-

892 1234 930 1246 ‘O

1066 1234 1125 1246 m

299 1292 433 1325 Fabric.
444 1298 538 1327 1555.
555 1298 682 1329 enh—72
692 1297 870 1337 Bamberg.
887 1308 941 1338 ap.
954 1299 1074 1337 Jaeek,
1090 1308 1182 1330 necne
1195 1307 1307 1338 nepou
1320 1297 1364 1329 ita
1380 1296 1480 1328 etiam
1495 1295 1636 1337 Harl.2.
1647 1296 1719 1326 3.4.

297 1339 333 1365 et
350 1336 405 1366 alii
419 1339 570 1369 nonnulli
585 1349 638 1378 ap.
652 1340 848 1370 Feam.—75
865 1340 942 1371 Vnt.
958 1345 994 1371 et
1009 1340 1247 1380 Gregorianus,
1261 1339 1506 1370 κοινωνῶ-76
1520 1336 1597 1368 vat.
1609 1341 1645 1367 et
1654 1335 1720 1367 duo

300 1377 341 1405 al.
357 1385 411 1415 ap.
428 1379 542 1418 Feam,
555 1381 633 1419 quod
646 1379 805 1417 ejus.—⁷7
823 1381 956 1412 caroius
970 1381 1048 1412 Vat.
1063 1381 1265 1421 etAngelic.
1291 1380 1425 1411 Servius
1441 1379 1506 1409 duo
1521 1378 1576 1408 alii
1592 1377 1671 1408 Vat.
1686 1381 1722 1408 et

299 1416 445 1456 Gregor.
483 1420 613 1451 Ger-rius
638 1421 787 1452 Floreat.
804 1424 897 1452 1482.
921 1422 1060 1453 Venett.
1076 1424 1169 1452 1483.
1186 1424 1280 1452 1486.
1295 1423 1388 1451 1490.
1406 1422 1500 1451 1492.
1517 1420 1612 1450 1495.
1626 1420 1720 1449 1614.

297 1458 414 1489 vicinos
426 1459 605 1501 Bamberg.
621 1466 689 1492 tres
704 1463 797 1493 Vatt.
815 1461 965 1502 Angelic.
977 1472 1060 1493 unus
1078 1463 1286 1500 neumam,
1297 1466 1332 1492 et
1347 1461 1402 1492 nlii
1413 1470 1466 1500 ap.
1480 1460 1595 1499 Feam,
1608 1459 1719 1492 Pnun.

299 1503 334 1530 et
350 1500 535 1540 Cruq.-—78
557 1502 594 1532 Si
609 1503 677 1542 quis
693 1513 764 1533 nam
778 1503 942 1534 tredecim
957 1503 1055 1536 codd.
1073 1513 1129 1544 ap.
1153 1504 1265 1542 Feam,
1291 1503 1348 1533 alii
1361 1502 1448 1543 apud
1463 1502 1590 1532 Bersm.
1605 1500 1719 1531 nenti.

299 1539 382 1570 edit.
400 1541 541 1572 Mediol.
557 1543 636 1575 Zar.
652 1547 743 1574 1470.
765 1545 872 1576 Junta
890 1547 982 1575 1503.
999 1547 1093 1576 1514.
1117 1545 1287 1575 revocavit
1312 1545 1345 1574 in
1361 1548 1490 1575 textum
1506 1542 1621 1578 Bentlf.
1642 1540 1720 1572 inde

299 1581 400 1611 Baxt.
417 1581 522 1613 Gesn.
535 1583 612 1615 Val.
627 1584 747 1615 Oberl.
763 1585 902 1619 Combe,
916 1585 1050 1616 Wakef.
1087 1587 1096 1603 ⁶
1110 1586 1148 1616 Si
1162 1586 1213 1625 qui
1226 1595 1296 1616 nam
1311 1586 1396 1616 Cun.
1412 1588 1449 1615 ut
1464 1582 1588 1624 aliquid
1605 1583 1646 1612 de
1659 1591 1719 1613 suo

299 1621 453 1660 proferat
470 1632 480 1660 ;
499 1624 556 1654 sed
583 1624 639 1655 ubi
666 1625 792 1656 invenit
807 1626 859 1665 qui
874 1634 935 1665 pro
953 1627 1020 1666 quis
1044 1627 1115 1657 sine
1132 1626 1416 1664 interrogatione?
1439 1625 1590 1664 Ineptiue
1613 1623 1720 1654 adhuc

298 1663 466 1694 Dacerius
482 1666 616 1705 reponit
640 1666 807 1704 Bentleio,
831 1676 992 1707 nusquam
1008 1667 1149 1698 inveniri
1165 1667 1308 1707 positum
1331 1677 1402 1698 nam
1427 1669 1504 1706 post
1526 1665 1592 1698 duo
1609 1664 1722 1702 verba,

299 1708 338 1734 ut
350 1705 378 1734 si
391 1705 479 1744 φάε,-
502 1706 590 1746 quod
606 1707 706 1738 etiam
720 1707 768 1738 illi
784 1708 915 1738 videtur
930 1708 1056 1745 durius,
1068 1713 1103 1739 et
1118 1709 1189 1740 sine
1206 1708 1416 1740 necessitate.
1459 1707 1566 1738 Immo
1586 1706 1720 1745 elegan-

300 1745 366 1776 tius
384 1746 553 1778 videbitur
566 1749 695 1779 Latinis
712 1749 863 1787 auribus;
887 1754 923 1780 et
936 1760 1009 1780 num
1020 1751 1095 1790 qnid
1109 1760 1177 1781 nam
1189 1749 1276 1790 apud
1292 1757 1406 1780 omnes
1421 1748 1612 1788 scriptores,
1625 1755 1720 1786 εφη

302 1796 341 1818 ac
366 1787 395 1818 si
419 1788 487 1827 quis
510 1799 593 1830 nam,
617 1792 771 1830 exemplo
794 1796 845 1822 est
861 1801 871 1829 ;
903 1791 1052 1831 pluribus
1077 1792 1178 1823 etiam
1204 1791 1313 1822 verbis
1332 1789 1514 1830 interjectis
1527 1798 1536 1826 ;
1569 1791 1606 1818 ut
1629 1786 1718 1827 apud

937 1886 1079 1918 NOTAE

341 1950 378 1978 71
406 1949 478 1978 Non
500 1950 537 1979 de
565 1948 646 1978 villis
665 1949 838 1979 domibusve
859 1947 984 1987 alienis]
1038 1954 1087 1978 tas
1103 1948 1157 1978 vix
1172 1957 1259 1988 queo
1274 1947 1412 1987 dicere‚’
1427 1949 1489 1978 διο.

301 1999 351 2028 De
368 1997 415 2026 bis
431 1997 535 2027 invidi
548 2002 582 2028 et
593 1998 683 2028 avari
695 1998 981 2028 sermocinantur:
1077 1998 1258 2037 Rectumne]
1292 1997 1364 2028 Cic.
1392 2005 1470 2027 mox
1497 1995 1557 2026 cit.
1579 1995 1588 2013 ‘
1605 1994 1717 2027 Virtus

299 2051 337 2077 ut
353 2045 547 2077 deliciarum
573 2050 759 2077 sectatores
782 2051 818 2077 et
834 2046 984 2086 volupta-

299 2094 339 2125 rii
354 2094 397 2124 de
409 2093 623 2124 saltatoribus
637 2098 673 2124 et
685 2094 816 2125 scurris.

339 2145 382 2174 ⁷2
403 2142 514 2182 Lepos]
536 2141 680 2182 Augusti
694 2151 820 2178 scurra,
832 2142 981 2173 archimi-

298 2200 381 2231 mus,
409 2191 564 2230 egregius
590 2191 752 2229 saltator3
776 2191 884 2231 Lepos
913 2192 982 2223 dic-

293 2243 353 2270 tus
378 2248 399 2269 a
420 2238 522 2278 molli,
543 2239 640 2278 scita,
662 2244 699 2270 et
715 2239 825 2279 lepida
839 2239 982 2271 saltandi

297 2288 439 2319 ratione.

342 2337 432 2372 Quod
445 2337 545 2376 magis
558 2337 597 2367 ad
611 2346 665 2366 ²10³
679 2337 833 2377 Pertinet,
847 2336 916 2376 ξω]
926 2338 982 2368 De

299 2386 387 2426 aptis
402 2386 555 2417 convivio
571 2385 778 2417 sermonibus
794 2385 885 2416 Gen.
900 2394 982 2416 1111.

299 2437 350 2465 11.
366 2437 431 2465 &c-

339 2486 378 2513 75
407 2483 487 2513 Usus
501 2481 670 2521 rectumne]
693 2482 760 2513 Alii
772 2482 895 2523 quippe
908 2492 981 2513 sen-

298 2532 432 2563 tiebant
459 2531 620 2561 amicitias
643 2535 782 2570 propter
801 2531 980 2562 utilitatem

298 2580 474 2611 colendas:
498 2579 551 2609 alii
576 2585 717 2619 propter
732 2579 900 2611 virtutem.
923 2581 980 2611 Vi·

298 2628 340 2658 de
369 2629 440 2660 Cic.
472 2629 623 2665 Laelium,
651 2628 706 2658 ubi
720 2638 728 2658 :
753 2628 906 2667 ‘Solem‚'
932 2629 979 2659 in-

297 2677 381 2717 quit,
408 2679 417 2694 ‘
432 2687 448 2706 e
465 2676 587 2707 mundo
610 2677 729 2707 tollere
752 2677 905 2708 videntur
923 2677 979 2717 qui

298 2725 476 2756 amicitiam
491 2734 509 2755 e
524 2725 595 2755 vita
609 2725 740 2756 tollunt.
755 2747 764 2756 .
780 2745 788 2754 .
805 2746 813 2755 .
831 2747 840 2756 .
856 2725 979 2756 Amici-

298 2774 346 2806 tia
359 2776 470 2804 tantas
478 2773 747 2813 opportunitates
757 2773 870 2813 habet,
880 2782 980 2813 quan-

1035 2045 1216 2076 amicitiam
1240 2050 1275 2076 et
1294 2045 1400 2085 gignit
1420 2049 1454 2075 et
1469 2044 1619 2075 continet
1635 2067 1644 2076 .
1659 2066 1667 2075 .
1685 2065 1693 2074 .
1710 2065 1718 2073 .

1035 2094 1207 2125 Virtutum
1235 2094 1382 2125 amicitia
1404 2093 1552 2134 adjutrix
1566 2102 1586 2124 a
1599 2098 1718 2125 natura

1034 2143 1114 2174 data
1140 2143 1217 2174 est!
1259 2144 1304 2174 Et
1330 2143 1363 2175 in
1393 2142 1458 2174 fine
1487 2142 1636 2182 ejusdem
1657 2142 1715 2174 lib.

1034 2192 1044 2209 ‘
1059 2193 1126 2222 Vos
1149 2193 1274 2232 hortor,
1289 2197 1327 2223 ut
1342 2193 1388 2223 ita
1408 2191 1566 2222 virtutem
1587 2191 1716 2230 locetis,

1034 2239 1104 2273 sine
1119 2249 1184 2280 qua
1195 2240 1342 2271 amicitia
1357 2248 1430 2271 esse
1446 2249 1512 2270 non
1527 2243 1652 2279 potest,
1667 2243 1715 2274 nt.

1034 2298 1075 2320 ea
1102 2292 1258 2328 excepta,
1282 2288 1363 2318 nihil
1384 2288 1532 2319 amicitia
1545 2285 1716 2326 praestabi-

1035 2338 1098 2368 lius
1113 2345 1186 2368 esse
1203 2336 1352 2376 putetis.’

1077 2389 1119 2417 76
1139 2385 1352 2423 Summumque
1380 2384 1453 2423 quid
1477 2383 1556 2422 qius]
1580 2383 1621 2414 In
1651 2393 1715 2424 quo

1034 2434 1197 2466 consistat
1210 2441 1368 2464 nummum
1385 2432 1525 2462 bonum:
1549 2432 1611 2462 hoc
1627 2432 1714 2462 enirn

1034 2484 1069 2514 in
1091 2483 1262 2522 voluptate
1277 2480 1344 2519 alii,
1360 2480 1413 2510 alii
1431 2480 1463 2510 in
1481 2480 1604 2510 virtute
1617 2489 1716 2520 repo-

1034 2531 1171 2563 nebant.
1215 2530 1302 2560 Vide
1318 2529 1426 2560 Cicer.
1437 2528 1479 2559 de
1492 2528 1600 2560 Finib.
1615 2529 1714 2560 Tusc-

1033 2580 1164 2613 Quaest.
1178 2579 1240 2608 dre.

1073 2630 1115 2658 78
1139 2627 1191 2657 Ex
1204 2625 1391 2664 resabellas]
1411 2625 1497 2655 Sunt
1522 2624 1642 2657 fabuloe
1671 2626 1713 2657 ad

1031 2675 1295 2716 persuadendum
1313 2674 1406 2704 valde
1422 2674 1606 2705 commodae
1617 2679 1652 2705 et
1663 2674 1713 2706 ef-

1031 2725 1164 2763 ficaces,
1174 2725 1201 2754 si
1213 2723 1367 2764 apposite
1383 2722 1611 2754 adhibeantur.
1625 2723 1713 2756 Hinc

1031 2773 1116 2804 sacri
1132 2773 1235 2804 etiam
1258 2772 1393 2804 codices
1410 2771 1593 2812 proverbiis
1609 2779 1642 2804 et
1655 2781 1712 2813 pa-
