1890 3256
549 316 898 349 EPlsToLARUM
934 318 1028 350 mn.
1063 319 1093 348 1.
1123 310 1166 350 7.

1474 308 1584 349 1115

132 410 181 452 Si
202 423 271 452 me
291 411 439 454 vivere
462 411 548 467 vis,
569 415 771 464 recteque
790 411 939 454 videre
955 412 1199 463 valentem3

131 477 277 528 Quam
297 479 401 520 mih-i
423 479 504 540 das
525 491 658 531 aegro,
681 478 811 520 dabis
831 482 1041 533 aegrotare
1061 479 1247 529 timenti,

131 544 372 597 Maecenas,
392 545 564 588 veniam
582 559 594 597 ;
625 545 727 586 dum
749 546 861 588 ficus
882 548 1023 600 prima
1043 547 1252 601 calorque
1556 559 1583 586 ε»

132 611 467 665 Designatorem
487 611 669 654 decorat
688 613 917 654 lictoribus
939 614 1070 666 atris3

131 678 248 719 Dum
269 679 422 733 pueris
442 680 584 720 omnis
604 684 731 733 pater
749 684 793 721 et
811 681 1055 722 matercula
1073 680 1237 734 pallet3

129 744 429 798 Officiosaque
449 746 680 798 sedulitas,
702 750 746 788 et
765 748 915 801 opella
936 748 1122 789 forensis

127 810 326 854 Adducit
343 813 500 863 febres,
520 818 566 854 et
584 818 845 856 testamenta
863 816 1066 868 resignat.

127 878 260 933 Quod
278 879 318 920 si
336 880 494 922 bruma
511 881 638 923 nives
659 880 850 923 Albanis
871 882 1014 923 illinet
1036 881 1167 934 agris,

1526 882 1582 923 10

123 998 228 1028 anteiit
241 997 366 1038 integro
376 1008 478 1031 mense
492 999 639 1039 Augusto
652 998 758 1031 absum
765 999 884 1037 fallax.
935 1000 1048 1032 Verum
1059 1000 1089 1031 si
1103 1010 1150 1031 me
1162 999 1210 1032 vis
1229 1000 1410 1031 incolumem
1424 998 1537 1033 vivere,
1550 999 1582 1028 et

123 1032 198 1070 hene
210 1041 326 1080 valere,
339 1042 420 1082 quod
434 1042 606 1080 «egrotanti
620 1043 810 1080 concederes,
820 1043 876 1073 liae
891 1042 1019 1082 indulge
1033 1045 1188 1082 (egrotare
1202 1042 1376 1078 noetuenti;
1391 1043 1464 1072 dum
1479 1040 1582 1080 prima

115 1079 203 1119 ficus
223 1085 255 1112 et
281 1085 375 1114 aestus
393 1083 604 1115 tibicinariam
625 1087 759 1116 exornat
772 1085 886 1116 atratis
899 1084 1056 1116 ministris
1065 1095 1078 1121 ‚·
1101 1085 1174 1115 dum
1187 1087 1332 1125 parentes
1346 1083 1433 1126 filiis
1448 1084 1559 1114 liment
1566 1092 1581 1119 ,-

123 1121 197 1154 dnn
208 1125 334 1156 sedulas
347 1128 379 1156 et
393 1126 544 1167 officiosus
557 1126 591 1157 in
598 1126 674 1165 sora
690 1126 776 1157 labor
786 1126 895 1166 gignit
902 1126 1023 1167 febres,
1035 1130 1126 1168 atque
1141 1128 1241 1167 aperit
1257 1129 1454 1158 testamenta.
1501 1125 1581 1155 Cum

123 1173 197 1196 vero
219 1165 327 1208 hyems
353 1168 478 1200 nivibus
499 1165 726 1210 operie't‘agros
739 1168 891 1210 Albanos,
906 1170 1016 1201 statim
1036 1171 1078 1202 aa
1101 1179 1186 1201 mare
1209 1170 1351 1201 decurret
1373 1172 1446 1200 tuus
1457 1167 1557 1199 Po'e'ta
1568 1176 1582 1204 ,-

736 1262 851 1275 ’ΜΟ

853 1262 971 1275 ΝΜΟ

123 1326 179 1356 ap.
187 1316 345 1349 Tot-rent.
358 1317 439 1349 item
448 1317 695 1358 Bamberg.-—3
709 1318 748 1350 Si
758 1327 805 1349 me
818 1318 866 1349 vis
873 1317 986 1358 vivum,
994 1321 1264 1358 sanum,recteque
1273 1318 1425 1348 valentem
1434 1314 1582 1356 Cuning.

122 1359 229 1399 vigere
252 1361 405 1391 valentem
430 1361 546 1393 Bentl.
568 1364 710 1402 recteque

739 1361 846 1392 videre
874 1361 1027 1392 valentem
1052 1361 1147 1392 Vatt.
1165 1363 1195 1391 l.
1211 1363 1240 1392 3.
1255 1362 1288 1390 9.
1321 1359 1417 1390 Vatt.
1435 1358 1532 1389 Rom.
1548 1362 1581 1390 2.

122 1404 155 1432 3.
167 1404 200 1434 6.
224 1401 373 1434 Cltisian.
387 1405 418 1434 l.
442 1399 601 1442 Angelic.
618 1406 648 1434 1.
672 1408 708 1434 et
723 1402 882 1435 Vallicel.
899 1412 920 1434 a
931 1413 974 1435 m.
988 1413 1038 1443 pr.
1055 1403 1111 1434 alii
1128 1402 1228 1434 codd.
1245 1400 1335 1442 apud
1346 1401 1468 1432 Lamb.
1479 1401 1577 1432 Torr.

119 1443 242 1476 'OberL
270 1449 425 1485 notatum
453 1453 497 1476 ex
525 1446 590 1477 Ms.
618 1445 651 1476 in
679 1454 739 1476 ora
766 1445 850 1477 ellit.
877 1445 956 1477 Aldi
985 1447 1080 1476 1501.
1097 1445 1130 1476 in
1148 1444 1237 1476 Bibl.
1252 1444 1334 1475 Vat.
1351 1443 1437 1478 edit.
1457 1441 1580 1475 Medd.

119 1487 219 1518 1476.
235 1486 332 1519 lut.
348 1489 445 1519 15⁰2.
467 1487 578 1519 Velm.
595 1489 690 1519 1478.
704 1489 800 1519 1479.
815 1489 910 1519 1483.
926 1490 1020 1519 1486.
1035 1490 1128 1519 1490.
1145 1489 1240 1518 1495.
1253 1487 1347 1517 1514.
1367 1487 1461 1516 1546.
1486 1483 1579 1516 Flor-

118 1530 215 1572 ¹⁴⁸²?
238 1526 332 1570 Lips-
350 1530 446 1561 1499.
493 1530 597 1561 Loch.
618 1529 665 1560 Η.
687 1530 806 1570 Steph.
830 1531 1006 1562 revocavit
1025 1529 1060 1561 in
1084 1534 1217 1561 textum
1235 1528 1342 1560 Gesn.
1359 1525 1440 1558 inde
1457 1526 1578 1559 Oberl.

116 1570 240 1604 camb.
256 1570 395 1606 Wakef.
410 1572 519 1603 Wetz.
543 1572 649 1604 Zeun.
677 1573 759 1611 Fea,
783 1572 906 1611 Bothe,
927 1572 1052 1612 Jaeck,
1069 1577 1105 1604 et
1131 1571 1287 1611 Doering.
1323 1573 1333 1587 ⁴
1349 1569 1524 1608 Invidere,
1540 1575 1580 1601 nt

119 1612 169 1644 ait
184 1607 372 1651 nemius,
390 1619 444 1646 est
470 1614 618 1646 dulcedo
646 1614 815 1654 quamam,
841 1619 877 1646 et
895 1612 981 1656 ᾖθος,
997 1614 1087 1655 quod
1104 1614 1300 1654 intelligunt
1323 1612 1398 1651 soli,
1413 1611 1472 1651 qui
1487 1620 1578 1643 ama-

119 1658 213 1688 runt.
254 1655 312 1688 Al.
327 1659 447 1693 main,
462 1660 604 1696 recteque
618 1657 770 1688 valentem
781 1667 794 1694 ,-

815 1657 906 1698 quod
923 1657 987 1688 liuc
1003 1656 1179 1697 irrepsisse
1196 1659 1278 1696 puto
1295 1663 1339 1686 ex
1355 1663 1380 1685 ι.
1399 1654 1510 1693 Epist.
1526 1655 1579 1684 16.

118 1696 187 1728 21!
210 1697 351 1730 Feta—5
376 1699 523 1739 Cuning.
536 1699 709 1740 ficusdum
728 1700 908 1739 primm—6
931 1699 1185 1739 Dissignatorem
1201 1697 1452 1737 Bamberg.—o
1466 1695 1579 1727 Addu-

118 1742 168 1770 cet
181 1739 367 1782 Bamberg.
389 1741 550 1774 Adducint
560 1763 568 1774 .
579 1742 779 1781 ..resignant
796 1741 894 1774 Harl.
909 1744 1031 1774 7.-10
1053 1740 1285 1773 Schoenborn.
1300 1742 1332 1771 2.
1356 1738 1464 1770 attinet
1478 1738 1580 1778 agris.

779 1837 921 1870 NOTAE

119 1897 336 1940 appelletur!
379 1898 533 1931 Macrob.
546 1899 684 1931 Satura.
699 1909 725 1932 1.
743 1903 796 1932 12.

160 1950 182 1979 4
206 1947 311 1979 Dabis
320 1951 474 1988 «egrotare
493 1948 632 1990 timenti,
647 1949 819 1990 Moecenas,

114 1997 254 2038 peruiam]
278 1997 460 2029 Horatium
475 2007 597 2039 nempe
617 2000 744 2030 habere
760 2008 816 2031 co-

117 2047 233 2079 mitem
254 2046 424 2079 assiduum
446 2047 622 2079 Maecenas
645 2048 818 2088 cupiebat.

115 2096 167 2139 *At
192 2097 249 2129 ille
270 2096 438 2129 amantior
460 2106 530 2129 suae
555 2097 738 2137 libertatis,
753 2097 818 2130 lioc

117 2150 247 2181 servitii
261 2159 367 2191 genus
378 2149 435 2182 vix
445 2149 590 2182 ferebat.
613 2149 714 2181 Adde
726 2149 817 2191 quod

113 2200 242 2239 *Poetae
270 2205 307 2232 et
335 2199 487 2232 carmina
517 2209 688 2232 secessum
716 2204 818 2242 atque

116 2251 224 2283 otiam
238 2250 427 2295 requirunt.
468 2249 557 2282 Vide
569 2253 691 2291 postea
704 2259 752 2283 vs.
763 2252 817 2282 34.

111 2300 203 2333 Not.

158 2353 179 2382 5
202 2350 291 2383 Dum
305 2349 392 2392 ficus
410 2348 516 2390 prima
543 2347 701 2389 calorque]
725 2349 818 2380 Dum

109 2396 231 2434 ‚sei-'vet
243 2400 420 2441 Canicula,
446 2408 513 2442 quo
536 2403 692 2440 tempore
708 2403 817 2430 matu-

115 2454 259 2482 rescunt
283 2449 381 2482 ficus.
426 2449 535 2481 Porro
558 2448 671 2490 gravis
694 2453 816 2480 aestate

116 2504 174 2532 est
202 2501 321 2532 Romae
356 2500 521 2532 habitatio
557 2499 623 2531 nisi
653 2498 816 2531 divitibus

117 2548 288 2581 domicilia
310 2549 464 2590 quaedam
490 2554 527 2582 et
545 2549 704 2581 viridaria
720 2550 818 2581 saevi-

112 2604 196 2633 *ente
212 2599 316 2630 etiam
333 2605 416 2630 aestu
432 2598 560 2642 frigida
576 2600 794 2632 habentibus.

112 2685 116 2689 ⁴
160 2651 182 2679 6
203 2648 460 2690 Desigmtorem]
503 2650 559 2682 Sic
595 2651 723 2683 dicitur
759 2651 816 2692 qui

119 2707 277 2740 pompam
305 2697 497 2740 funebrem,
522 2700 575 2731 vel
595 2701 691 2733 ludos
709 2702 816 2733 sceni-

118 2759 176 2781 cos
211 2749 400 2789 constituit,
435 2749 583 2791 ordinat,
618 2753 815 2794 comppnit3

117 2799 241 2840 quique
258 2799 367 2830 locum
384 2803 419 2829 et
437 2803 571 2840 tempus
587 2801 629 2832 ad
646 2803 815 2842 agendum

119 2849 273 2890 personis
299 2849 466 2890 designat.
515 2851 604 2885 Gall.
632 2853 712 2884 dure
743 2854 815 2885 Cri-

871 1909 927 1931 eur
937 1910 949 1931 .·
971 1899 1076 1939 Item,
1089 1899 1227 1931 Mai-stre
1242 1900 1280 1931 de
1297 1897 1502 1930 Ceremonies.

914 1950 1055 1982 Decor-at
1094 1950 1256 1981 lictoribus
1293 1948 1389 1988 atris]
1431 1947 1578 1989 Lepide,

870 2001 968 2042 quasi
986 2002 1222 2042 magistratum
1246 1999 1436 2039 lictoribus,
1451 1998 1500 2030 sic
1517 1998 1576 2030 de-

870 2051 1077 2091 signatorem
1092 2051 1234 2083 exhibet
1250 2049 1363 2083 Poeta
1385 2053 1503 2081 noster
1517 2049 1576 2080 sti-

872 2105 990 2140 patum
1021 2105 1058 2133 et
1083 2101 1282 2132 decoratum
1314 2099 1382 2130 suis
1411 2099 1576 2130 ministris

871 2149 1080 2188 libitinariis,
1107 2148 1368 2190 vespillonibus,
1392 2148 1576 2188 ustoribus,

872 2199 1146 2239 pollinctoribus,
1165 2197 1416 2239 sandapilariis,
1430 2199 1488 2240 qui
1505 2208 1575 2229 om·

869 2257 932 2280 nes
949 2249 1044 2290 pulla
1060 2253 1157 2280 veste
1172 2248 1284 2280 induti
1307 2248 1431 2280 adsint.

913 2301 934 2329 7
958 2299 1045 2330 Dum
1066 2299 1172 2340 pueris
1185 2299 1286 2330 munis
1295 2301 1401 2340 pater,
1414 2298 1485 2340 δρα]
1517 2299 1575 2330 Ob

871 2348 1074 2391 frequentes
1092 2355 1127 2382 et
1144 2350 1351 2391 periculosas
1366 2359 1408 2381 ea
1423 2355 1576 2390 tempes-

872 2403 944 2432 tate
958 2400 1191 2441 aegritudines.

914 2453 934 2481 8
959 2452 1069 2491 Opella
1086 2449 1241 2490 sorensis]
1279 2449 1396 2481 Nimia
1434 2448 1572 2489 quidem

869 2510 976 2542 opera
1001 2501 1185 2533 clientibus
1208 2499 1376 2541 praestita.
1397 2499 1500 2530 nimia
1522 2509 1574 2531 se-

870 2551 997 2582 dulitas
1013 2552 1047 2582 in
1065 2550 1201 2582 actione
1216 2548 1358 2580 forensi.

911 2604 933 2632 9
959 2601 1159 2631 Testamenta
1171 2598 1329 2639 resignat]
1341 2597 1482 2630 Scilicet
1494 2607 1574 2639 ape·

870 2651 1002 2684 riuntui·
1038 2654 1249 2683 testamenta
1288 2648 1457 2681 duntaxat
1493 2654 1573 2690 post

869 2706 1026 2734 mortem.

914 2755 954 2784 10
980 2749 1131 2792 Albanis]
1171 2748 1416 2790 circumjectos
1453 2748 1569 2780 Romae

870 2811 967 2843 agros
982 2801 1122 2833 indicat.
1145 2799 1232 2831 Alba
1249 2799 1339 2831 Latii
1354 2798 1448 2836 urbs,
1463 2799 1572 2830 Roma

869 2851 1053 2894 antiquior,
1068 2850 1147 2882 inde
1161 2850 1290 2882 distans
1304 2851 1356 2882 14.
1369 2849 1473 2880 millia
1484 2858 1572 2890 pass.
