1956 3236
380 258 462 298 824
846 274 887 308 Q.
921 272 1118 301 notemur
1151 271 1325 302 FLACCI

380 359 593 401 Custodes
613 374 622 410 ;
657 361 878 402 videamus
902 364 991 399 uter
1010 362 1106 412 plus
1128 362 1311 403 scribere
1332 367 1487 416 possit.

381 422 418 469 Ἥ
440 423 496 463 Di
517 424 624 464 bene
642 425 846 470 fecerunt,
869 424 1012 474 inopis
1032 438 1099 465 me
1120 427 1325 479 quodque
1345 431 1498 482 pusilli.

380 487 618 527 Finxerunt
637 488 781 533 animi,
803 498 896 526 raro
917 493 961 527 et
982 500 1197 541 perpauca
1217 491 1457 545 loquentis:

379 552 440 593 At
461 557 504 592 tu
527 552 755 591 conclusas
775 550 949 591 hircinis
970 553 1145 594 follibus
1166 567 1308 605 auras,

382 617 531 668 Usque
551 616 794 654 laborantes
814 614 915 655 dum
936 616 1092 656 ferrum
1114 619 1282 660 molliat
1302 622 1430 673 ignis,

379 681 440 720 Ut
451 680 607 727 mavis,
628 678 810 719 imitare.
867 681 1029 722 Beatus
1052 682 1252 734 Fannius,
1272 686 1382 727 ultro

380 744 554 786 Delatis
574 744 722 795 capsis
742 748 787 783 et
807 744 1012 797 imagine3
1043 760 1140 788 cum
1160 761 1256 790 mea
1277 763 1401 792 nemo

1736 627 1791 668 20

377 874 448 903 teat.
492 874 588 903 Recte
608 877 734 912 egerunt
763 874 834 912 Dii,
852 876 931 913 quod
956 883 1002 904 me
1015 875 1179 914 finxerunt
1195 876 1315 915 ingenii
1334 879 1494 910 mediocris
1508 885 1538 912 et
1559 882 1661 921 parvi,
1675 890 1745 912 mro
1760 885 1790 912 et

374 923 469 951 pauca
484 915 572 944 talde
583 916 743 954 loquentis.
782 915 826 946 na
838 924 909 946 vero
919 917 1136 955 quantumlibet
1150 920 1293 949 oemulare
1306 924 1411 950 ventos
1425 922 1552 952 haedim's
1561 923 1685 962 pellibus
1694 923 1792 952 inclu-

377 963 438 991 sos,
450 964 567 994 semper
591 956 760 986 laborantes
777 957 870 987 donec
889 957 973 995 ignia
998 957 1129 988 emolliat
1149 958 1285 994 serrum.
1329 961 1520 993 Fortunatus
1538 964 1676 994 Fannius
1696 963 1792 994 illatis

377 1000 481 1033 sponte
497 996 636 1035 scriniis,
649 999 679 1027 et
693 1007 747 1028 suu
767 997 865 1037 effigie
875 1007 888 1034 ;
902 998 974 1028 dum
989 999 1090 1029 nauus
1110 1008 1176 1030 mea
1190 1001 1307 1041 scripta
1321 1002 1396 1041 legit
1406 1014 1416 1034 .-
1436 1007 1466 1034 et
1479 1013 1535 1043 ego
1556 1008 1655 1036 metuo
1675 1004 1731 1035 illa
1743 1013 1790 1035 re-

971 1090 1204 1104 ooooooooooo

378 1152 567 1192 sponsione,
589 1153 599 1170 ‘
618 1157 692 1183 uter
719 1153 791 1192 plus
819 1153 965 1185 scribere
989 1155 1139 1194 possit.”
1164 1156 1343 1187 Germ—18
1365 1158 1375 1174 ⁴
1392 1157 1552 1188 Mendose
1577 1157 1703 1188 habent
1723 1165 1789 1187 om-

378 1204 436 1224 nes
459 1193 535 1224 libri
557 1193 718 1234 loquentis,
742 1198 963 1234 praeterquam
987 1196 1201 1236 Faernensm
1222 1198 1255 1228 in
1275 1207 1340 1238 quo
1365 1199 1526 1238 scriptum
1549 1203 1600 1229 est
1623 1199 1794 1238 loquentes,-

377 1235 434 1264 sed
450 1244 464 1264 s
481 1235 544 1265 alia
561 1245 657 1265 manu
672 1241 706 1266 et
722 1236 755 1265 in
773 1236 895 1266 nrm-a?
916 1237 1022 1267 Lamb.
1066 1243 1075 1256 ⁴
1092 1238 1186 1269 Dura
1203 1244 1237 1269 et
1252 1243 1372 1270 coacta
1387 1240 1505 1278 oratio,
1520 1241 1603 1270 citra
1619 1240 1718 1270 uillam
1735 1247 1791 1270 ne-

378 1277 567 1306 cessitatem
583 1287 590 1306 :
611 1277 710 1316 inopis
723 1286 770 1307 me
783 1287 814 1316 q.
835 1287 868 1316 p.
885 1278 922 1308 F.
937 1279 1045 1318 animi,
1057 1289 1085 1309 r.
1100 1284 1129 1310 et
1146 1290 1177 1319 p.
1192 1281 1351 1320 loquentis,
1393 1281 1616 1312 Quamobrem
1633 1279 1793 1312 Lambino

378 1316 478 1347 facile
502 1318 676 1356 assentior,
700 1319 754 1357 qui
781 1319 973 1350 emendavit
995 1321 1174 1359 loquentem,
1192 1327 1228 1351 ut
1245 1323 1319 1352 AEn.
1334 1331 1373 1351 11.
1395 1325 1449 1353 79.
1471 1323 1481 1339 ‘
1495 1331 1557 1353 nec
1583 1322 1611 1353 si
1635 1323 1792 1353 miserum

376 1358 507 1388 fortuna
523 1359 677 1389 Sinonem
695 1359 821 1397 Finxit,
844 1369 963 1390 vanum
977 1361 1076 1391 etiam
1092 1362 1353 1402 mendacemque
1367 1362 1521 1401 improba
1535 1362 1663 1402 finget!
1705 1362 1793 1393 Mul-

379 1404 413 1428 to
429 1399 515 1429 enim
533 1399 715 1439 simplicius
732 1399 808 1438 hoc,
825 1403 925 1439 atque
951 1401 1025 1431 ideo
1051 1406 1085 1432 et
1102 1403 1220 1433 verius.
1264 1404 1441 1434 Mutarunt
1456 1409 1565 1433 autem
1584 1403 1738 1442 Librarii,
1754 1407 1793 1433 ut

377 1441 526 1479 loquentis
541 1440 582 1470 ad
611 1440 794 1479 proximum
823 1450 940 1471 nomen
963 1443 1059 1472 animi
1074 1443 1267 1474 referretur.
1311 1444 1349 1474 Id
1376 1444 1464 1484 quod
1489 1453 1646 1484 nusquam
1662 1453 1727 1474 non
1744 1442 1792 1474 fa-

377 1482 485 1519 ciunt,
501 1481 773 1521 quotiescumque
795 1482 968 1513 commode
984 1491 1122 1523 possunt
1139 1495 1146 1514 :
1171 1490 1207 1515 ut
1221 1493 1269 1515 iv.
1287 1484 1354 1516 Od.
1370 1488 1402 1516 1.
1417 1488 1466 1516 18.
1489 1486 1499 1502 ‘
1518 1485 1634 1525 Largis
1650 1485 1792 1515 muneri-

378 1522 438 1552 bus
455 1523 564 1553 riserit
580 1522 714 1562 aemuli,'
739 1523 748 1540 ‘
761 1523 862 1561 largis
875 1523 883 1536 '
909 1524 1152 1563 interpolatum
1177 1535 1238 1565 pro
1253 1526 1263 1543 ⁴
1283 1526 1391 1566 largi,’
1414 1526 1577 1566 propioris
1593 1525 1792 1557 substentivi

378 1563 509 1602 gratia:
533 1567 569 1593 et
585 1572 641 1594 nl.
663 1563 730 1594 Od.
749 1566 779 1594 8.
797 1567 848 1593 19.
893 1563 903 1580 ‘
922 1565 1041 1595 Medus
1066 1565 1206 1597 infestus
1226 1566 1286 1596 sibi
1302 1567 1461 1597 luctuosis
1483 1566 1638 1598 Dissidet
1663 1565 1793 1604 armis3’

378 1613 438 1642 pro
463 1604 472 1620 ‘
487 1603 636 1634 infestis’
659 1609 695 1634 et
715 1605 723 1621 ‘
740 1604 931 1634 luctuosus)

377 1645 488 1679 Bruti,
503 1649 538 1675 et
555 1644 739 1675 Fabirniano
756 1645 907 1675 Lambini
923 1647 1074 1684 loquentes
1094 1648 1279 1679 habebatur
1294 1658 1303 1685 3
1325 1649 1356 1678 in
1374 1658 1438 1688 quo
1455 1657 1542 1679 νει-ιε
1559 1647 1708 1679 lectionis
1723 1656 1796 1678 ser-

378 1690 499 1716 vantur
512 1685 678 1726 vestigia.'
701 1686 892 1716 Remu-2⁰
908 1686 1023 1718 Codex
1041 1688 1138 1720 Leid.
1151 1699 1205 1729 ap.
1225 1690 1552 1727 Benthserrumdum
1561 1689 1679 1720 molliat
1692 1689 1796 1728 ignis,-

377 1733 410 1757 et
427 1729 473 1758 ita
499 1727 604 1758 edidit
624 1727 766 1767 Cuning.
786 1728 856 1758 dum
864 1727 985 1764 ferrum
1003 1731 1134 1761 emolliat
1149 1740 1168 1763 e
1184 1731 1382 1770 conjectura
1399 1731 1506 1763 edidit
1521 1731 1634 1762 Bentl-
1651 1738 1792 1771 eumque

1018 1836 1155 1867 NOTAE

379 1902 444 1933 lide
461 1903 656 1936 lacessentis
672 1906 787 1937 melius
805 1911 910 1938 notat.

422 1955 461 1982 16
478 1953 640 1992 Custodes]
657 1955 721 1987 Qui
737 1961 877 1987 caveant
893 1965 933 1987 ne
950 1957 1058 1988 aliena

369 2001 467 2039 juvet
482 2011 581 2041 opera
598 2003 806 2036 alterutrum.

383 2087 386 2090 ⁴
422 2053 460 2080 17
483 2051 528 2081 Di
547 2051 618 2082 bene
630 2053 788 2092 fecerunt]
810 2054 963 2085 Modesta
988 2054 1058 2085 Ho-

1110 1909 1119 1924 ‘
1138 1907 1203 1938 Alii
1234 1908 1379 1938 ventosis
1412 1907 1544 1939 follibus
1571 1916 1664 1939 auras
1694 1906 1793 1939 Acci-

1111 1957 1206 1996 piunt
1222 1956 1451 1996 redduntque,'
1464 1958 1526 1987 &c-

1152 2007 1191 2035 21
1207 2005 1323 2036 Beatus
1336 2005 1485 2044 Fannius,
1493 2005 1574 2035 auro
1585 2002 1794 2044 mmmmm]

1111 2053 1274 2084 Fannium
1297 2053 1504 2085 Quadratum
1527 2054 1686 2084 insulsum
1708 2052 1794 2084 Ροὲ-

975 1605 1072 1636 Adde
1095 1608 1181 1647 quod
1201 1608 1234 1638 in
1250 1607 1365 1638 codice
1380 1607 1600 1639 Jannoctiano
1615 1606 1794 1638 Michaelis
1846 1619 1852 1625 ·

379 2098 455 2128 ratii
472 2100 654 2139 responsio.

420 2151 459 2178 19
480 2148 527 2179 At
551 2152 586 2179 tu
611 2150 774 2190 conclusas,
796 2151 864 2191 fisa]
901 2151 1058 2195 Tumidos

378 2206 415 2228 ae
437 2196 550 2228 futiles
573 2196 675 2229 funde
698 2207 823 2230 versus-
869 2199 1059 2231 Similitudo

378 2255 398 2281 a
413 2245 558 2285 follibus,
573 2255 655 2287 quos
673 2251 771 2278 vento
791 2247 924 2279 inflatos
945 2249 1058 2289 exagi-

378 2299 451 2326 tant
471 2294 555 2326 fabri
585 2296 626 2326 ad
653 2295 919 2327 inflammandum
948 2298 1058 2338 ignem

378 2343 534 2382 fornacis,
583 2345 862 2386 muniendumque
922 2345 1057 2378 ferrum.

379 2392 473 2422 Pers.
501 2391 572 2423 Sat.
596 2400 631 2422 v.
649 2395 698 2424 10.
726 2393 736 2411 ‘
753 2393 803 2423 Tu
826 2402 935 2434 neque
960 2395 1058 2425 anhe-

380 2441 472 2480 lanti,
494 2440 648 2480 coquitur
671 2440 749 2472 dum
779 2450 889 2473 massa
917 2443 1059 2482 camino,

379 2489 471 2519 Folle
485 2490 606 2529 premis
622 2490 763 2522 ventos.'

422 2537 565 2569 Hir-cinis
579 2538 725 2578 follibus]
749 2540 778 2570 E
794 2539 936 2580 pellibus
951 2540 1058 2571 hirco-

380 2595 462 2615 rum.
478 2587 594 2626 Virgil.
603 2587 612 2604 ¹
622 2587 922 2619 taurinisfollibus!
933 2589 1055 2630 Georg.

378 2641 426 2664 ιν.
443 2636 512 2664 171.
537 2635 594 2665 nbi
620 2636 754 2676 egregie
775 2637 959 2677 Cyclopum
975 2647 1058 2678 opus

379 2682 562 2713 describit:
585 2685 784 2725 eosdemque
799 2694 913 2716 versus
934 2687 1058 2727 repetit

378 2731 499 2762 leviter
527 2735 684 2772 mutatos,
714 2734 845 2766 AEneid.
873 2743 952 2766 vni.
982 2737 1055 2766 449.

1111 2108 1178 2134 tam
1205 2103 1290 2133 belle
1318 2103 1485 2142 suggillat.
1530 2102 1633 2133 Bonis
1658 2100 1791 2142 quidem

1111 2150 1226 2182 Poie'tis
1250 2151 1302 2181 hic
1327 2151 1445 2189 honor,
1469 2154 1506 2182 ut
1531 2148 1793 2195 eorum-effigies

1110 2205 1145 2232 et
1164 2199 1312 2230 earmina
1327 2199 1542 2237 deferrentur>
1552 2199 1585 2230 in
1608 2191 1790 2251 palutinfftgi

1112 2248 1254 2288 Augusti
1299 2246 1548 2287 bibliothecam,
1588 2232 1799 2290 auctoritqje.

1112 2297 1265 2337 publica:
1289 2298 1324 2324 at
1351 2295 1406 2325 ille
1429 2304 1489 2326 sua
1506 2295 1575 2334 ipse
1594 2293 1791 2334 scriptulu-

1112 2346 1215 2385 vehit,
1236 2347 1271 2375 et
1296 2343 1470 2382 imaginem
1495 2342 1557 2373 sibi
1579 2341 1708 2377 statuit,
1725 2351 1793 2373 nou

1111 2394 1230 2425 merito
1243 2391 1376 2432 gloriam
1391 2395 1601 2430 consecutus,
1615 2389 1671 2421 sed
1689 2389 1792 2421 ambi-

1111 2444 1200 2474 tione
1218 2445 1365 2472 venatus.
1394 2439 1483 2470 Plin.
1499 2446 1629 2470 xxxxv.
1645 2441 1676 2470 5,
1693 2439 1702 2456 ¹
1722 2437 1791 2470 No-

1112 2495 1216 2522 tatum
1233 2488 1275 2520 ab
1289 2487 1479 2518 auctoribus
1501 2487 1536 2518 L.
1553 2486 1687 2518 Actium
1703 2485 1790 2518 Ροὲἑ

1112 2545 1178 2571 tam
1193 2538 1226 2569 in
1242 2537 1470 2569 Gamoenarum
1483 2534 1555 2565 aede
1573 2538 1716 2565 statuam
1728 2532 1791 2566 sibi

1112 2585 1281 2628 posuisse!
1324 2584 1407 2615 Vide
1432 2583 1520 2614 Plin.
1545 2591 1609 2613 vu.
1633 2585 1686 2615 ³0.
1712 2583 1790 2614 Vel.

1112 2637 1204 2667 Max.
1221 2642 1299 2665 vin.
1313 2635 1363 2663 15.
1780 2635 1786 2639 “

1151 2685 1191 2714 22
1202 2683 1280 2715 Cum
1291 2691 1356 2712 mea
1364 2690 1449 2711 nemo
1458 2680 1583 2720 Scripta
1590 2679 1689 2720 legra]
1704 2679 1792 2712 Pau-

1110 2733 1156 2764 cis
1167 2731 1318 2763 nimirum
1333 2739 1367 2761 se
1380 2737 1502 2770 suaque
1515 2728 1675 2760 Horatius
1685 2727 1794 2760 ouan-
