1904 3256
312 290 396 330 618
774 306 818 343 Q.
848 305 1053 334 HoRA‘rn
1089 304 1259 333 rmum

535 394 620 444 Qui
639 407 748 435 nunc
770 396 975 447 Sulpiciis
998 395 1185 436 accubat
1204 395 1364 436 horreis

536 460 648 512 Spes
669 459 831 498 donare
850 471 986 499 novas
1004 460 1161 511 largus,
1181 472 1414 513 amaraque

698 523 905 563 Curarum
924 523 1062 564 eluere
1081 524 1235 565 efficax
1252 539 1263 576 ;

537 587 606 627 Ad
628 601 724 640 quae
748 589 783 629 si
806 601 1013 642 properas
1033 590 1205 641 gaudia,
1225 603 1322 631 cum
1342 594 1414 631 tua

534 653 680 694 Velox
699 667 842 695 merce
863 655 981 695 veni:
1011 667 1095 695 non
1114 668 1196 708 ego
1215 660 1256 696 te
1274 656 1384 696 meis

536 718 777 759 Immunem
795 719 978 759 meditor
997 720 1158 772 tingere
1177 721 1362 774 poculiS‚

701 784 840 824 Plena
859 783 982 824 dives
1003 787 1050 824 ut
1069 785 1113 824 in
1133 785 1274 825 domo.

535 847 698 888 Verum
719 861 834 901 pone
855 861 1014 899 moras,
1035 854 1080 890 et
1100 850 1291 890 studium
1310 850 1443 902 lucri3

1676 528 1732 568 20

1678 851 1734 891 25

314 973 381 1003 quoe
397 965 482 995 modo
502 965 644 995 conditur
663 965 816 1004 apothecis
837 964 994 1005 supinis,
1013 975 1096 1006 spem
1117 977 1224 998 novam
1247 967 1320 998 dare
1341 967 1490 1007 liberalis,
1509 970 1541 998 et
1564 967 1734 998 molestiam

315 1006 532 1044 agritudinum
547 1007 698 1037 discutere
711 1007 829 1038 idonea.
875 1007 964 1042 Quod
977 1009 1003 1038 si
1017 1009 1057 1038 ad
1070 1008 1162 1039 istam
1175 1009 1362 1039 hilaritatem
1374 1008 1523 1048 festinas,
1537 1010 1644 1040 accede
1662 1018 1733 1049 pro-

315 1047 397 1076 tinus
410 1057 476 1077 cum
498 1051 552 1078 lua
574 1057 680 1078 merce.
724 1048 855 1088 Scyphis
880 1058 935 1087 ego
956 1049 1031 1080 meis
1051 1050 1156 1088 rigare
1177 1053 1208 1081 te
1230 1049 1310 1081 nihil
1332 1050 1533 1087 conferentem
1554 1050 1734 1090 noto,quasi

315 1089 473 1127 opulentus
495 1089 527 1119 in
552 1089 668 1119 oedibus
687 1089 820 1127 refertis.
865 1089 925 1121 Sed
938 1090 1033 1128 abjice
1046 1091 1286 1122 retardationem
1305 1094 1335 1122 et
1358 1095 1491 1131 quastus
1505 1100 1622 1122 curum:
1643 1094 1734 1131 atque

907 1171 1005 1183 '‘O''
1009 1171 1101 1183 '000‘
1106 1171 1144 1183 Ν

315 1232 375 1264 bet
390 1233 546 1272 Sulpiciis.
589 1234 667 1264 Vid.
690 1234 812 1266 Cellar.
828 1234 991 1274 Orthogr.
1008 1235 1083 1265 Lat.
1098 1233 1151 1264 ed.
1167 1233 1301 1264 Harles.
1318 1236 1398 1264 tom.
1413 1241 1437 1262 1.
1462 1241 1494 1272 p.
1508 1234 1582 1264 336.
1613 1233 1735 1264 occubat

315 1283 398 1304 unus
411 1275 578 1306 'l'orrentii
591 1279 625 1306 et
640 1275 731 1316 Lips.
748 1279 778 1307 1.
795 1285 854 1316 pro
870 1285 902 1306 v.
919 1275 940 1306 l.
963 1275 1052 1316 quod
1068 1274 1164 1311 valde
1180 1273 1307 1305 arridet
1332 1274 1525 1312 'roi-tentio,
1541 1273 1629 1311 ‘item
1643 1274 1734 1305 Bax-

315 1322 400 1354 tero,
416 1321 572 1356 tanquam
590 1316 646 1347 diu
662 1317 811 1357 sepultus
828 1317 922 1358 quasi
939 1316 1088 1356 jacuerit
1103 1315 1206 1347 cadus
1222 1316 1256 1346 in
1271 1315 1397 1346 intimis
1413 1315 1552 1346 horreis.
1580 1315 1591 1332 ‘
1603 1315 1666 1346 Sed
1680 1316 1735 1347 cui

315 1357 449 1387 tandem
464 1358 526 1388 lioc
541 1359 648 1398 possit
664 1358 799 1396 probari
808 1358 830 1388 ?’
857 1358 945 1388 Jam‘.
970 1359 1062 1397 Lips.
1076 1361 1107 1389 4.
1123 1361 1257 1396 occupat.
1302 1357 1429 1387 Omnes
1444 1357 1498 1387 alii
1519 1356 1619 1387 codd.
1633 1357 1734 1388 etiam

315 1398 413 1428 Harl.
429 1401 458 1428 1.
472 1401 503 1429 2.
521 1401 552 1430 3.
564 1401 595 1430 4.
611 1402 642 1430 5.
655 1401 686 1429 6.
711 1399 808 1430 Gott.
823 1403 860 1429 et
879 1399 964 1429 Exc.
988 1400 1066 1429 Sax.
1081 1398 1301 1429 necabam—23
1326 1398 1485 1428 Plurimae
1501 1397 1577 1428 edd.
1591 1398 1734 1437 tinget-u

313 1439 372 1469 sed
399 1440 540 1478 tinguere
564 1439 718 1471 scribunt
746 1449 829 1470 unus
856 1440 933 1470 Vat.
959 1440 1115 1472 Jannoct.
1140 1444 1176 1470 et
1201 1439 1257 1469 alii
1284 1439 1399 1469 Lamb.
1415 1438 1534 1469 Bland.
1562 1439 1738 1480 antiquiss„

315 1481 466 1520 Cruquii,
480 1481 656 1512 Pulmanni
673 1481 787 1512 Hunn.
803 1485 839 1511 et
853 1481 979 1512 Beller.
995 1482 1136 1522 Franeq.
1150 1479 1237 1511 Altt.
1253 1482 1281 1511 1.
1293 1483 1325 1511 2.
1340 1481 1436 1511 Dess.
1452 1482 1482 1510 1.
1495 1483 1527 1511 2.
1541 1480 1734 1512 Helmstad.

314 1522 405 1562 Lips.
420 1525 449 1553 1.
463 1525 495 1553 2.
510 1525 538 1553 3.
554 1525 586 1554 4.
608 1523 687 1553 item
704 1523 842 1553 Venett.
866 1523 1007 1554 Locher.
1033 1522 1173 1554 Ascens.
1193 1522 1296 1562 Cruq.
1318 1522 1472 1553 Torrent.
1499 1521 1598 1553 Fabr-
1625 1522 1736 1553 Bentl.

316 1564 462 1604 Cuning.
476 1564 576 1596 Baxt.
594 1564 696 1595 Gesn.
713 1565 817 1596 Zeun.
833 1564 969 1596 Mitsch.
982 1563 1118 1596 Wakef.
1130 1568 1166 1595 et
1181 1563 1285 1596 Kidd.

958 1644 1096 1676 NOTAE
1125 1655 1127 1657 ·

317 1712 368 1739 15.
392 1709 402 1725 ‘
414 1707 663 1747 Alabastrites,’
674 1707 793 1748 inquit,
807 1707 817 1725 ‘
829 1707 913 1748 lapis
922 1716 1001 1738 can-

315 1758 425 1798 didus,
440 1758 658 1789 intertinctus
673 1757 772 1788 variis
788 1757 966 1796 coloribus,
982 1766 1000 1787 e

316 1817 381 1847 quo
395 1806 461 1837 fuit
483 1806 651 1837 vasculum
677 1806 838 1845 unguenti
858 1815 1001 1846 evange-

315 1855 383 1887 lici.
415 1854 545 1885 Cavant
567 1854 653 1884 enim
676 1854 765 1885 hunc
789 1853 830 1884 ad
847 1863 927 1884 vasa
941 1863 1001 1884 uu-

317 1903 517 1944 gnentaria.’
554 1902 703 1933 Martini.
726 1911 790 1934 vn.
812 1905 865 1933 93.
903 1903 913 1919 ⁴
930 1902 1000 1932 Uu-

317 1958 476 1994 guentum
492 1951 603 1983 fuerat
615 1951 703 1992 quod
718 1961 806 1992 onyx
816 1951 914 1983 modo
926 1960 1000 1992 par-

315 2013 359 2034 va
373 2002 535 2043 gerebat!

360 2056 399 2084 18
421 2052 570 2094 Sulpiciis
593 2051 720 2083 accubat
741 2051 873 2091 horreis]
898 2050 1000 2083 Quae-

317 2102 393 2133 dam
423 2107 520 2133 erant
543 2101 663 2132 horrea
689 2109 747 2131 seu
773 2100 946 2140 apothecae
969 2099 1001 2130 in

316 2151 408 2183 urbis
422 2150 610 2191 regionibus
629 2149 744 2185 variis,
759 2148 792 2179 in
809 2148 929 2190 quibus
946 2156 1000 2179 ve-

317 2201 406 2232 nalia
418 2210 476 2232 seu
489 2201 564 2232 vina
575 2209 634 2231 seu
644 2199 755 2238 fruges
770 2198 1002 2230 condebantur

317 2249 424 2281 donee
449 2253 651 2280 emerentur.
687 2249 784 2280 Inter
812 2248 875 2278 alia
905 2252 1003 2279 erant

318 2309 392 2340 quae
419 2297 604 2330 aedificarat
629 2297 792 2337 Sulpitius
819 2296 942 2335 Galba,
965 2301 1000 2327 et

317 2348 360 2379 de
387 2349 459 2388 ejus
483 2347 614 2379 nomine
643 2346 920 2386 appellabantur:
943 2345 1000 2376 de-

318 2406 382 2437 que
397 2396 445 2428 his
457 2396 603 2437 loquitur
617 2395 792 2426 Horatius.

362 2447 402 2476 19
425 2445 501 2485 Spes
527 2446 640 2476 donare
664 2454 756 2475 novas
785 2446 903 2483 largus,
932 2444 1001 2484 εμπ]

319 2493 404 2525 Haec
421 2494 488 2525 vini
503 2499 556 2525 est
570 2494 675 2524 virtus
690 2498 726 2524 et
741 2493 942 2533 proprietas,
964 2498 1002 2523 ut

320 2543 493 2574 audaciam
508 2542 633 2573 timidis
647 2541 761 2580 donet,
777 2541 883 2572 anxiis
894 2541 1002 2571 solici-

320 2591 453 2622 tudines
469 2592 607 2630 eximat,
621 2586 690 2621 διε.
707 2589 794 2620 Vide
806 2598 861 2621 ln.
873 2589 940 2620 Od.
950 2591 1002 2621 21.

319 2641 455 2679 strophe
471 2645 501 2670 5.
527 2641 615 2671 Hinc
632 2644 666 2671 et
682 2649 723 2670 ιι.
739 2638 806 2670 Od.
828 2642 858 2670 7.
890 2639 899 2655 ‘
911 2638 1003 2669 Mas-

320 2689 444 2720 sicum'
475 2694 572 2720 vocat
601 2687 845 2724 ‘obliviosum,’
875 2687 909 2718 id
938 2692 1002 2726 est,

320 2747 472 2769 curarum
488 2737 686 2768 oblivionem
702 2737 874 2768 inducens.

362 2789 398 2819 21
425 2786 476 2819 Ad
494 2796 560 2827 quoe
583 2787 611 2817 si
632 2795 776 2826 properas
795 2785 923 2826 gaudia,
936 2794 1002 2816 cum

1052 1710 1118 1748 lua,
1135 1707 1203 1747 ξω]
1224 1708 1313 1747 Ergo
1331 1707 1358 1738 si
1371 1706 1467 1747 cupis
1481 1715 1607 1738 mecum
1617 1707 1738 1747 jucun·

1054 1756 1096 1786 de
1109 1756 1251 1797 epulari,
1262 1761 1364 1798 atque
1381 1765 1400 1787 e
1420 1765 1494 1787 meo
1510 1755 1585 1786 vino
1607 1755 1736 1795 bibere,

1053 1807 1148 1846 quasi
1162 1810 1329 1838 mercator
1349 1806 1487 1846 accede,
1501 1810 1536 1836 et
1551 1803 1633 1836 affer
1646 1806 1735 1846 quod

1053 1861 1249 1894 commutes,
1270 1856 1423 1896 redones,
1444 1864 1646 1887 remuneres.
1682 1855 1736 1886 Ne

1053 1905 1240 1944 asymbolus
1254 1910 1312 1936 ant
1329 1905 1481 1937 immunis
1498 1905 1632 1943 venian
1655 1913 1738 1944 para

1052 1952 1205 1983 nimirum
1237 1953 1437 1993 quaestiones
1462 1952 1624 1991 eruditas,
1656 1952 1738 1993 lepi-

1053 2000 1178 2042 dasque
1191 2001 1373 2041 argutiolas
1384 2000 1560 2033 florentem
1576 2001 1653 2032 vino
1666 2001 1736 2032 ani-

1051 2058 1140 2080 mum
1155 2050 1372 2090 lacessentes,
1386 2060 1460 2091 quae
1484 2050 1551 2080 sint
1566 2048 1671 2080 veluti
1685 2058 1737 2080 se-

1051 2097 1232 2129 cundarum
1261 2108 1448 2129 mensarum
1471 2102 1658 2139 tragemata
1678 2106 1738 2129 seu

1052 2147 1213 2178 bellaria:
1238 2147 1414 2188 dequibus
1434 2147 1525 2179 Geli.
1550 2156 1599 2179 vr.
1624 2148 1675 2178 13.
1701 2150 1737 2178 et

1030 2208 1036 2211 ·
1051 2197 1113 2228 hac
1129 2197 1263 2238 quidem
1278 2207 1390 2228 merce
1401 2198 1584 2228 instructus
1593 2195 1736 2236 jubetur

1053 2246 1168 2277 venire
1185 2246 1226 2276 ab
1245 2245 1387 2276 Horatio
1401 2245 1576 2285 Virgilius.

1094 2297 1135 2325 23
1159 2292 1340 2332 Immunem]
1357 2293 1459 2334 Apud
1469 2295 1642 2325 Erasmnm
1659 2300 1735 2331 pro-

1055 2343 1203 2374 verbium
1214 2348 1277 2382 est,
1288 2343 1482 2373 ‘immunem
1492 2339 1625 2372 venire!
1639 2341 1738 2373 Qnae.

1055 2392 1130 2423 dam
1147 2392 1224 2422 olim
1237 2396 1310 2422 erat
1320 2400 1415 2422 coena
1431 2400 1472 2421 ex
1489 2389 1654 2420 communi
1668 2390 1737 2420 col-

1053 2442 1155 2479 lecta,
1181 2442 1213 2470 in
1240 2449 1306 2481 quo
1331 2449 1422 2470 suam
1445 2439 1582 2480 quisque
1605 2438 1737 2478 symbo-

1053 2489 1116 2520 lam
1133 2488 1308 2521 afferebat.
1330 2489 1416 2520 Vide
1433 2497 1486 2519 111.
1503 2487 1571 2519 od.
1586 2490 1639 2519 23.
1656 2490 1706 2519 17.

1094 2541 1135 2569 24
1159 2539 1255 2569 Plena
1276 2538 1361 2569 dives
1384 2541 1419 2568 ut
1442 2537 1476 2568 in
1499 2536 1599 2576 dom]
1623 2537 1670 2567 Ut
1686 2535 1735 2567 fa-

1055 2597 1131 2620 cere
1142 2591 1254 2629 posset
1261 2587 1353 2618 dives
1365 2587 1466 2618 rebus
1475 2584 1626 2616 omuibus
1636 2585 1738 2616 abun-

1055 2638 1150 2678 dans,
1165 2637 1310 2677 nihilque
1331 2645 1413 2677 opus
1435 2637 1560 2667 habens
1583 2644 1736 2666 remune-

1055 2687 1204 2717 rationis.

1097 2739 1138 2767 25
1162 2734 1307 2766 Studium
1320 2734 1412 2773 lucri]
1433 2734 1536 2766 Jocus
1558 2733 1734 2772 admodum

1055 2783 1197 2824 facetus,
1227 2793 1292 2824 quo
1317 2783 1495 2823 virgiuum
1523 2781 1688 2814 abstrahit
1714 2789 1736 2814 ι
