1956 3236
378 297 461 337 812

844 309 888 344 Q.
919 305 1124 336 noRA'rn
1159 304 1329 334 nacci

379 396 521 438 Odisti
542 401 584 438 et
601 397 726 448 fugis,
747 400 792 435 ut
813 395 1034 435 Rusonem
1055 395 1222 434 debitor
1242 397 1368 435 aeris'?

379 461 482 511 Qui,
502 463 601 511 nisi,
623 474 718 502 cum
738 460 876 500 tristes
897 460 1050 500 misero
1071 472 1222 500 venere
1243 459 1466 508 Kalendae,

378 526 622 568 Mercedem
643 528 719 564 aut
738 536 932 564 nummos
952 524 1062 564 unde
1083 525 1196 565 unde
1215 526 1414 574 extricat,
1434 538 1604 567 amaras

377 591 587 631 Porrecto
602 588 756 641 jugulo
776 588 993 637 historias,
1018 590 1218 641 captivus
1238 594 1300 638 ut,
1319 590 1454 630 audit.

379 653 643 695 Comminxit
661 652 818 692 lectum
837 657 986 704 potus,
1008 666 1209 694 mensave
1229 654 1420 694 catillum

378 717 565 759 Evandri
584 717 776 756 manibus
795 717 940 757 tritum
961 717 1143 770 dejecit;
1173 719 1228 758 ob
1247 718 1356 758 hanc
1378 732 1478 768 rem,

377 782 469 822 Aut
488 782 678 834 positum
697 785 795 822 ante
814 795 911 822 mea
931 782 1036 834 quia
1054 783 1218 834 pullum
1240 783 1282 823 in
1303 788 1426 835 parte
1447 785 1582 825 catini

379 847 566 887 Sustulit
581 847 788 896 esuriens,
808 847 949 887 minus
968 847 1052 887 hoc
1067 848 1288 900 jucundus
1309 849 1474 888 amicus

378 912 446 951 Sit
466 911 598 951 mihi'?
659 911 776 961 Quid
796 913 968 963 faciam,
991 913 1029 952 si
1049 913 1203 953 furtum
1223 913 1370 953 fecerit
1387 915 1405 952 ’ἱ
1438 917 1512 954 aut
1531 915 1571 954 si

377 975 622 1017 Prodiderit
641 977 876 1018 commissa
894 977 979 1017 fide
994 978 1013 1017 'l
1045 990 1311 1029 sponsumve
1331 978 1529 1029 negarit?

1737 978 1792 1018 95

379 1039 493 1089 Quis
512 1041 636 1093 paria
654 1054 748 1082 esse
767 1041 855 1082 fere
878 1038 1042 1094 placuit
1061 1046 1259 1094 peccata,
1278 1042 1489 1091 laborant,

377 1185 478 1206 sonem
489 1178 626 1216 pecunia
640 1178 774 1210 debitor:
789 1179 853 1218 qui,
870 1178 985 1218 quoties
998 1178 1104 1210 tristes
1114 1179 1265 1210 Kalendoe
1279 1177 1398 1215 infelici
1413 1179 1611 1218 advenerunt,
1626 1176 1796 1214 nisisoenue

376 1221 430 1247 aut
443 1220 601 1257 pecuniam
615 1221 762 1250 creditam
776 1221 976 1258 undecumque
990 1221 1125 1260 expedit,
1147 1220 1240 1250 veluti
1262 1219 1402 1259 captivus
1416 1219 1538 1258 cogitur
1551 1219 1724 1250 auscultare
1738 1217 1795 1247 im-

374 1263 523 1297 portunas
531 1262 723 1300 scriptiones,
734 1265 874 1301 protenso
884 1262 968 1291 collo.
995 1261 1122 1292 Lectum
1132 1260 1361 1291 discribitur-ium
1372 1261 1462 1291 urina
1473 1260 1676 1300 inquinaverit
1687 1258 1799 1295 ebrius,

378 1301 425 1330 vel
438 1310 540 1332 mensa
552 1303 717 1333 detruserit
729 1302 862 1333 catinum
879 1303 1015 1333 Evandri
1029 1302 1167 1333 manibus
1181 1305 1400 1333 contrectatum
1410 1312 1423 1338 ,·
1443 1305 1568 1341 propter
1581 1301 1647 1339 hoc,
1658 1301 1706 1331 vel
1719 1299 1798 1339 quod

379 1342 512 1371 esuriens
531 1344 728 1382 praeripuerit
746 1344 863 1382 pullum
887 1343 920 1373 in
945 1353 1010 1373 mea
1031 1347 1119 1382 parte
1141 1344 1258 1382 patine
1276 1343 1487 1380 constitutum,
1501 1352 1542 1373 an
1555 1343 1669 1372 amicus
1682 1339 1797 1371 idcirco

379 1382 478 1412 minus
491 1383 587 1413 dulcis
600 1385 675 1414 milii
688 1382 816 1421 fuerit?
862 1385 944 1421 Ergo
959 1385 1032 1423 quid
1053 1393 1142 1422 agam
1162 1383 1191 1414 si
1205 1383 1335 1420 furatus
1348 1384 1389 1414 sit
1403 1383 1570 1422 quidpiam,
1582 1384 1628 1413 tel
1641 1383 1668 1412 si
1682 1381 1799 1411 credita

371 1422 452 1460 fidei
465 1432 527 1453 suoe
543 1425 696 1464 revelarit,
712 1427 763 1454 out
783 1425 942 1464 promissis
956 1434 1014 1454 mm
1028 1424 1149 1454 steterit
1159 1423 1175 1455 :1
1220 1425 1284 1459 Qui
1297 1426 1481 1455 contendunt
1498 1425 1587 1464 μανία
1601 1432 1662 1454 esse
1675 1422 1798 1460 delicta,

973 1516 1206 1528 eeeeeeeeeeee

381 1569 423 1598 86
449 1567 620 1599 Drusonem
644 1568 748 1599 Aldus
768 1569 900 1599 demum
925 1570 1094 1600 invexisse
1119 1570 1273 1607 videtui-3
1296 1570 1344 1600 ita
1375 1573 1484 1599 tamen
1510 1567 1634 1598 habent
1652 1565 1799 1597 Bentleii
1831 1605 1838 1610 .

382 1608 530 1645 Mngdal.
558 1609 712 1640 veti-ens.
737 1614 772 1640 et
801 1611 924 1641 Battel.
969 1611 1122 1641 Rusonem
1147 1610 1310 1641 exhibent
1334 1610 1431 1640 Harl.
1447 1612 1479 1640 2.
1494 1611 1526 1640 3.
1541 1612 1571 1639 4.
1589 1610 1663 1639 6-7.
1686 1615 1800 1638 omnes

383 1649 528 1679 Bentleii
545 1654 668 1688 praeter
683 1658 764 1687 treS‚
784 1660 897 1680 omnes
913 1650 982 1681 fere
996 1652 1148 1690 Cruqnii,
1159 1652 1306 1682 nonnulli
1322 1660 1374 1690 ap.
1386 1651 1544 1681 Torrent.
1556 1655 1591 1680 et
1607 1647 1682 1679 edd.
1698 1648 1802 1688 antiq.

383 1689 536 1725 Rusonem
552 1691 689 1721 Venett.
706 1694 798 1722 1477.
814 1694 907 1722 1478.
923 1695 1014 1723 1479.
1060 1693 1220 1723 Rissonem
1236 1693 1364 1732 aliquot
1388 1701 1442 1732 ap.
1457 1692 1610 1722 Tou-ent.
1626 1694 1662 1720 et
1677 1689 1797 1720 Venet-

383 1733 476 1760 1490.
519 1731 686 1762 Russonem
714 1733 831 1772 reliqui
856 1733 1011 1764 Torrent.
1057 1733 1225 1774 Ruffonem
1254 1733 1469 1764 Lernen—91
1499 1730 1635 1763 Evandri
1664 1729 1802 1761 inanibus

383 1775 496 1802 turtum
511 1773 597 1813 conj.
617 1774 728 1805 Bentl.
746 1774 803 1804 sed
821 1774 909 1814 vulg.
925 1778 1133 1806 servan—94
1159 1774 1301 1814 Cuning.
1320 1772 1668 1812 Quidfaciam,surtum
1681 1770 1800 1808 sisece·

1024 1867 1161 1898 NOTAE

385 1926 474 1956 neris
502 1927 588 1966 qnod
619 1927 720 1957 docet
742 1928 843 1959 Cato:
870 1929 880 1945 ⁴
896 1929 1069 1969 Tempori-

385 1976 445 2006 bus
468 1985 575 2007 mores
596 1978 726 2017 sapiens
748 1978 818 2008 sine
839 1978 976 2009 crimine
1000 1988 1068 2009 mu-

1121 1929 1162 1960 nd
1179 1929 1248 1959 Pis.
1269 1931 1278 1946 ‘
1298 1928 1472 1959 indoctum
1494 1927 1695 1967 doctumque
1709 1925 1802 1966 fugat

1120 1979 1281 2010 recitator
1294 1978 1454 2011 acerbus.
1498 1978 1606 2008 Quem
1627 1985 1706 2006 vero
1722 1975 1804 2006 arri-

389 2023 463 2055 tat.'

426 2075 467 2104 86
490 2073 657 2112 Rusonem]
691 2074 886 2105 Foenerator
921 2074 976 2105 ille
1010 2074 1068 2105 im-

384 2120 612 2161 probissimus,
628 2122 766 2161 perinde
784 2132 822 2153 ac
842 2123 1067 2162 ineptissimus

384 2169 592 2201 historiarum
616 2171 774 2210 scriptor,
787 2172 918 2202 solebat
941 2181 961 2202 a
975 2171 1067 2202 debi-

386 2217 510 2249 toribus
531 2219 679 2257 exigere,
696 2219 722 2248 si
746 2228 811 2250 non
835 2220 1014 2255 solverent,
1030 2224 1067 2251 ut

384 2275 420 2296 se
442 2267 609 2306 legentem
632 2267 805 2298 audirent:
829 2268 916 2308 quod
933 2268 1066 2309 quidem

387 2319 460 2345 erat
474 2325 577 2355 poenae
591 2316 665 2346 loco
677 2316 871 2347 durissimae.

428 2365 469 2394 87
486 2363 602 2394 Tristes
616 2364 781 2405 Kalendae]
809 2364 909 2397 Quod
926 2374 967 2396 eo
984 2370 1066 2396 tem-

388 2420 470 2452 pore
484 2410 703 2442 foeneratores
726 2422 841 2443 usuras
857 2413 1068 2453 colligerent,

388 2459 623 2500 debitoresque
649 2465 821 2499 vexarent.
871 2461 958 2492 Vide
987 2462 1069 2492 Not·

389 2507 499 2548 Epod.
513 2516 552 2539 ιι.
570 2517 618 2539 vs.
635 2509 695 2538 nlt.

431 2559 471 2587 88
495 2557 667 2587 Mercedem
687 2560 741 2586 aut
762 2556 912 2596 nummos]
936 2558 1070 2597 Foenus,

388 2606 440 2636 vel
457 2615 615 2636 summam
627 2605 801 2637 creditam.

433 2655 475 2683 89
496 2654 642 2685 Porrecto
655 2654 782 2694 jugulo]
814 2654 878 2686 Vel
902 2655 993 2695 quasi
1021 2660 1071 2687 at-

391 2701 515 2731 tentior
544 2701 857 2743 observantiorque3
895 2703 948 2734 vel
977 2705 1070 2743 quasi

393 2750 546 2791 captivus
566 2755 601 2782 et
619 2750 766 2791 jugulari
783 2756 931 2792 pai-etue.
963 2752 1072 2793 Epist.

1121 2028 1205 2068 ptuit,
1221 2032 1316 2059 tenet
1329 2026 1519 2067 occiditque
1534 2023 1700 2065 legendo.¹

1162 2079 1200 2108 91
1227 2077 1365 2107 Evandri
1393 2075 1531 2107 manibus
1560 2073 1682 2113 tritum]
1709 2072 1803 2104 Anti-

1119 2127 1249 2167 quitate
1274 2126 1467 2165 pretiosum,
1491 2123 1690 2155 fabricatum
1715 2122 1804 2153 scili-

1119 2180 1174 2206 cet
1189 2179 1341 2214 tempore
1357 2173 1516 2212 Evandri,
1530 2172 1586 2212 qni
1602 2172 1641 2202 ab
1656 2169 1803 2202 Arcadia

1119 2222 1303 2264 profectus,
1319 2222 1474 2261 avitoque
1497 2221 1611 2260 pulsus
1633 2227 1746 2257 regno,
1767 2217 1801 2248 in

1121 2271 1252 2302 Italiam
1267 2269 1396 2309 appulit
1410 2279 1419 2306 ;
1448 2268 1503 2298 nbi
1520 2265 1696 2297 debellati·
1710 2263 1803 2295 Abo-

1120 2318 1280 2358 riginibus
1309 2317 1418 2348 tenuit
1451 2326 1492 2347 ea
1519 2317 1595 2346 loca
1623 2314 1656 2344 in
1684 2313 1803 2354 quibus

1121 2369 1225 2399 Roma
1246 2376 1332 2398 nunc
1355 2370 1421 2402 est,
1437 2369 1540 2404 atque
1558 2361 1753 2402 oppidulum
1770 2361 1803 2392 in

1120 2417 1278 2447 Palatino
1293 2419 1402 2446 monte
1418 2412 1580 2444 condidit.
1613 2410 1734 2451 Virgil.
1750 2410 1806 2441 ,Ἐ-

1121 2465 1208 2495 neid.
1220 2473 1299 2494 vni.
1320 2461 1474 2494 Evander
1490 2460 1707 2492 Atheniensis
1718 2460 1805 2499 plas-

1122 2503 1173 2544 tes
1193 2522 1213 2543 a
1234 2513 1283 2544 M.
1297 2510 1442 2543 Antonio
1465 2510 1606 2541 Romam
1627 2507 1805 2544 adductus,

1122 2561 1203 2592 nihil
1219 2561 1259 2592 ad
1277 2569 1356 2591 rem.

1164 2612 1206 2640 96
1227 2609 1304 2644 Quis
1315 2608 1404 2648 paria
1418 2617 1491 2642 esse,
1503 2606 1572 2647 ξω]
1594 2606 1670 2639 Jam
1687 2605 1806 2637 transit

1124 2659 1165 2691 ad
1177 2658 1360 2689 refellenda
1369 2656 1521 2697 quaedam
1536 2657 1722 2687 Stoicorum
1736 2656 1804 2694 pla-

1123 2708 1201 2738 cita.
1235 2707 1306 2737 Cic.
1321 2705 1362 2736 de
1378 2705 1486 2735 Finib.
1500 2713 1549 2735 ιν.
1573 2703 1666 2734 Zeno
1680 2703 1803 2734 Stoieae

1123 2754 1309 2796 disciplinae
1321 2753 1460 2785 antistes
1472 2752 1519 2784 sic
1533 2751 1666 2784 statuit:
1677 2752 1687 2767 ‘
1698 2750 1804 2791 AEque
