1956 3236
0 0 37 90 ..4253

623 268 898 308 Semnonum
935 268 1028 298 mn.
1060 268 1094 298 1.
1122 257 1164 297 4.
1526 252 1611 294 831

174 364 278 405 Hoc
292 364 438 418 juvat,
456 362 572 404 haud
593 362 702 403 illud
724 365 990 415 quaerentes,
1009 373 1113 401 num
1136 359 1228 400 sine
1250 369 1397 412 sensu,

170 429 389 484 Tempore
406 442 508 470 num
525 428 690 470 faciant
710 429 869 470 alieno.

173 497 353 550 Inquis3
385 501 429 536 et
449 494 532 535 hoc
555 494 705 535 studio
727 507 892 548 pravus
913 493 1042 534 facis.

926 426 960 476 ἸῘ
985 426 1166 468 Laedere
1186 424 1366 478 gaudes,

1102 491 1136 540 ἹῙ
1161 491 1286 533 Unde
1306 490 1499 544 petitum

174 563 277 604 Hoc
297 562 342 602 in
361 575 430 603 me
443 561 593 615 jacis?
623 566 693 602 est
713 565 865 602 auctor
885 561 984 614 quis
1005 559 1190 612 denique
1211 570 1374 607 eorum,
1555 555 1611 597 80

172 627 284 670 Vixi
303 640 402 669 cum
423 628 614 682 quibus?
647 627 887 669 Absentem
909 627 987 680 qui
1006 627 1124 667 rodit
1144 625 1329 666 amicum
1346 637 1358 675 ;

175 694 267 745 Qui
285 707 376 735 non
395 693 608 743 defendit,
625 694 715 735 alio
735 693 966 747 culpante;
996 692 1167 733 solutos

174 761 266 812 Qui
287 765 436 814 captat
455 761 570 801 risus
589 760 831 809 hominum,
853 761 1105 813 famamque
1128 759 1324 809 dicacis3

175 827 359 880 Fingere
377 828 450 881 qui
469 841 556 868 non
574 828 672 869 visa
692 832 867 882 potest3
899 827 1136 868 commissa
1156 831 1302 866 tacere

173 893 265 944 Qui
283 895 457 947 nequit;
486 894 558 935 hic
578 894 702 947 niger
720 897 818 944 est3
847 894 960 935 hunc
982 896 1045 942 tu,
1067 891 1281 939 Romane,
1302 893 1474 931 caveto.
1558 889 1616 932 85

171 959 304 1013 Saepe
324 960 463 1001 tribus
482 960 611 1001 lectis
628 959 780 1001 videas
800 972 975 1001 coenare
995 963 1233 1012 quaternos
1250 970 1262 1008 ;

173 1091 339 1134 an'ttulte,
352 1106 392 1127 nn
407 1099 542 1136 tempore
554 1097 680 1128 minime
694 1099 859 1137 opportuno
875 1095 908 1126 id
923 1099 1031 1134 agant.
1081 1095 1190 1127 Verum
1206 1094 1288 1125 enim
1308 1101 1394 1124 amas
1403 1090 1556 1128 vellicare,
1566 1089 1615 1119 in-

175 1138 264 1177 qui⁸3
283 1139 375 1177 idque
389 1139 459 1177 agis
473 1138 610 1179 improbo
630 1139 743 1169 animo.
795 1138 884 1168 Unde
899 1147 970 1168 cero
986 1138 1062 1168 illud
1077 1137 1247 1178 quoesivisei
1261 1136 1339 1176 quod
1354 1134 1430 1165 mihi
1452 1132 1593 1171 objiceres
1608 1133 1622 1160 t

175 1179 228 1210 An
241 1180 363 1211 demum
375 1181 608 1220 astipulatorem
624 1180 716 1211 habes
729 1179 861 1220 aliquem
882 1189 985 1210 eorum
998 1180 1173 1220 quibuscum
1194 1176 1288 1210 vixi?
1333 1177 1431 1208 Immo
1445 1175 1496 1215 qui
1510 1173 1618 1204 absen-

176 1224 236 1252 tem
249 1221 382 1252 amicum
395 1222 509 1261 carpit,
518 1221 572 1262 qui
586 1232 654 1253 eum
668 1231 728 1252 non
744 1225 848 1252 tuetur
867 1221 904 1252 ab
920 1221 981 1252 alio
996 1222 1235 1262 reprehendente
1246 1231 1259 1258 ;
1281 1219 1334 1260 qui
1349 1219 1466 1258 gaudet
1479 1215 1618 1247 excitare

175 1261 291 1302 effusos
303 1264 468 1294 cachinnos
481 1264 647 1299 hominum,
661 1267 692 1294 et
713 1263 819 1294 haben·
833 1263 948 1300 dicux5
970 1263 1023 1304 qm·
1041 1262 1266 1304 spontefingitv
1279 1272 1347 1302 quoe
1361 1271 1422 1291 uon
1437 1259 1516 1290 vidit
1528 1268 1540 1294 ;
1563 1255 1617 1296 ‘1¹⁴i

177 1313 236 1334 non
249 1307 348 1344 potest
360 1305 452 1337 silere
467 1315 579 1336 arcana
591 1316 604 1342 ;
625 1305 678 1336 ille
698 1309 743 1336 est
767 1305 959 1345 perniciosus
970 1316 982 1342 ,·
1005 1305 1100 1336 istum
1115 1315 1198 1343 cave,
1212 1315 1229 1334 ο
1247 1304 1395 1334 Romame.
1438 1298 1617 1335 Porrnsre·

174 1349 303 1386 queueer
316 1347 449 1387 aspicias
463 1347 564 1378 tribus
585 1347 619 1378 in
632 1347 721 1379 lectis
736 1351 901 1386 quater-nos
921 1347 1052 1387 epulari,
1068 1355 1197 1386 quorum
1219 1355 1297 1376 unus
1313 1353 1416 1375 omnes
1435 1342 1521 1382 cupit
1543 1349 1616 1380 pro·

818 1459 964 1492 NOTAE

171 1544 227 1568 nt.
242 1537 296 1567 ss.
341 1539 351 1554 ‘
369 1536 413 1568 Et
431 1537 536 1568 stanti
552 1536 650 1577 legis,
663 1541 698 1568 et
714 1536 797 1577 legis
813 1545 865 1567 se-

171 1585 278 1617 denti.
299 1584 340 1616 In
356 1585 504 1617 thermas
514 1586 622 1627 fugio,
635 1596 732 1618 sonas
748 1586 789 1617 ad
808 1595 866 1616 au·

170 1633 264 1666 rem!

212 1687 254 1716 78
276 1684 406 1716 Loedere
418 1686 549 1727 gaudes,
564 1685 636 1726 εμπ]
659 1685 737 1717 Jam
755 1683 867 1715 Poeta

171 1733 299 1767 refellit
335 1744 406 1770 eos,
436 1745 456 1766 a
482 1736 603 1776 quibus
630 1735 866 1766 incessebatur

171 1784 264 1816 velut
277 1783 376 1816 dicax
392 1788 428 1815 et
442 1785 664 1826 sycophanta.

211 1835 255 1865 79
277 1833 390 1865 Studio
404 1834 538 1876 pravus]
562 1834 674 1865 Prave
702 1831 864 1864 affectans

170 1884 244 1916 aliis
259 1884 466 1923 obtrectare,
491 1889 527 1916 et
550 1884 736 1926 quemlibet
759 1892 864 1914 scom-

172 1935 316 1967 mutibus
331 1945 370 1966 ac
385 1935 538 1967 dicteriis
555 1935 785 1976 proscindere.

219 1985 309 2016 Unde
319 1985 464 2025 petitum,
477 1985 546 2025 ξω]
569 1985 670 2017 Unde
694 1984 798 2015 habes
817 1983 865 2014 ita

172 2042 226 2064 me
247 2043 356 2074 prave
380 2033 562 2066 affectum?
598 2034 651 2065 An
674 2034 738 2064 hoc
769 2042 864 2064 acce-

175 2082 255 2120 pisti
271 2082 313 2113 ab
335 2082 446 2124 aliquo
466 2093 616 2122 meorum
640 2082 866 2114 contuberna-

172 2132 253 2162 lium
265 2131 277 2162 ?

216 2182 258 2212 82
289 2180 353 2216 Qui
380 2189 441 2211 non
468 2178 622 2218 defendit]
653 2178 758 2219 Atqui
789 2177 866 2209 Vir-

173 2228 289 2270 gilium
307 2229 472 2260 Horatius
493 2228 649 2260 defendit
671 2238 774 2269 supra
793 2229 865 2261 Sat.

173 2286 230 2310 ιιι.

212 2329 254 2359 86
279 2327 384 2367 Niger
396 2326 457 2367 eu]
481 2326 591 2358 Homo
606 2326 784 2368 pestilens,
798 2337 866 2358 ma·

170 2376 235 2418 lus,
242 2376 468 2417 perniciosus:
489 2381 610 2408 contra
622 2381 674 2408 est
687 2377 864 2418 candidus,

171 2425 288 2466 ⁸¹b⁰⁸3
309 2430 348 2457 ut
361 2425 441 2458 tlibi
457 2425 565 2458 fusius
580 2426 722 2464 dietum,

213 2479 256 2508 8⁶
278 2476 371 2517 Soepe
395 2476 496 2507 tribus
519 2476 620 2515 lectis,
645 2475 715 2516 Esou]
741 2476 865 2507 Sensus

173 2530 211 2557 et
223 2535 347 2566 neonus
362 2525 497 2558 Horatii
520 2526 586 2557 iste
606 2532 677 2557 est:
704 2525 866 2558 Quotidie

175 2573 337 2612 videmus,
349 2574 472 2616 inquit.
486 2576 710 2617 lepidejocos
723 2580 759 2606 et
779 2575 866 2605 sales

171 2623 296 2663 jactui
317 2633 340 2654 ι
359 2625 512 2665 quolibet
533 2625 567 2666 in
587 2624 794 2667 quemlibet3
816 2624 865 2654 id-

175 2679 242 2712 que
266 2679 331 2702 nou
358 2667 598 2714 improbamus.
642 2674 758 2707 Quare
784 2682 865 2713 ergo

177 2719 257 2750 milii
271 2723 411 2751 creatur,
426 2721 564 2763 invidia,
578 2723 669 2765 qnod
691 2723 866 2755 nonnullos

178 2768 292 2802 facete
306 2770 536 2810 reprehendo?
589 2781 598 2790 ¹
694 2773 715 2790 ⁸

963 1534 1078 1566 Tribus
1091 1534 1178 1566 lectis
1190 1532 1296 1564 videas
1308 1540 1427 1564 eoenare
1437 1528 1618 1571 quaternos]

917 1585 1053 1616 Primus
1065 1585 1140 1615 olim
1154 1583 1219 1614 fuit
1230 1593 1300 1613 mos
1315 1581 1454 1612 sedendi
1467 1579 1509 1610 ad
1527 1589 1620 1610 men·

920 1644 1000 1666 sam.
1027 1634 1168 1664 Homer.
1194 1632 1320 1671 Odyss.
1337 1635 1375 1662 Κ.
1395 1630 1493 1667 ἤμεθα
1515 1627 1616 1659 δαινύ-

917 1695 1015 1723 μενοι,
1038 1683 1172 1714 sedimus
1196 1682 1366 1721 epulantes.
1404 1677 1526 1719 virgil.
1543 1677 1616 1708 AEn.

920 1743 986 1765 vu.
1000 1735 1074 1764 176.
1089 1734 1098 1749 ‘
1113 1731 1203 1763 soliti
1217 1737 1329 1771 patres
1337 1728 1514 1761 considere
1528 1736 1619 1758 men-

920 1782 991 1814 sis.y
1021 1783 1161 1820 Postea,
1184 1780 1350 1820 gliscente
1371 1778 1526 1816 mollitie,
1551 1777 1618 1806 dis-

919 1832 1110 1863 cubuerunt
1138 1830 1170 1861 iu
1195 1829 1314 1867 lectis;
1342 1828 1398 1868 qui
1428 1831 1498 1858 tres
1520 1828 1619 1856 erant

919 1880 1010 1911 circa
1025 1888 1174 1910 mensam
1201 1876 1375 1917 dispositi:
1402 1874 1491 1906 uude
1514 1873 1618 1905 tricli-

919 1929 1010 1959 nium
1025 1928 1246 1968 appellatum.
1283 1925 1324 1955 In
1348 1925 1488 1963 singulis
1504 1928 1617 1954 autem

918 1978 1070 2010 couvivae
1105 1976 1195 2007 terni
1235 1980 1294 2006 aut
1330 1974 1501 2015 quaterni,
1536 1982 1619 2003 non-

918 2037 1089 2069 nunquam
1101 2032 1137 2058 et
1152 2025 1267 2067 quini;
1290 2024 1381 2066 quod
1397 2024 1619 2055 sordidulum.
1660 2056 1663 2059 ,

919 2078 1041 2109 Cicero
1053 2077 1162 2116 testis,
1171 2076 1205 2107 iu
1217 2076 1288 2107 Pis.
1303 2076 1313 2092 ‘
1326 2074 1419 2106 Nihil
1430 2073 1519 2114 apud
1530 2074 1618 2104 hune

919 2127 1057 2167 lautum,
1068 2127 1149 2158 nihil
1164 2126 1302 2166 elegans
1319 2147 1327 2156 .
1345 2149 1353 2157 .
1368 2145 1378 2155 .
1393 2124 1507 2156 Graeci
1524 2123 1616 2165 quini

919 2176 1036 2216 stipati
1052 2176 1087 2207 in
1100 2176 1250 2215 lectulis,
1263 2185 1356 2219 saepe
1372 2174 1509 2215 plures:
1536 2175 1618 2205 Por-

919 2235 956 2256 ro
971 2226 1056 2258 situs
1071 2226 1125 2258 hic
1142 2229 1217 2257 erat
1241 2225 1542 2257 discumbentium:
1569 2225 1618 2254 in-

918 2273 994 2307 fera
1014 2285 1091 2316 pars
1115 2275 1266 2315 corporis
1281 2275 1424 2316 jacebat
1449 2278 1617 2315 porrecta,

920 2330 978 2356 aut
989 2323 1241 2356 leviteriuflexa
1255 2335 1264 2357 ε
1286 2324 1439 2364 superim-
1453 2323 1620 2355 reclinata

920 2378 956 2406 et
985 2375 1102 2406 cubito
1131 2374 1267 2406 innixa:
1301 2374 1438 2404 dorsum
1472 2371 1619 2412 pulvillis

919 2422 1103 2463 suffultum,
1118 2425 1234 2465 capite
1250 2424 1380 2455 modice
1396 2426 1524 2452 erecto.
1570 2419 1618 2450 At

919 2474 977 2515 qui
1005 2473 1110 2505 fiebat
1132 2479 1170 2505 ut
1196 2483 1312 2504 omnes
1336 2480 1433 2512 aequa
1461 2474 1556 2510 parte
1573 2468 1615 2500 ad

920 2533 1068 2554 mensam
1098 2521 1355 2562 pertingerent?
1392 2519 1526 2550 Primus
1558 2517 1617 2549 de-

920 2571 1103 2602 cnmbebat
1132 2570 1175 2601 ad
1205 2574 1311 2609 eaput
1340 2568 1434 2604 lecti,
1471 2566 1616 2608 pedibus

920 2621 1055 2662 quidem
1073 2629 1160 2660 pone
1174 2619 1309 2650 dorsum
1328 2618 1466 2650 secundi
1481 2627 1616 2658 porrec-

922 2671 984 2702 tis:
1023 2669 1192 2700 secundus
1224 2667 1424 2699 obvertebat
1456 2667 1617 2708 syuciput

921 2720 963 2752 ad
987 2719 1182 2750 umbilicum
1204 2717 1314 2758 primi,
1335 2716 1519 2756 interjecto
1541 2716 1617 2757 pul-

923 2771 1021 2810 vino3
1043 2770 1117 2810 ejus
1143 2773 1255 2800 autem
1280 2767 1385 2809 pedes
1407 2767 1449 2798 ad
1482 2771 1615 2807 tergum
