1890 3256
276 262 361 303 984

740 278 784 314 Q.
815 273 1020 306 HORATH
1055 271 1227 303 FLAGCI

276 364 471 406 Tractari
491 378 576 406 non
597 366 712 406 vult:
742 367 786 405 in
807 377 950 404 amore
968 364 1064 404 haec
1084 370 1185 405 sunt
1203 365 1317 406 mala
1334 378 1345 416 ;
1374 342 1553 416 bellum,

276 429 378 471 Pax
396 442 585 481 rursum3
615 431 707 470 haec
727 429 765 469 si
786 429 884 480 quis
905 430 1175 481 tempestatis
1197 443 1332 484 prope
1349 433 1433 473 ritu

278 494 478 544 Mobilia,
499 500 543 535 et
563 507 681 535 caeca
700 494 915 534 fluitantia
935 498 1063 544 sorte,
1083 495 1245 536 laboret

276 555 474 601 Reddere
494 564 612 600 certa
633 558 733 607 sibi,
754 558 888 599 nihilo
909 559 1009 611 plus
1029 560 1234 612 explicet,
1249 573 1300 602 ac
1321 562 1359 602 si

1610 561 1694 602 270

276 626 468 666 Insanire
489 629 611 677 paret
632 629 753 665 certa
771 625 935 665 ratione
956 625 1192 678 modoque.

278 690 431 740 Quid?
462 702 562 730 cum
582 689 759 730 Picenis
781 702 1020 744 excerpens
1040 692 1207 733 semina
1222 693 1361 745 pomis

277 755 470 804 Gaudes,
492 755 530 795 si
551 767 767 796 cameram
787 757 982 808 percusti
1002 757 1129 806 forte,
1141 770 1284 810 penes
1303 761 1345 798 te
1365 758 1442 798 es't

278 819 395 869 Quid
409 821 428 860 ‘t
459 833 553 861 cum
574 821 705 861 balba
722 820 826 861 seris
846 833 1011 861 annoso
1032 822 1164 862 verba
1183 820 1350 874 palato,

275 885 539 927 AEdificante
561 899 689 927 casas
708 887 782 939 qui
802 886 978 928 sanior?
1035 886 1163 928 Adde
1184 899 1379 928 cruorem

1610 882 1695 928 275

276 951 494 1003 Stultitiae,
514 955 642 1005 atque
661 952 797 1004 ignem
818 951 961 1003 gladio
981 957 1202 993 scrutare:
1232 951 1374 1001 modo,
1389 951 1582 1005 inquam,

276 1076 357 1108 haud
379 1078 499 1117 geritur
518 1078 672 1116 negotium
696 1075 783 1108 niodo
807 1081 838 1107 et
856 1076 975 1107 ratione
999 1085 1114 1106 carens.
1158 1077 1197 1107 In
1211 1087 1311 1107 amore
1326 1077 1387 1107 hoec
1402 1080 1474 1107 sunt
1488 1076 1673 1107 incommoda
1684 1085 1697 1111 ,-

276 1119 396 1158 bellum,
410 1130 446 1150 ac
458 1120 566 1150 deinde
580 1129 653 1159 pax.
697 1118 764 1149 Ista
778 1118 806 1148 si
818 1118 970 1157 quispiam
974 1117 1072 1158 firma
1082 1118 1207 1148 reddere
1219 1119 1350 1157 nitatur,
1364 1128 1431 1157 quoe
1445 1117 1634 1157 tempestatis
1647 1117 1696 1147 in-

276 1163 342 1190 star
356 1161 474 1192 incerta
487 1165 569 1200 sunt,
583 1165 672 1200 atque
693 1169 770 1190 eoeco
785 1160 898 1198 impetu
920 1163 1091 1198 nwventur,
1113 1159 1141 1189 is
1155 1169 1214 1190 non
1227 1160 1328 1198 magis
1338 1159 1492 1201 proficiat,
1505 1168 1593 1198 quam
1605 1157 1634 1188 si
1648 1167 1699 1188 ve-

275 1201 313 1231 lit
324 1202 459 1242 desipere
478 1206 563 1233 certa
583 1202 702 1232 ratione
722 1204 752 1232 et
771 1202 867 1231 modo.
911 1199 1056 1240 Ecquid?
1077 1210 1144 1231 cum
1157 1200 1281 1232 Picenis
1298 1201 1396 1241 pomis
1408 1200 1522 1231 semina
1536 1198 1699 1230 detrahens

275 1243 402 1278 lentam,
415 1244 442 1274 si
463 1254 534 1274 casu
549 1244 652 1282 ferias
678 1245 790 1274 tectum
807 1250 986 1279 convexum,
1007 1251 1048 1272 an
1062 1243 1110 1272 tui
1125 1251 1156 1272 es
1177 1246 1312 1282 compos?
1356 1242 1458 1277 Quid?
1478 1242 1596 1282 quando
1609 1239 1700 1272 senili

271 1285 376 1321 palato
390 1285 556 1316 molliculas
569 1294 653 1316 voces
662 1284 776 1325 fingis,
789 1293 861 1314 num
880 1283 1047 1322 sapientior
1068 1292 1100 1314 es
1119 1292 1213 1323 puero
1224 1284 1417 1314 domunculas
1432 1286 1629 1314 exstruente?
1641 1282 1696 1312 ad-

267 1324 367 1364 junge
380 1327 558 1366 sanguinem
581 1326 742 1358 dementia:
757 1336 770 1362 ;
790 1327 820 1356 et
834 1324 995 1365 flammam
1017 1333 1088 1355 ense
1109 1325 1234 1356 rimare.
1279 1325 1342 1356 Dic
1363 1334 1443 1360 vero.
1464 1325 1588 1356 Marius
1604 1331 1698 1363 nuper

887 1407 1003 1420 ooooo

1006 1406 1103 1421 00000

277 1473 381 1502 —266
404 1471 482 1503 Vet.
497 1472 614 1503 Comb.
627 1475 662 1503 et
677 1472 720 1504 al.
736 1476 802 1503 vet.
815 1482 868 1503 nec
881 1472 1160 1504 consitium—270
1183 1472 1322 1502 Reddere
1342 1475 1425 1502 certa
1445 1470 1504 1502 sibi
1527 1459 1698 1502 Tor-rentii

277 1511 372 1560 codd.
387 1513 608 1552 distinguunt,
622 1523 696 1544 cum
713 1514 768 1544 alii
783 1514 908 1554 legant,
925 1514 1064 1545 Reddere
1077 1517 1172 1552 certa,
1185 1513 1359 1544 siba—274
1382 1514 1391 1530 ‘
1401 1512 1524 1552 Reperi
1539 1512 1698 1560 scriptum

267 1554 352 1590 sens
366 1555 399 1585 in
414 1555 561 1595 quinque
585 1554 686 1587 codd.
710 1559 793 1587 vett.
817 1565 883 1586 uno
906 1556 985 1587 Vat.
1006 1555 1165 1587 Jannoet.
1184 1555 1284 1586 Torn.
1301 1554 1489 1594 clericam,
1505 1553 1698 1585 Nicotiano.

916 1636 1060 1668 NOTAE

320 1701 383 1730 2⁷2
407 1699 492 1734 Quid
500 1701 512 1730 t
533 1708 601 1730 cum
617 1698 756 1738 Picenis,
779 1697 847 1739 ξω]
869 1697 964 1729 Alias

278 1747 458 1778 amantium
474 1748 617 1788 ineptias
639 1746 772 1779 confert
785 1757 860 1778 cum
884 1756 965 1787 pue·

278 1807 389 1828 rorum
403 1797 510 1837 nugis.
534 1797 698 1829 Nimirum
711 1796 864 1828 solebant
877 1805 966 1827 ama-

280 1852 371 1877 tores
387 1847 476 1886 pomi
492 1846 620 1877 semina
643 1856 701 1877 seu
717 1855 820 1886 grana
841 1845 965 1885 primo-

278 1895 368 1926 ribus
385 1894 497 1935 digitis
515 1903 666 1934 pressare
682 1898 717 1925 et
731 1894 764 1924 in
780 1895 882 1925 altum
897 1894 963 1934 eja-

278 1943 404 1982 culari;
428 1953 502 1983 quae
519 1943 546 1973 si
558 1952 724 1974 cameram
741 1942 811 1973 sive
826 1942 964 1973 lacunar

282 1990 419 2023 triclinii
435 1990 670 2031 contigissent,
694 1991 786 2021 velut
801 1989 882 2020 felix
907 1999 964 2021 au-

280 2040 407 2081 gurium
424 2039 653 2080 accipiebant;
674 2047 778 2080 seque
803 2047 871 2069 rem
887 2047 966 2069 con-

278 2089 426 2130 cupitam
439 2088 620 2129 sperabant
629 2091 850 2119 assecuturos.
877 2086 965 2118 Vide

278 2138 347 2171 Jul.
363 2138 450 2169 Poll.
469 2147 520 2169 ix.
534 2140 566 2169 7.

320 2187 464 2227 Picenis]
499 2185 644 2227 Synecd.
671 2195 732 2227 pro
761 2185 964 2227 quibuslibet

279 2236 375 2268 malis
400 2245 440 2268 ac
468 2236 590 2276 pomis:
628 2235 852 2266 laudabantur
884 2243 963 2265 vero

277 2285 336 2316 illa
353 2295 427 2327 quae
444 2284 686 2324 proveniebant
707 2284 739 2315 in
752 2284 880 2315 Piceno
894 2283 963 2315 Ita-

277 2335 333 2365 11ae
348 2334 498 2374 regione,
511 2343 586 2374 quae
611 2333 718 2364 modo
725 2332 963 2373 complectitur

277 2383 462 2414 Marchiam
491 2381 734 2414 Anconitanam
767 2386 805 2413 et
832 2385 962 2422 partem

277 2430 426 2471 Aprutii.

319 2483 382 2512 273
407 2480 544 2519 Gaudes,
569 2479 598 2510 si
621 2488 782 2520 cameram,
809 2477 878 2519 ξω]
903 2477 962 2509 In-

279 2534 359 2570 epte
375 2534 411 2561 et
433 2528 609 2570 pueriliter
629 2529 758 2559 exultas
774 2528 842 2559 leni
858 2536 898 2558 ac
914 2525 966 2558 fu-

279 2579 328 2609 tili
341 2578 383 2609 de
397 2587 500 2610 causa
512 2587 520 2608 ε
534 2586 576 2607 an
591 2586 672 2616 ergo
685 2575 790 2616 sapis?

321 2628 384 2657 274
409 2626 485 2656 Cum
499 2625 598 2664 balba,
610 2624 692 2665 ᾅτ.].
704 2624 787 2656 Cum
809 2627 845 2655 tu
861 2632 963 2655 senex

278 2674 481 2706 molliuscule
501 2673 604 2704 verba
625 2672 737 2714 effers,
759 2677 795 2704 et
810 2673 905 2714 pueri
919 2673 961 2704 ad

278 2726 385 2757 instar
408 2722 626 2756 balbutiendo
647 2723 859 2766 pronuntias,
871 2723 961 2757 blan·

1017 1697 1172 1729 ditiarnm
1186 1707 1297 1737 eausa,
1310 1697 1351 1728 ad
1363 1697 1562 1738 captandam
1579 1697 1700 1738 puellae

1018 1747 1296 1779 benevolentiam.
1317 1746 1430 1778 Tibul.
1455 1747 1465 1764 ‘
1479 1747 1524 1778 Et
1535 1746 1596 1778 tibi
1607 1746 1699 1778 blan-

1017 1795 1118 1828 ditias
1130 1797 1269 1827 tremula
1284 1804 1482 1835 componere
1492 1794 1598 1826 voce!
1619 1795 1701 1830 Per-

1017 1844 1084 1874 sius
1120 1844 1228 1875 simile
1260 1843 1337 1884 quid
1365 1843 1467 1874 habet
1494 1843 1568 1881 Sat.
1592 1853 1618 1875 1.
1647 1847 1700 1877 33.

1012 1891 1022 1910 ‘
1041 1891 1262 1922 Rancidulum
1279 1891 1435 1931 quiddam
1450 1891 1548 1923 balba
1560 1892 1603 1924 de
1618 1902 1700 1925 nare

1016 1941 1159 1981 locutus,
1168 1940 1354 1981 Phyllidas,
1364 1941 1701 1981 Hypsipylas,vatum

1016 1995 1051 2021 et
1071 1990 1234 2030 plorabile
1259 1990 1287 2020 si
1309 1990 1403 2031 quid,
1427 1990 1572 2030 Eliquat,
1593 1995 1627 2022 et
1650 1997 1699 2023 te-

1016 2048 1097 2070 nero
1113 2039 1310 2079 supplantat
1324 2038 1427 2070 verba
1443 2039 1580 2079 palato!

1058 2091 1119 2120 275
1143 2088 1231 2120 Adde
1241 2097 1377 2119 cruorem
1386 2087 1554 2129 Stultitia]
1575 2088 1702 2120 Verum

1018 2146 1110 2168 amor
1125 2147 1190 2168 non
1202 2141 1331 2168 tantum
1342 2136 1425 2169 facit
1436 2138 1583 2174 insanos,
1592 2138 1652 2170 sed
1665 2143 1702 2171 et

1017 2185 1206 2217 crudeliter
1233 2185 1394 2217 furiosos:
1427 2195 1502 2217 nam
1525 2186 1568 2217 ad
1591 2187 1702 2220 caedes

1017 2234 1121 2265 etiam
1150 2232 1393 2274 perpetrandas
1418 2233 1560 2274 impellit
1587 2239 1623 2265 et
1645 2243 1701 2266 co·

1014 2283 1075 2324 git.

1055 2333 1120 2362 276
1143 2330 1253 2369 Ignem
1276 2329 1381 2368 gladio
1401 2329 1554 2370 scrutare]
1576 2330 1702 2372 Pytha-

1015 2381 1164 2422 goricum
1187 2379 1277 2410 illum
1293 2377 1474 2419 symbolum
1494 2388 1533 2410 ac
1550 2389 1701 2422 praecep.

1016 2435 1085 2462 tum
1102 2433 1194 2460 erat:
1215 2427 1351 2467 ‘Ignem
1374 2426 1483 2466 gladio
1504 2437 1546 2459 ne
1569 2428 1704 2469 fodito;·

1016 2479 1050 2510 id
1067 2483 1139 2511 est:
1164 2475 1328 2515 Hominis,
1345 2476 1532 2516 praesertim
1548 2485 1627 2509 vero
1636 2478 1701 2520 'p0.

1017 2529 1131 2568 tentis,
1143 2527 1224 2558 iram
1247 2525 1319 2566 jam
1341 2525 1514 2556 ardentem
1537 2535 1580 2557 ne
1594 2529 1701 2568 magis

1018 2575 1165 2608 accende
1189 2578 1224 2605 et
1248 2583 1354 2604 move.
1385 2574 1482 2613 Diog.
1506 2574 1619 2607 Lae'rt.
1641 2577 1700 2609 lib.

1019 2634 1102 2657 vm.
1146 2623 1214 2654 Hic
1230 2622 1390 2653 Horatius
1412 2622 1530 2661 innuit,
1551 2632 1626 2656 eum
1641 2626 1700 2666 qui

1009 2674 1080 2715 jam
1096 2671 1188 2713 gravi
1209 2670 1419 2710 affectu‚ceu
1442 2680 1566 2712 amore,
1579 2673 1700 2715 abrep-

1015 2727 1081 2762 tus,
1097 2720 1160 2752 alio
1172 2718 1452 2762 insuperaffectu,
1466 2729 1529 2753 ceu
1539 2721 1601 2759 ira,
1611 2731 1701 2758 com·
