1930 3242
564 301 839 333 sentuosum
874 301 970 332 ms.
1005 301 1057 330 ιι.
1091 288 1133 330 3.
1481 286 1568 328 965

119 398 335 442 Incolumi
371 397 519 450 capite
554 408 604 437 es
621 397 640 436 ‘t
700 394 822 446 Quid
859 394 1008 436 enim‘l
1069 393 1226 447 Neque
1256 394 1307 434 tu
1335 390 1434 440 hoc,
1455 389 1567 432 facis

288 464 440 517 Argis,

117 532 217 574 Nec
236 532 348 573 ferro
366 534 414 572 ut
433 529 612 570 demens
633 528 883 581 genitricem
905 526 1073 569 occidis
1090 526 1291 569 Orestes.

115 599 189 641 An
207 602 253 639 tu
275 596 382 638 reris
399 607 499 636 eum
518 595 670 636 occisa
688 594 910 636 insanisse
930 596 1110 648 parente
1122 594 1142 634 'l

114 665 187 707 Ac
203 677 292 706 non
309 666 408 704 ante
429 661 557 702 malis
579 661 821 703 dementem
843 666 991 703 actum
1014 660 1177 711 Furiis,
1197 673 1330 714 quam

114 731 168 773 In
184 729 336 777 matris
349 728 505 782 jugulo
525 727 684 770 ferrum
706 728 912 781 tepefecit
931 731 1113 769 acutum
1125 727 1145 768 'l

115 792 234 848 Quin
253 808 312 837 ex
331 807 421 849 quo
443 799 514 837 est
534 795 710 836 habitus
731 787 846 835 male
868 797 973 835 tutae
992 793 1152 835 mentis
1174 793 1372 843 Orestes,

114 863 192 906 Nil
213 876 317 904 sane
337 862 440 904 fecit
461 861 583 916 quod
604 866 648 902 tu
666 861 926 915 reprendere
949 861 1125 915 possis:

112 929 218 971 Non
238 928 435 983 Pyladen
454 929 566 970 ferro
585 928 753 970 violare
773 940 964 969 aususve
987 940 1186 969 sororem

111 996 360 1047 Electram3
390 999 559 1038 tantum
582 995 804 1037 maledicit
822 995 1016 1049 utrique,
1035 994 1239 1036 vocando

1476 657 1568 716 7135

1483 994 1567 1035 140

113 1131 214 1161 mente
228 1139 303 1161 nna
315 1133 369 1162 es?
415 1131 483 1162 Nec
499 1133 534 1162 tu
548 1130 583 1161 id
603 1131 764 1170 perpetras
778 1128 892 1168 Argis,
907 1138 960 1159 uec
973 1129 1065 1168 ferro
1075 1139 1088 1166 ;
1110 1129 1191 1160 sicut
1211 1129 1339 1161 Orestes
1350 1128 1495 1168 furiosus
1516 1127 1568 1158 in-

111 1171 234 1203 termis
247 1176 416 1212 parentem.
454 1173 613 1212 Numquid
624 1175 719 1212 putas
732 1180 801 1202 eum
815 1172 848 1201 in
857 1171 1002 1208 furorem
1015 1175 1117 1203 actum
1130 1175 1199 1212 post
1214 1175 1343 1203 matrem
1357 1170 1567 1209 interfectam,
1598 1192 1602 1195 >

110 1221 166 1243 nec
181 1213 292 1244 Furiis
302 1217 404 1246 mente
418 1214 571 1253 dejectum
580 1215 763 1254 priusquam
776 1216 899 1244 acutam
914 1214 1044 1244 securim
1059 1214 1231 1252 calefecerit
1247 1214 1280 1244 in
1291 1213 1441 1251 saucibus
1453 1222 1565 1253 paren-

109 1253 178 1286 tis?
199 1256 291 1287 imum
305 1266 346 1287 ex
360 1266 419 1296 quo
442 1260 576 1296 tempore
593 1257 719 1287 Orestes
734 1256 852 1286 dicitur
865 1255 1046 1294 insaniisse,
1061 1260 1143 1287 certe
1165 1256 1248 1286 nihil
1269 1256 1420 1287 commisit
1435 1255 1515 1296 quod
1531 1257 1566 1284 tu

110 1297 258 1331 damnare
272 1308 374 1339 queas.
422 1299 492 1330 Nec
506 1299 658 1340 Pyladem
671 1307 727 1329 nec
754 1306 890 1328 sororem
906 1298 1064 1329 Electram
1084 1298 1192 1338 gladio
1209 1298 1304 1339 petiit
1313 1292 1330 1330 :⁴
1344 1297 1447 1330 ambos
1468 1298 1565 1328 dicte-

715 1391 953 1404 eeumuue

107 1460 205 1496 pont.
223 1455 368 1487 Wetzel.
387 1455 524 1487 Wakef.
548 1460 583 1487 et
600 1455 816 1487 Kidd.—132
836 1457 846 1474 ‘
866 1457 934 1487 Pro
963 1456 1050 1492 Quid
1073 1455 1178 1487 enim?
1222 1455 1332 1496 Neque
1361 1455 1455 1497 (quae
1485 1464 1563 1486 vera

105 1503 180 1529 erat
195 1497 386 1539 scriptura)
409 1498 588 1529 Bentleius
603 1508 646 1529 ex
659 1499 860 1540 quibusdam
877 1498 1004 1530 chartis
1021 1499 1174 1538 reposuit
1192 1498 1332 1535 Quidni?
1351 1507 1447 1538 neque
1466 1498 1563 1535 enim,

105 1540 187 1573 ‘satis
203 1540 314 1573 alieno
330 1540 534 1572 intellectu:
546 1541 647 1572 Baxc.
691 1541 766 1581 quid
780 1541 814 1572 πί
828 1547 974 1583 quatuor
990 1540 1092 1572 codd.
1111 1541 1414 1572 Prummu—133
1431 1540 1440 1556 ‘
1455 1540 1562 1571 Bent-

102 1582 189 1614 leins
204 1583 408 1615 auctoritate
423 1583 520 1614 unius
538 1583 628 1614 Libri
643 1583 796 1623 reposuit
811 1583 925 1615 occidis
940 1584 1068 1614 Orestes
1085 1593 1147 1622 pro
1163 1583 1287 1622 occidit,
1302 1582 1391 1623 quod
1411 1582 1466 1612 vix
1482 1591 1562 1623 pro-

103 1624 269 1657 baverim.
313 1625 404 1658 Quid
421 1626 510 1667 quod
531 1626 658 1656 Orestes
683 1635 747 1656 non
772 1626 816 1657 sit
838 1627 1025 1657 Vocativus
1039 1625 1063 1656 ?’
1087 1625 1190 1656 Baxt.
1234 1625 1457 1661 occidisExc.
1478 1625 1561 1655 Sax.

104 1666 174 1698 duo
189 1667 290 1699 codd.
307 1667 502 1708 Pulmanni,
515 1677 599 1698 unus
611 1668 826 1705 Bersmanni,
838 1668 988 1699 Bentleii
1002 1667 1139 1708 Regius,
1161 1667 1312 1707 Magdal.
1330 1667 1507 1698 Lambeth.
1525 1671 1562 1697 et

106 1718 126 1740 a
139 1719 184 1740 m.
201 1719 252 1750 pr.
270 1710 391 1750 Regin.
409 1710 490 1741 item
510 1709 606 1740 Harl.
622 1713 653 1741 2.
672 1715 707 1741 et
721 1710 798 1741 edd.
816 1710 920 1741 Gesn.
943 1709 1068 1740 sanad.
1086 1710 1239 1747 Francis,
1255 1708 1436 1745 Heindorf,
1454 1709 1561 1739 Zeuu.

104 1751 246 1791 Bipout.
261 1752 403 1784 Wetzel.
420 1751 557 1784 Wakef.
575 1752 693 1783 Comb.
711 1758 746 1784 et
762 1752 867 1784 Kidd.
883 1753 995 1783 occidit
1012 1752 1108 1783 Harl.
1125 1755 1156 1783 3.
1172 1755 1203 1783 4.
1219 1755 1250 1783 6.
1264 1756 1300 1783 et
1314 1751 1392 1781 edd.
1409 1751 1561 1790 antiq.—

106 1795 166 1825 186
190 1795 201 1812 ‘
217 1794 287 1825 Pro
301 1795 391 1826 malis
406 1795 496 1834 apud
515 1794 678 1826 Veterem
694 1794 924 1836 Interpretem
943 1795 1094 1826 occurrit
1109 1795 1220 1834 magis,
1241 1793 1329 1835 quod
1353 1794 1460 1833 magis
1481 1802 1561 1823 eon·

101 1836 254 1874 cinnum,
268 1837 334 1868 etsi
349 1838 459 1868 altera
479 1836 652 1876 scriptura
678 1837 786 1877 possit
807 1837 914 1868 ferri!
935 1837 1036 1868 Baxt.
1079 1837 1170 1867 malis
1186 1836 1345 1867 exhibent
1363 1835 1460 1866 Harl.
1476 1837 1509 1866 2.
1526 1838 1558 1866 3.

100 1880 134 1910 4.
148 1880 180 1910 6.
203 1878 295 1910 Han.
312 1881 341 1910 1.
357 1879 454 1911 Gott.
470 1879 589 1910 Zarot.
605 1879 746 1910 Venett.
762 1878 907 1911 Mediol.
923 1878 1004 1910 Ald.
1019 1881 1190 1910 scm—137
1210 1878 1294 1914 Quin
1308 1887 1348 1908 ex
1362 1887 1419 1918 quo
1434 1877 1559 1908 habitus

105 1919 206 1952 Harl.
222 1923 254 1952 2.
270 1923 303 1952 3.
318 1923 351 1953 4.
364 1923 398 1952 6.
421 1926 458 1953 et
477 1921 578 1952 Baxt.
606 1923 730 1952 omisso
755 1924 813 1952 est.
859 1922 1006 1961 Cuning.
1029 1924 1107 1952 tutoe
1132 1921 1332 1952 malm—139
1352 1920 1362 1937 ‘
1378 1919 1558 1950 Pulmanni

102 1962 191 1994 liber
204 1963 353 2003 optimus
366 1973 443 1995 cum
463 1963 576 2004 Regio
600 1963 732 1994 addunt
753 1966 819 1995 est.-
841 1973 971 1995 aususve
992 1972 1127 1994 sororem
1149 1966 1197 1994 est
1219 1963 1388 1994 Electram.
1437 1961 1559 1993 Recte.

105 2003 249 2037 [aibr-arii
275 2014 336 2047 pro
362 2015 457 2038 more
483 2015 544 2038 suo
569 2007 781 2044 omiserunt;
804 2007 884 2047 quia
912 2006 1124 2037 Hexameter
1149 2006 1239 2036 citra
1265 2005 1299 2035 id
1324 2005 1458 2046 integer
1482 2004 1559 2036 est.'

755 2104 898 2136 NOTAE

104 2182 170 2218 tur,
183 2187 305 2211 uxores
322 2178 487 2217 necabam
507 2178 564 2210 ille
578 2180 677 2210 matri
697 2178 798 2210 vitam

101 2228 280 2269 eripiebat,
294 2234 330 2260 ut
353 2229 588 2261 haereditatem
605 2229 728 2269 adiret,
745 2229 799 2261 vel

99 2288 144 2312 ne
159 2279 287 2312 diutius
304 2279 424 2313 aleret.

143 2330 206 2360 122
230 2329 340 2369 Neque
353 2331 390 2360 tu
408 2329 464 2360 hoc
476 2329 564 2367 sacis
577 2328 692 2369 Argis]
718 2329 749 2361 N
753 2338 797 2361 on

98 2377 134 2414 in
149 2378 233 2412 urbe
248 2379 386 2419 omen,
400 2379 460 2412 sed
476 2379 607 2413 uomae.

143 2431 204 2461 1³2
226 2429 297 2462 Neo
310 2428 420 2470 sem]
440 2428 509 2462 Sed
539 2438 683 2461 veneno.
717 2428 796 2461 Sar·

97 2487 231 2513 mmm
243 2490 254 2511 z
277 2479 337 2512 eit.
350 2479 424 2512 Sat.
439 2489 465 2512 ι.
480 2479 580 2521 hujus
595 2479 654 2511 lib.

144 2527 289 2568 onan]
317 2529 387 2563 Hic
402 2534 544 2563 matrem
570 2530 796 2570 Clytaemnes-

101 2581 189 2610 tm·
215 2578 361 2618 peremit
385 2580 515 2613 ulturus
547 2585 677 2621 patrem
707 2579 796 2620 Aga·

100 2634 312 2658 memnonem
328 2627 370 2658 ab
385 2637 425 2659 eu
439 2629 669 2662 interfectum.
707 2629 797 2663 Vide

99 2674 258 2715 Sophocl.
274 2700 277 2702 .
293 2676 477 2718 Electrum,
506 2679 661 2721 Euripid.
690 2680 795 2713 Ores-

102 2730 173 2764 ten,
185 2725 309 2757 seu-c.
322 2724 623 2766 Agamemnonem.

102 2794 107 2797 -
145 2776 204 2806 13⁵
227 2774 312 2806 Ante
334 2775 519 2819 clamentem]
546 2778 718 2812 Quocirca
745 2785 794 2822 tu,

98 2823 230 2860 Scaeva,
245 2823 369 2856 Ore-te
385 2826 526 2868 nequior
540 2832 576 2859 et
591 2829 751 2866 insanior·

894 2180 1009 2215 Actum
1029 2180 1150 2222 Furi-is]
1177 2180 1302 2220 Vir-gil.
1319 2179 1393 2211 AEn.
1410 2189 1460 2211 lv.
1476 2183 1554 2213 471.

853 2234 861 2247 ‘
874 2229 1160 2270 Agamemnonius
1171 2231 1282 2262 scenis
1293 2231 1442 2271 agitatus
1451 2232 1556 2263 Ores-

852 2284 919 2320 tes,
936 2280 1111 2314 Armatam
1127 2280 1259 2314 facibus
1275 2286 1417 2314 matrem
1434 2288 1468 2313 et
1484 2292 1554 2313 ser-

851 2330 1011 2372 pentibus
1026 2331 1110 2362 atris
1126 2332 1212 2364 Cum
1226 2330 1331 2372 fugit,
1345 2332 1554 2372 ultricesque

849 2382 971 2415 sedent
987 2382 1019 2414 in
1036 2383 1151 2415 limine
1164 2383 1284 2416 Dirae.'

893 2435 956 2465 139
978 2432 1139 2475 Pyladen]
1164 2432 1335 2465 Amicum.
1372 2432 1460 2464 Vide
1480 2432 1554 2464 Cic.

849 2482 892 2514 de
921 2483 1032 2515 Amic.
1061 2493 1095 2515 n.
1122 2485 1179 2515 24.
1233 2483 1343 2513 Porro
1373 2482 1552 2522 singularis

850 2533 1013 2565 Orestem
1040 2532 1132 2565 inter
1155 2537 1190 2563 et
1213 2530 1378 2571 Pyladem
1403 2531 1555 2563 amicitia

851 2582 954 2613 etiam
972 2580 1151 2622 proverbio
1165 2580 1359 2611 decantata.
1405 2581 1493 2612 Tull.
1509 2581 1552 2613 de

850 2630 962 2662 Finib.
979 2639 1020 2661 ιι.
1035 2639 1068 2660 ιι.
1085 2630 1139 2660 84.
1152 2631 1162 2646 ⁴
1184 2628 1333 2669 Pyladea
1350 2628 1526 2664 amicitia!

894 2682 956 2712 140
980 2678 1145 2711 Maledicie
1160 2679 1301 2719 utrique]
1326 2678 1438 2711 Aliter
1450 2681 1552 2720 paulo

850 2731 1043 2771 Euripides.
1086 2730 1154 2762 Sed
1173 2729 1289 2763 Poetis
1310 2731 1392 2762 lieet
1409 2731 1552 2772 adjunc-

850 2786 886 2812 ta
902 2782 949 2812 rei
963 2781 1158 2821 immutare,
1170 2784 1206 2811 et
1219 2780 1427 2812 comminisci
1439 2791 1524 2814 nova
1540 2792 1548 2820 ;

849 2836 888 2863 ut
900 2831 1034 2864 dicetur
1050 2831 1084 2863 in
1101 2831 1211 2872 Epist.
1225 2830 1266 2862 ad
1284 2830 1356 2863 Pis.
