1904 3256
373 290 456 330 750
821 301 881 336 Q.
913 296 1117 327 HORATll
1153 294 1324 324 FLAoci

595 391 791 434 Priscus
811 393 857 427 et
875 388 1072 438 neglecta
1091 386 1228 426 redire
1247 386 1402 427 Virtus

596 455 764 504 Audet3
795 455 1066 504 apparetque
1087 452 1216 492 beata
1236 452 1362 505 pleno

929 516 1069 570 Copia
1089 530 1235 558 cornu.

596 586 745 638 Augur
764 587 807 625 et
824 583 1012 636 fulgente
1033 583 1214 624 decorus
1235 595 1336 624 arcu

594 651 804 698 Phoebus,
824 655 1124 703 acceptusque
1143 662 1300 691 novem
1323 649 1558 699 Camoenis,

597 716 688 766 Qui
709 715 889 756 salutari
908 716 1022 756 levat
1040 719 1130 756 arte
1150 716 1292 756 fessos

891 791 894 794 ’
931 781 1141 834 Corporis
1163 787 1297 831 artae,

595 847 644 887 Si
665 847 892 888 Palatinas
912 848 1033 888 videt
1054 837 1206 901 &equus
1229 861 1357 899 aras;

1735 518 1795 558 60

1738 848 1794 888 65

372 980 493 1012 dubitat
504 991 514 1011 .-
534 983 566 1011 et
580 980 767 1012 abundantia
780 981 892 1019 referto
906 990 999 1011 cornu
1006 979 1092 1017 felix
1103 981 1250 1019 procedit.
1274 981 1383 1020 Apollo
1398 980 1554 1012 vaticiniis
1568 982 1599 1011 et
1612 988 1686 1010 arcu
1695 979 1795 1018 splen·

372 1023 444 1053 dido
457 1022 645 1062 conspicuus,
665 1032 827 1062 novemque
846 1023 946 1053 Musis
959 1022 1086 1062 amicus,
1101 1022 1152 1061 qui
1165 1025 1232 1053 arte
1253 1023 1369 1053 medica
1383 1023 1518 1053 sublevat
1530 1021 1716 1060 aegrotantia
1730 1029 1798 1050 cor-

369 1064 456 1103 poris
469 1064 613 1104 membra,
628 1064 656 1095 si
668 1065 786 1104 placide
799 1064 936 1095 intuetur
950 1073 1034 1094 arces
1048 1063 1223 1103 Palatinas,
1242 1064 1275 1094 in
1295 1065 1424 1095 lustrum
1444 1073 1567 1104 sequens
1587 1073 1624 1094 ac
1644 1063 1795 1094 meliorem

973 1154 1205 1167 eunemaeeo

374 1220 538 1260 cipimus!
550 1221 658 1252 Bentl.
680 1221 735 1252 Ita
749 1220 885 1252 edidere
896 1221 1019 1252 Sanad.
1031 1222 1179 1260 Towers,
1190 1220 1340 1259 Francis,
1351 1219 1492 1251 Wetzel.
1506 1219 1612 1250 Zeun.
1621 1217 1754 1253 Wakef.
1763 1222 1798 1249 et

374 1262 479 1293 Kidd.
494 1263 608 1294 Ceteri
621 1273 734 1294 omnes
749 1264 939 1294 hanon-65
955 1263 992 1294 Sa·
1005 1263 1169 1294 Palatinas
1177 1273 1207 1293 υ.
1217 1272 1254 1292 oe.
1270 1261 1457 1292 arcesHarl.
1469 1264 1499 1292 1.
1511 1264 1542 1292 2.
1552 1263 1584 1291 4.
1594 1263 1626 1291 6.
1641 1260 1710 1300 alii,
1721 1269 1796 1290 cum

375 1304 454 1335 edd.
472 1308 556 1336 vett.
579 1305 729 1335 omnibus
750 1309 786 1336 et
805 1305 963 1336 Torrent.
986 1305 1066 1335 item
1085 1305 1192 1335 Bond.
1209 1303 1330 1343 Delpli.
1347 1303 1468 1334 Sanad.
1485 1303 1635 1338 Towers,
1653 1301 1799 1341 Francis,

373 1345 488 1376 Bentl.
499 1346 915 1378 Mitscl1.Wetzel.Wakef.
926 1352 960 1377 et
971 1346 1073 1377 Kidd.
1095 1346 1225 1377 Praeter
1234 1345 1431 1376 veterrimos
1441 1344 1577 1393 Cruquii
1590 1343 1796 1384 Blandinios,

374 1392 410 1416 et
422 1387 560 1418 aliorum
574 1388 824 1427 aliqnot,etiam
834 1388 1048 1419 Colbertinus
1065 1392 1181 1418 noster
1196 1392 1230 1417 et
1243 1386 1547 1425 RegiaeSocietatis
1560 1385 1679 1422 codex,
1687 1389 1722 1415 et
1737 1393 1797 1423 pro

374 1428 467 1458 varia
481 1429 627 1459 lectione
643 1429 843 1459 Graevianns
858 1438 931 1459 cum
944 1429 1136 1458 Batteliano
1151 1437 1223 1458 aras
1237 1428 1373 1465 liabent,
1389 1436 1453 1458 non
1463 1436 1558 1458 arces.
1581 1426 1693 1465 Atque
1705 1426 1794 1456 illam

372 1468 551 1500 lectionem
566 1470 719 1509 agnoscit
733 1470 962 1510 Porphyrion:
986 1470 995 1487 ‘
1009 1469 1186 1510 Apparet‚⁷
1203 1469 1320 1509 inquit,
1343 1469 1432 1508 ‘jam
1448 1477 1489 1499 eo
1505 1472 1656 1508 tempore
1673 1467 1714 1498 ab
1729 1466 1794 1497 Au-

373 1515 470 1550 gusto
486 1510 677 1542 dedicatum
701 1511 804 1541 fnisse
827 1512 860 1542 in
883 1511 1014 1542 Palatio
1030 1511 1196 1551 Apollinis
1213 1511 1392 1550 ternplum:
1417 1513 1450 1540 et
1465 1519 1579 1540 sensus
1594 1512 1667 1540 est:
1693 1509 1726 1538 Si
1742 1518 1795 1539 ac-

373 1556 490 1592 ceptas
506 1562 579 1583 aras
595 1553 695 1583 habet
709 1552 843 1592 Apollo,
856 1562 929 1593 quae
947 1553 979 1582 in
990 1553 1123 1583 Palatio
1141 1552 1304 1583 dedicatae
1321 1552 1419 1582 sunt!
1452 1551 1574 1582 Cetera
1589 1550 1798 1590 exemplaria

373 1602 447 1623 cum
465 1594 584 1632 priscis
599 1594 802 1624 editionibus
824 1604 922 1632 arces,
941 1595 1006 1628 vel.
1021 1599 1058 1624 ut
1074 1593 1243 1624 Leidensis
1260 1598 1385 1630 noster,
1406 1592 1488 1622 arcis
1509 1592 1666 1622 retinent.
1709 1591 1796 1621 Sane

373 1644 445 1664 aras
459 1639 494 1664 et
507 1635 587 1665 arcis
602 1639 670 1665 tam
687 1635 812 1665 similes
828 1635 951 1665 habent
972 1635 1093 1666 ductus
1113 1635 1300 1674 literarum,
1316 1638 1354 1664 ut
1368 1634 1531 1668 librarios,
1547 1633 1647 1663 etiam
1665 1632 1798 1662 minime

373 1675 566 1715 lippientes,
590 1675 689 1706 facile
714 1676 872 1716 decipere
890 1681 1036 1716 possent.
1080 1676 1135 1706 Sic
1150 1677 1182 1706 in
1200 1675 1370 1706 Ciceronis
1387 1675 1484 1706 Orat.
1500 1684 1560 1714 pro
1575 1674 1683 1705 Balbo
1697 1683 1727 1704 c.
1746 1677 1796 1705 17.

374 1717 473 1748 Quod
489 1717 529 1748 ad
545 1717 658 1748 Flacci
675 1717 761 1747 hunc
777 1718 886 1748 locum
902 1718 1037 1757 attinet,
1060 1723 1204 1758 utraque
1221 1716 1352 1758 quidem
1375 1717 1476 1747 lectio
1499 1716 1606 1756 proba
1622 1720 1675 1746 est
1689 1720 1726 1746 et
1742 1720 1797 1745 ve-

374 1763 496 1796 nusta3
513 1763 551 1789 ut
566 1759 695 1789 nescias
711 1758 795 1798 fere,
810 1760 874 1790 utri
892 1760 1021 1799 priores
1038 1763 1151 1799 partes
1162 1760 1240 1799 jure
1256 1759 1326 1789 sint
1338 1758 1555 1789 deferendae.·
1569 1758 1693 1788 Verum
1708 1757 1796 1788 enim
1826 1788 1829 1791 ,

375 1805 439 1838 est,
455 1801 489 1830 in
504 1801 636 1831 Palatio
653 1802 812 1840 templum
830 1802 976 1840 Apollini
993 1801 1164 1832 conditum
1181 1809 1266 1839 esse,
1282 1800 1368 1831 unde
1385 1800 1512 1831 Noster
1526 1808 1551 1830 ¹.
1573 1799 1680 1839 Epist.
1693 1801 1724 1829 3.
1742 1800 1796 1829 17.

375 1841 535 1881 Propert.
553 1851 604 1873 ιν.
621 1845 652 1872 6.
670 1845 719 1872 11.
763 1842 865 1872 Ovid.
894 1843 980 1873 Met.
998 1852 1058 1873 xv.
1073 1845 1146 1874 864.
1174 1846 1208 1872 et
1233 1842 1288 1872 alii
1315 1842 1516 1881 complures.
1559 1841 1667 1871 Recte
1692 1840 1796 1880 igitur

373 1882 474 1914 habet
489 1883 653 1913 Palatinas
674 1892 755 1913 aras.
798 1883 915 1914 Lectio
941 1888 1052 1914 tamen
1074 1885 1180 1914 altera
1200 1884 1312 1914 nescio
1334 1883 1499 1923 quomodo
1520 1883 1626 1921 magis
1647 1881 1796 1918 arridet3

1017 1966 1156 1997 NOTAE

416 2031 457 2058 58
491 2028 638 2067 Neglecta
666 2028 767 2059 redire
803 2028 911 2059 Virtus
945 2029 1060 2068 Audet,

375 2078 445 2118 sm]
478 2077 565 2108 Sunt
591 2077 678 2107 enim
703 2077 852 2117 quaedam
887 2078 1061 2117 ‘tempora

375 2127 493 2157 virtuti
516 2125 673 2165 inimica‚’
696 2131 740 2156 ut*
756 2127 802 2157 ait
826 2127 894 2158 Cic.
917 2127 949 2157 in
963 2127 1060 2158 Orat.

375 2176 425 2206 Eo
441 2175 588 2215 pertinet
603 2175 705 2205 etiam
723 2175 811 2215 quod
837 2175 952 2207 Poe'tae
978 2176 1060 2207 scri-

375 2225 472 2264 bunt,
487 2224 770 2255 invalescentibus
789 2225 877 2255 vitiis
894 2225 1059 2257 Astraeam

374 2278 483 2306 terras
503 2272 688 2314 reliquisse,
700 2277 735 2303 et
750 2273 782 2303 in
798 2274 915 2305 coelum
932 2276 1059 2306 evolas-

377 2332 424 2353 se.
468 2322 516 2353 At
535 2331 609 2353 cum
627 2323 667 2352 ad
685 2323 852 2353 meliorem
870 2334 905 2354 se
929 2323 1058 2364 frugem

374 2372 524 2402 homines
541 2371 720 2411 recipiunt,
732 2377 799 2402 tum
813 2373 935 2403 dicitur
950 2373 1059 2404 redire

376 2421 510 2459 Virtus,
532 2424 635 2460 atque
660 2429 770 2451 rerum
797 2421 984 2451 ubertatem
1004 2421 1061 2451 bo-

377 2478 560 2510 norumque
583 2468 726 2499 omnium
743 2469 874 2509 copiam
885 2478 994 2500 secum
1011 2479 1059 2499 re-

375 2519 478 2550 ferre.
521 2518 623 2550 Ovid.
655 2518 741 2549 Met.
770 2528 795 2549 1.
826 2521 896 2550 129.
925 2518 1060 2559 ‘fugere

378 2568 509 2608 Pudor,
537 2568 742 2608 Verumque,
778 2567 966 2610 Fidesque‚'
999 2570 1063 2599 &c.

380 2617 478 2648 Quod
496 2627 514 2647 e
535 2616 731 2656 Theognide
754 2627 948 2657 expressum
976 2617 1064 2648 vide-

379 2670 445 2696 tur.
461 2667 562 2705 ᾤχετο
577 2664 633 2704 μὲν
646 2666 761 2707 πίστις,
773 2667 849 2697 abiit
854 2666 949 2707 fides.

421 2717 459 2751 61
484 2715 610 2755 Augur]
635 2715 852 2746 Vaticinandi
868 2714 1062 2746 facultatem

383 2772 402 2795 a
415 2762 501 2797 Jove
518 2763 638 2804 Apollo
653 2764 797 2807 accepit.

1155 2029 1307 2068 Fulgente
1322 2031 1446 2060 decorus
1459 2028 1546 2068 arcu]
1568 2025 1797 2067 Ἀργυρότοξος,

1113 2077 1201 2117 apud
1221 2078 1357 2108 Homer.
1371 2077 1487 2117 virgil.
1503 2077 1707 2107 AEneid.x11.
1721 2079 1796 2108 394.

1112 2129 1121 2144 ‘
1138 2126 1215 2166 Ipse
1233 2136 1308 2157 suas
1331 2131 1432 2161 artes,
1455 2135 1515 2156 sua
1531 2134 1680 2164 munera,
1698 2126 1796 2156 laetus

1114 2175 1233 2215 Apollo
1257 2174 1458 2215 Augurium,
1483 2174 1710 2215 citharamque
1738 2174 1795 2204 da-

1113 2225 1184 2262 bat,
1200 2224 1394 2264 celeresque
1409 2222 1569 2263 sagittas)

1154 2276 1195 2304 62
1211 2273 1416 2312 Acceptusque
1431 2283 1536 2304 novem
1551 2271 1718 2312 Camoem‘s]
1736 2272 1797 2302 Ut-

1113 2327 1193 2364 pote
1209 2322 1355 2361 musicae,
1367 2322 1462 2361 lyrae,
1486 2322 1735 2361 carminumque
1747 2321 1795 2351 in-

1114 2376 1233 2403 ventor
1249 2381 1287 2401 ac
1303 2371 1410 2402 Deus.

1153 2424 1193 2451 63
1219 2420 1281 2455 Qui
1293 2419 1421 2451 salutari
1436 2419 1515 2450 levat
1524 2422 1602 2458 arte,
1612 2419 1679 2459 ξα]
1693 2418 1794 2460 Apud

1113 2469 1213 2500 Ovid.
1239 2469 1325 2499 Met.
1353 2477 1376 2499 1.
1402 2471 1474 2499 521.
1498 2468 1546 2498 ita
1567 2468 1610 2499 de
1628 2477 1662 2498 se
1682 2469 1794 2508 jactat

1113 2517 1257 2549 Phoebus
1272 2527 1280 2547 :
1297 2518 1306 2534 ‘
1323 2517 1498 2547 Inventum
1510 2517 1674 2548 medicina
1685 2527 1794 2548 meum

1114 2570 1178 2607 est,
1202 2565 1382 2606 opifexque
1405 2575 1465 2606 per
1490 2566 1605 2597 orbern
1622 2567 1740 2606 Dicor,
1758 2571 1794 2598 et

1114 2615 1288 2648 herbarum
1311 2615 1463 2655 subjecta
1493 2616 1646 2656 potentia
1678 2617 1793 2648 nobis!

1115 2663 1208 2695 Vide
1224 2669 1259 2695 et
1273 2664 1426 2695 Macrob.
1442 2673 1467 2695 1.
1485 2667 1535 2696 17.
1551 2670 1629 2696 ante
1643 2665 1703 2696 cit.

1156 2716 1195 2744 65
1220 2714 1383 2744 Palatinas
1407 2713 1495 2754 aras]
1516 2714 1557 2745 In
1586 2723 1645 2746 suo
1668 2715 1792 2757 palatio

1113 2761 1219 2794 aedem
1240 2762 1388 2803 Apollini
1404 2766 1594 2796 sacraverat
1608 2762 1792 2804 Augustus,
