1930 3242
422 282 506 325 952
892 297 935 334 Q.
966 294 1169 326 HonA‘rn
1203 294 1374 324 abaco!

421 384 494 426 Ad
514 386 699 427 medium
719 386 856 427 fracta
875 389 957 433 est,
979 386 1121 427 aliena
1141 386 1318 438 negotia
1337 399 1454 436 curo,

422 450 652 491 Excussus
670 450 881 503 propriis:
912 449 1018 490 olim
1038 463 1134 491 nam
1154 464 1347 504 quaerere
1367 452 1567 493 amabam
1785 454 1841 495 20

423 514 526 565 Quo
549 516 671 557 vafer
690 515 761 554 ille
781 513 917 566 pedes
936 514 1118 556 lavisset
1138 517 1353 570 Sisyphus
1375 530 1474 566 aere‚

423 579 543 630 Quid
561 581 776 632 scalptum
795 579 968 628 infabre,
988 581 1095 633 quid
1116 581 1260 622 fusum
1279 582 1426 622 durius
1446 586 1584 624 esset:

423 646 620 687 Callidus
639 644 739 684 huic
760 644 881 696 signo
902 646 1118 697 ponebam
1136 646 1275 687 millia
1294 652 1461 688 centum
1478 661 1488 688 ε

423 711 590 751 Hortos
609 710 889 762 egregiasque
910 710 1064 752 domos
1082 713 1306 753 mercarier
1324 726 1436 754 unus
1742 747 1747 749 .

423 778 532 819 Cum
552 777 670 817 lucro
690 789 864 828 noram;
894 777 1007 818 unde
1027 779 1270 831 frequentia
1291 779 1549 821 Mercuriale
1787 781 1844 820 25

422 845 676 898 Imposuere
695 844 798 884 mihi
817 857 1056 896 cognomen
1076 847 1280 899 compita.
1338 846 1374 894 ἹῙ
1397 846 1541 888 Novi:

421 988 538 1019 Janum
552 990 693 1026 medium,
708 999 808 1020 rerum
821 990 988 1020 alienarum
1002 993 1110 1030 satago
1121 991 1252 1022 dimotus
1273 1002 1291 1022 a
1310 991 1452 1032 propriis.
1496 991 1620 1022 Etenim
1630 991 1748 1031 pridem
1758 990 1844 1020 cordi

421 1034 490 1060 erat
501 1031 698 1068 investigare,
714 1041 770 1070 quo
785 1041 854 1061 vase
864 1041 943 1061 oereo
952 1033 1042 1071 pedes
1059 1032 1204 1063 abluisset
1220 1033 1368 1073 Sisyphus
1377 1033 1429 1063 ille
1442 1033 1570 1063 callidus
1580 1043 1590 1063 .·
1612 1033 1685 1072 quia
1695 1032 1761 1062 sine
1775 1034 1845 1061 arte

420 1071 563 1111 incisum,
581 1073 654 1112 quid
675 1073 814 1112 imperite
837 1072 1000 1111 conflatum
1021 1077 1108 1104 esset.
1154 1074 1223 1111 Ego
1236 1075 1329 1104 solers
1343 1074 1390 1104 illi
1403 1077 1515 1104 statuoe
1526 1073 1660 1113 pretium
1673 1072 1844 1103 statuebam

421 1116 548 1143 centena
577 1114 694 1144 millia:
717 1114 854 1153 solasque
874 1123 1017 1144 noveram
1037 1115 1141 1144 hortos
1162 1118 1192 1145 et
1213 1116 1292 1145 oedes
1314 1111 1494 1162 magnficae
1517 1123 1613 1145 emere
1631 1123 1699 1144 cum
1717 1116 1845 1153 quoestu.

425 1153 574 1188 Quocirca
586 1156 698 1196 plateoe
712 1155 842 1186 celebres
862 1156 1110 1193 cognominarunt
1125 1165 1174 1186 me
1191 1156 1341 1186 Mercurii
1361 1165 1501 1187 amwum.
1543 1155 1638 1187 Heu.
1662 1155 1733 1186 Scio
1746 1157 1775 1185 et
1790 1154 1845 1184 ad-

1029 1256 1086 1268 eost
1089 1256 1265 1268 ”NH-900·

423 1335 506 1363 —20
527 1333 608 1363 Tres
624 1332 742 1373 optimi
763 1332 863 1364 codd.
876 1333 1045 1364 Torrentii
1061 1332 1205 1365 habebam
1221 1343 1282 1374 pro
1295 1333 1434 1364 amabam
1445 1344 1458 1370 ,·
1481 1333 1569 1364 unde
1593 1333 1649 1364 ille
1673 1332 1761 1371 conj.
1776 1341 1845 1362 ave-

424 1373 587 1404 Imm—21
613 1373 681 1404 Alii
707 1374 807 1404 codd.
833 1383 886 1412 ap.
913 1374 1055 1405 eundem
1078 1375 1233 1406 Torrent.
1257 1375 1323 1410 Quo
1342 1375 1435 1412 facer
1459 1375 1604 1405 itta—22
1629 1374 1717 1404 Han.
1733 1377 1762 1403 1.
1777 1377 1847 1403 tres

423 1415 633 1454 Bersmanni,
648 1415 744 1445 Harl.
759 1418 790 1446 2.
807 1418 838 1446 3.
853 1417 885 1445 4.
901 1418 932 1445 6.
954 1415 1033 1445 Vet.
1049 1415 1165 1446 eomb.
1182 1416 1295 1446 hamb.
1310 1416 1424 1446 Bentl.
1439 1416 1482 1446 al.
1496 1416 1654 1454 sculptum·
1690 1415 1791 1445 Baxt.
1803 1422 1845 1444 ex

424 1456 624 1496 quibusdam
638 1455 735 1487 codd.
752 1460 788 1487 et
803 1456 879 1487 edd.
895 1459 979 1487 vett.
1001 1455 1097 1487 dedit
1119 1457 1362 1496 scalptum—25
1387 1457 1569 1487 Mercuriali
1593 1456 1681 1496 conj.
1705 1455 1850 1495 Curring.

1073 1550 1212 1582 NOTAE
1222 1567 1224 1569 ·

425 1638 493 1665 tem
504 1634 595 1663 locus
604 1631 846 1663 mercatoribus
856 1631 1012 1674 frequens
1020 1637 1112 1672 erat3
1166 1643 1245 1665 rex:
1269 1634 1311 1665 de
1326 1644 1389 1676 quo
1405 1643 1444 1666 n.
1461 1635 1528 1666 Od.
1545 1636 1596 1666 14.
1608 1637 1660 1665 20.
1682 1637 1718 1664 et
1739 1628 1848 1674 Epod.

425 1683 666 1723 dicebaturque
688 1682 795 1714 Janus
810 1681 953 1723 medius,
970 1691 1011 1713 eo
1024 1682 1112 1723 quod
1166 1691 1258 1714 xvir.
1273 1685 1327 1715 68.

425 1738 515 1764 esset
530 1732 612 1764 duas
622 1733 711 1763 inter
721 1732 802 1764 sani
819 1737 961 1772 statuas,
973 1742 1113 1774 quarum

426 1783 535 1813 altera
554 1781 661 1813 Janus
687 1781 853 1821 superior,
879 1781 985 1812 altera
1007 1781 1114 1813 Janus

425 1829 576 1869 inferior,
599 1829 843 1869 appellabatur.
888 1830 977 1861 Hinc
996 1834 1114 1870 postea

425 1888 452 1910 ι.
468 1879 577 1918 Epist.
592 1880 621 1908 1.
635 1880 687 1908 54.
710 1876 720 1894 ‘
737 1877 849 1908 Virtus
863 1883 937 1917 post
950 1888 1114 1911 nummos.

426 1927 514 1959 Haec
537 1927 644 1959 Janus
667 1935 813 1956 summus
839 1926 881 1957 ab
905 1926 968 1957 imo
985 1927 1112 1958 Perdo-

426 1978 506 2008 cet.’
547 1974 706 2006 Meminit
734 1974 835 2005 etiam
863 1975 953 2005 Tull.
982 1975 1016 2006 in
1045 1975 1112 2007 fine

428 2025 530 2057 Offie.
548 2033 588 2055 11.
605 2027 614 2041 ‘
629 2023 659 2054 A
675 2023 872 2063 quibusdam
887 2024 966 2054 viris
976 2024 1112 2065 optimis

428 2075 470 2106 ad
496 2073 640 2105 medium
661 2073 784 2105 Janum
807 2073 1001 2104 sedentibus
1024 2082 1112 2104 com-

426 2122 554 2154 modius
576 2121 767 2162 disputatur
788 2121 830 2151 de
853 2121 1046 2162 quaerenda,
1070 2121 1113 2152 de

425 2171 631 2210 collocanda,
643 2170 745 2201 etiam
755 2170 796 2201 de
809 2170 934 2201 utenda
946 2169 1114 2211 pecunia?

427 2222 472 2254 Et
487 2221 612 2260 Philip.
625 2229 674 2251 vr.
692 2220 701 2237 ‘
715 2220 769 2250 De
787 2224 902 2251 statua
918 2220 974 2251 illa
989 2221 1114 2261 palma-

427 2270 456 2302 ri
482 2279 546 2301 non
572 2277 703 2309 possem
726 2268 797 2298 sine
820 2268 888 2298 risu
913 2268 1054 2300 dicere:
1084 2277 1114 2300 1..

427 2327 590 2352 Ammonio
619 2325 700 2349 um
725 2325 838 2348 manu
865 2324 1044 2349 PATRONo.
1079 2317 1112 2348 1-

427 2369 529 2401 tane?
562 2367 668 2400 Janus
694 2366 823 2398 medius
847 2365 881 2396 in
909 2366 947 2397 L.
971 2365 1112 2398 Antonii

429 2417 589 2458 clientela
603 2415 665 2447 sit?
676 2413 685 2427 ¹

471 2469 513 2498 20
538 2464 622 2497 Olim
638 2472 709 2494 nam
731 2471 864 2503 qaoerere
882 2463 1030 2502 antabam,
1045 2462 1113 2503 ξω]

431 2515 639 2548 Corinthium
656 2522 714 2552 aes,
739 2521 882 2553 vasaque
898 2512 1034 2553 antiqua
1047 2518 1114 2543 stu-

431 2566 551 2597 debam
578 2570 805 2603 cognoscere:
829 2571 860 2592 v.
883 2570 917 2602 g.
938 2571 1013 2602 quae
1026 2561 1117 2601 Sisy-

431 2616 488 2656 phi
519 2623 592 2645 aevo
620 2611 777 2650 conflata,
802 2611 944 2652 signata,
969 2612 1114 2644 caelata:

431 2673 560 2696 necnon
585 2672 660 2704 quae
683 2661 898 2702 haberentur,
916 2661 1049 2694 mollius
1076 2670 1116 2693 ac

433 2713 585 2745 solertius
597 2711 774 2743 fabricata.

475 2765 515 2796 21
538 2760 703 2803 Sisyphus]
734 2760 822 2793 AEoli
843 2759 944 2802 filius,
963 2759 1114 2793 Corinthi
1140 2768 1141 2772 ¹

1208 1734 1248 1763 23
1275 1732 1410 1763 Callidus
1436 1732 1508 1763 huic
1535 1731 1637 1770 signo,
1661 1730 1730 1772 fisca]
1763 1732 1850 1763 'Pan—

1166 1789 1263 1820 quam
1308 1780 1529 1821 peritissimus
1563 1780 1698 1811 istarum
1737 1789 1848 1812 rerum

1166 1829 1360 1865 aestimator,
1400 1833 1435 1860 et
1470 1829 1660 1869 negotiator
1695 1827 1850 1869 famosus,

1165 1886 1228 1916 ego
1253 1878 1396 1918 pretium
1419 1877 1628 1918 imponebam
1651 1877 1766 1917 signis.
1781 1882 1849 1909 sta·

1166 1925 1244 1963 tuis,
1257 1926 1384 1956 aedibus
1399 1925 1596 1966 magnificis,
1610 1927 1675 1957 &c.

1205 1974 1313 2005 Millia
1332 1974 1465 2014 centum]
1486 1975 1625 2014 Supple,
1644 1973 1849 2008 sestertium.

1164 2022 1250 2053 Vide
1266 2023 1347 2054 Not.
1364 2032 1390 2054 1.
1404 2023 1475 2054 Sat.
1487 2025 1517 2054 3.
1531 2025 1583 2053 15.

1205 2074 1247 2102 24
1270 2071 1388 2102 Hortos
1414 2072 1608 2112 egregiasque
1636 2073 1750 2108 domos.
1780 2074 1848 2114 lym]

1167 2120 1238 2151 Cic.
1258 2120 1368 2160 Epist.
1384 2129 1450 2151 vu.
1465 2123 1517 2151 23.
1536 2126 1693 2151 emtorem
1709 2126 1851 2161 exoptat

1168 2178 1285 2199 vanum
1301 2169 1492 2209 quempiam
1514 2173 1550 2200 et
1569 2168 1661 2200 fatue
1683 2167 1850 2201 curiosum

1169 2218 1367 2257 Damasippi
1379 2218 1532 2254 similem,
1548 2218 1599 2248 cui
1613 2218 1758 2249 vendere
1774 2227 1850 2259 pos-

1167 2267 1210 2298 sit
1225 2266 1478 2306 signaquaedam
1492 2265 1579 2296 haud
1595 2265 1656 2296 sibi
1672 2270 1780 2305 grata.
1804 2267 1850 2297 Et

1166 2316 1275 2356 Epist.
1290 2323 1354 2345 xn.
1371 2316 1423 2344 32.
1455 2313 1603 2344 Atticum
1617 2318 1712 2354 rogat
1727 2318 1766 2345 ut
1779 2315 1850 2346 Dn-

1165 2365 1350 2405 masippum
1373 2362 1601 2403 aggrediatur,
1622 2366 1724 2403 atque
1746 2363 1789 2395 ab
1809 2373 1849 2396 eo

1168 2413 1328 2457 quosdam
1347 2420 1443 2451 agros
1465 2410 1528 2441 sibi
1548 2415 1716 2442 mercetur
1739 2411 1781 2442 ad
1805 2413 1849 2443 ri-

1168 2472 1244 2504 pam
1259 2461 1388 2494 Tiberis
1403 2459 1496 2490 sitos.

1209 2514 1248 2542 2⁵
1274 2507 1475 2547 Mercuriale]
1505 2506 1780 2540 Antonomastice
1801 2510 1851 2541 ni-

1167 2560 1296 2592 mirum.
1341 2558 1427 2590 Nam
1448 2566 1622 2588 commune
1645 2558 1708 2589 hoc
1727 2559 1850 2601 alioqui

1168 2611 1388 2640 mercatorum
1405 2610 1440 2637 et
1455 2606 1639 2638 lactionum
1655 2616 1850 2647 cognomen.

1168 2657 1258 2690 Quid
1267 2657 1332 2698 leg.
1344 2654 1538 2695 Mercuriali,
1546 2655 1616 2694 pari
1625 2664 1735 2687 sensu.
1758 2656 1850 2687 Mer·

1168 2706 1292 2738 curium
1317 2713 1458 2746 praeesse
1478 2704 1570 2735 lucro
1588 2707 1623 2735 et
1638 2708 1852 2745 mercatum,

1168 2755 1306 2789 cuilibet
1321 2759 1372 2787 est
1386 2757 1606 2796 compertum.
1625 2762 1651 2787 1.
1663 2753 1732 2786 od.
1746 2756 1797 2787 10.
