1904 3256
725 284 909 316 uponnu
947 281 1109 314 mann.
1554 268 1632 312 691

353 380 523 422 Tecum
542 378 625 420 sub
646 377 739 419 alta
775 377 863 432 (sic
882 376 912 418 J
915 377 988 418 ovi
1009 373 1200 429 gratum)
1219 373 1366 424 domo,

415 446 558 487 Beate
580 443 829 494 Maecenas,
844 444 1014 493 bibam,

358 512 551 554 Sonante
569 511 756 552 mixtum
775 511 898 552 tibiis
919 521 1099 552 carmen
1117 508 1227 563 lyra,
1613 509 1643 549 5

413 578 518 619 Hac
538 577 742 628 Dorium,
763 577 854 619 illis
877 578 1124 619 Barbarum
1137 577 1157 616 ’ἱ

186 695 339 735 Aug-usli,
353 695 462 736 potabo
476 699 587 735 tecum,
600 705 618 726 ο
630 695 719 734 felix
733 694 902 735 Moecenas,
917 694 952 725 in
966 693 1082 725 adibus
1095 692 1284 734 magnificia,
1299 695 1426 724 canente
1437 700 1507 723 cum
1518 691 1642 733 fistulis

186 737 319 778 cithara,
335 738 394 770 hac
407 738 543 770 Dorium
563 739 698 778 modim,
721 738 786 768 illis
811 736 1006 778 Phrygium?
1050 735 1135 767 Sane
1155 736 1203 767 ita
1222 736 1323 775 placet
1343 734 1430 766 Jovi.
1474 733 1573 765 Haud
1594 734 1641 764 ita

794 819 1034 834 eeeeeeeeeeee

185 873 290 905 leium
309 875 461 916 sequitur
481 874 655 907 Kidd.-3
678 875 754 906 Jovi
775 876 884 906 datum
904 883 974 904 var.
999 874 1080 904 lect.
1099 872 1171 903 sive
1198 871 1399 912 conjectura
1420 879 1474 911 ap.
1489 869 1641 903 nidd.—

186 919 206 947 ⁵
226 915 335 949 ‘Sunt
351 917 408 958 qui
422 917 525 949 mistis
540 919 668 958 legant,
682 917 773 958 quod
798 916 954 957 equidem
974 915 1009 946 in
1034 914 1125 946 nullo
1148 913 1218 945 fide
1242 913 1347 954 digno
1370 913 1490 944 codice
1515 912 1642 944 inveni.

187 957 378 999 Receptam
394 960 577 991 lectionem
591 958 704 991 firmat
726 959 821 990 locus
845 958 923 989 huic
944 966 1126 998 germanus
1139 956 1202 987 lib.
1217 964 1268 987 iv.
1283 955 1351 988 Od.
1367 958 1419 986 15.
1435 957 1488 986 30.
1511 956 1521 972 ⁸
1536 954 1641 995 Lydis

186 1000 327 1032 remisto
343 1002 492 1033 carmine
509 1000 627 1033 tibiis?
638 1001 647 1016 ’
673 1002 815 1032 Torreat.
858 1001 868 1016 ‘
884 1001 965 1032 Duo
979 999 1115 1031 codices
1130 1001 1221 1030 notae
1237 998 1375 1038 optima
1399 997 1489 1038 apud
1506 995 1640 1028 Lambi-

187 1051 268 1073 num
281 1043 432 1075 habent:
455 1043 594 1076 sonante
604 1043 716 1075 mixtis
728 1042 816 1075 tibiis
830 1052 953 1074 carmen
968 1041 1056 1082 lyra.-
1079 1040 1170 1081 quod
1193 1044 1232 1071 ut
1256 1040 1289 1071 ei
1313 1049 1381 1072 non
1403 1038 1574 1079 displicet,
1591 1038 1643 1070 ita

186 1083 268 1116 mihi
282 1085 418 1126 quidem
433 1095 504 1126 prae
521 1086 659 1126 vulgata
674 1086 800 1126 placet.
823 1085 912 1115 Vide
928 1093 989 1114 nos
1009 1082 1052 1114 ad
1073 1092 1124 1115 ιν.
1151 1081 1221 1114 Od.
1247 1084 1278 1114 1.
1305 1084 1360 1114 22.
1392 1081 1504 1123 Siquis
1529 1085 1642 1112 tamen

186 1125 322 1159 mixtum
348 1127 403 1160 hic
432 1128 607 1168 maluerit,
636 1136 702 1159 non
731 1126 912 1158 admodum
937 1125 1120 1166 pugnabo!
1143 1124 1253 1156 Bentl.
1295 1123 1406 1155 mixtis
1435 1126 1643 1164 receperunt

844 1208 990 1240 NOTAE

189 1274 308 1311 gusto:
333 1271 344 1288 ‘
361 1271 477 1302 Caesar
493 1271 648 1312 superior
661 1271 727 1303 fnit
741 1281 782 1303 eo
798 1281 888 1312 prae-

189 1320 235 1351 lio
260 1320 386 1361 navali,
410 1320 452 1351 ad
475 1325 633 1362 quartum
658 1322 776 1353 Nonas
801 1321 888 1362 Sep-

189 1368 329 1400 tembris
352 1367 532 1400 confecto:
557 1378 658 1410 quem
679 1369 768 1400 diem
785 1378 888 1409 prop-

189 1423 286 1451 terea
313 1417 441 1454 notavi,
469 1418 558 1459 quod
590 1428 632 1449 eo
655 1428 759 1458 penes
783 1427 887 1449 unum

189 1468 360 1500 Caesarem
377 1476 506 1498 summa
522 1476 632 1499 rerum
648 1466 725 1507 fuit,
741 1472 778 1499 ut
793 1477 836 1499 ex
848 1476 888 1498 eo

188 1516 266 1548 anni
304 1515 513 1557 principatus
552 1516 625 1557 ejus
658 1521 889 1549 numerentur.

135 1582 137 1585 .
187 1566 306 1599 Cesar
331 1564 449 1597 urbem
478 1564 663 1597 edificavit
688 1574 730 1598 eo
752 1566 831 1606 loci,
853 1566 888 1598 in

187 1624 255 1657 quo
270 1614 336 1646 sibi
349 1614 524 1647 victoriam
538 1620 734 1657 pepererat,
745 1625 889 1658 eamque

187 1663 383 1705 Nicopolim
407 1664 620 1705 appellavit:
643 1667 707 1696 &m
753 1664 888 1696 Ibidem

188 1723 322 1756 quoque
346 1714 443 1746 ludos
474 1715 758 1757 Quinquennales
791 1714 888 1746 insti-

188 1763 268 1805 tuit,
283 1768 320 1796 et
336 1763 488 1804 Apollini
513 1764 677 1805 templum
701 1763 889 1804 dedicavit,

187 1817 228 1845 ut
242 1817 311 1845 tam
325 1813 466 1854 insignis
480 1814 514 1844 in
528 1813 633 1854 Epiro
647 1813 800 1845 victorine
816 1813 890 1853 dig-

188 1872 268 1894 num
281 1862 437 1903 Augusto
447 1872 699 1894 monumentum
712 1872 889 1904 permane-

187 1917 255 1945 ret.
278 1913 389 1959 xVide
416 1913 529 1954 Epod.
555 1923 582 1945 1.
613 1912 690 1945 init.
717 1916 753 1944 et
781 1917 890 1945 totam

190 1963 292 1996 Oden
308 1966 362 1996 87.
376 1964 433 1996 lib.
449 1973 474 1996 1.
491 1964 606 2006 ibique
624 1963 708 1996 Not.

231 2015 251 2043 8
275 2013 342 2044 Sub
355 2015 422 2045 alta
430 2013 536 2054 domo]
559 2013 650 2045 Altis
668 2012 833 2045 columnis
846 2022 890 2044 ex

189 2070 355 2094 marmore
370 2063 546 2095 adornata.
570 2072 629 2094 nr.
642 2062 711 2095 Od.
726 2065 780 2093 29.
792 2062 802 2078 ‘
815 2062 891 2093 Mo·

190 2112 258 2143 lem
274 2113 497 2154 propinquam
513 2112 660 2144 nubibus
675 2111 814 2142 arduis.’

198 2183 201 2186 -
236 2161 293 2193 Sic
314 2161 392 2193 Jovi
403 2163 546 2203 gratum]
567 2162 645 2194 Jovi
659 2162 800 2202 Diisque
815 2159 891 2192 fore

193 2215 327 2252 gratum
344 2211 393 2242 ait
408 2211 569 2251 gaudium
585 2210 629 2242 ob
644 2210 806 2241 victorem
822 2209 892 2241 Au-

192 2265 341 2302 gustum,
356 2261 483 2302 quippe
498 2260 552 2292 cui
568 2270 612 2292 ex
627 2260 800 2292 voluntate
817 2261 890 2291 Nn-

191 2310 319 2342 minnm
348 2310 439 2342 orbis
472 2309 656 2351 Imperium
682 2310 891 2342 destinatum

192 2363 287 2391 erat:
310 2361 400 2401 quod
415 2359 552 2402 quidem
566 2360 711 2392 asseruit
724 2369 752 2392 1.
768 2359 838 2392 Od.
857 2362 890 2391 2.

193 2413 230 2441 et
244 2409 339 2441 alibi.

200 2481 201 2484 κ
234 2461 257 2490 6
278 2459 353 2491 Hac
366 2459 514 2501 Dorium,
525 2460 592 2492 illis
606 2458 801 2499 Barbarum]
828 2460 892 2501 Ly-

193 2518 232 2540 ra
245 2515 388 2542 sonante
415 2510 561 2542 Dorium
587 2519 725 2543 carmen
749 2519 809 2541 sen
823 2519 894 2541 mo-

196 2558 295 2599 dum5
322 2560 414 2591 tibiis
439 2569 522 2592 vero
553 2560 751 2592 canentibus
775 2559 895 2591 barba-

198 2615 271 2639 mm
285 2609 356 2640 sive
370 2610 570 2652 Phrygium.
614 2610 698 2641 Tres
714 2613 813 2640 erant
823 2609 895 2639 vul-

200 2665 298 2696 gares
326 2658 437 2690 modi:
467 2659 583 2691 Ionius
606 2658 677 2690 sive
694 2657 834 2698 Lydius,
860 2657 894 2687 in

199 2705 209 2720 ⁴
225 2703 302 2742 Ut3’
326 2706 459 2747 Dorius,
469 2708 504 2739 in
524 2709 534 2726 ‘
547 2709 599 2740 Re
611 2707 633 2748 ;'
658 2704 839 2748 Phrygius,
862 2706 896 2737 in

203 2754 306 2793 ’Μῑῗ
335 2755 378 2786 de
403 2758 524 2798 quibus
547 2758 623 2791 fuse
648 2760 837 2792 Glareanus
863 2759 896 2790 in

201 2805 288 2836 hunc
316 2805 438 2838 locum.
482 2808 615 2841 Primus
645 2814 766 2842 acutus
794 2808 896 2840 rebus

941 1271 1030 1303 laetis
1057 1270 1253 1309 serviebat3
1277 1269 1448 1302 secundus
1471 1267 1585 1310 gravis
1609 1270 1645 1299 et

942 1321 1092 1358 sedatus,
1105 1321 1208 1353 rebus
1222 1320 1341 1358 seriis;
1365 1319 1485 1350 tertius
1500 1316 1645 1357 medius,

942 1369 1044 1400 rebus
1074 1369 1191 1400 sacris.
1236 1368 1326 1399 Vide
1355 1367 1481 1398 Athen.
1510 1375 1588 1399 xlv.
1611 1370 1644 1398 5.

942 1417 1032 1448 Item
1048 1417 1133 1448 Coel.
1152 1416 1299 1457 Rhodig.
1317 1426 1371 1447 1x.
1389 1419 1421 1448 3.
1433 1415 1491 1447 ubi
1503 1425 1546 1447 ex
1563 1416 1645 1447 Cus-

940 1465 1075 1498 siodoro
1090 1466 1139 1497 sic
1156 1466 1277 1498 scribit
1289 1477 1299 1497 z
1324 1470 1333 1483 ¹
1348 1465 1477 1497 Dorius
1499 1465 1647 1506 pruden-

941 1515 998 1547 tiae
1012 1516 1155 1557 largitor
1170 1520 1236 1552 est,
1250 1519 1287 1547 et
1298 1515 1470 1548 castitatis
1479 1513 1624 1546 effector
1636 1525 1646 1545 ε

940 1565 1114 1607 Phrygius
1130 1575 1263 1607 pugnas
1290 1565 1434 1605 excitat,
1456 1568 1573 1596 votum
1593 1563 1646 1595 fu-

942 1616 1027 1647 roris
1050 1614 1259 1647 inflammat:
1285 1615 1412 1646 AEolius
1436 1614 1539 1646 animi
1562 1620 1645 1646 tem-

943 1669 1095 1706 pestates
1110 1665 1325 1706 tranquillat,
1342 1674 1563 1705 somnumque
1573 1664 1646 1704 jam

944 1715 1091 1756 placatis
1118 1714 1289 1746 attribuit.
1336 1713 1465 1753 Lydius
1491 1713 1647 1744 intellec-

944 1767 1016 1795 tum
1046 1763 1178 1796 obtusis
1214 1763 1321 1802 acuit,
1356 1767 1393 1794 et
1423 1766 1562 1793 terreno
1588 1761 1648 1793 de-

945 1814 1070 1846 siderio
1097 1813 1247 1855 gravatis
1270 1812 1460 1844 coelestium
1482 1815 1647 1854 appeten-

945 1864 1025 1895 tiam
1043 1863 1187 1902 inducit,
1212 1863 1376 1894 bonorum
1399 1866 1561 1902 operator
1577 1861 1648 1892 exi-

943 1915 1050 1946 mius!
1094 1914 1187 1946 Hinc
1205 1916 1350 1954 apparet
1365 1922 1425 1943 cur
1438 1921 1560 1952 pueros
1575 1912 1648 1943 Do-

944 1963 1046 1996 ricam
1076 1962 1232 2004 inprimis
1258 1961 1465 1992 harmoniam
1502 1960 1648 1992 edocen-

945 2014 1005 2046 dos
1020 2017 1160 2045 moneat
1176 2011 1379 2044 Aristoteles
1396 2010 1502 2043 Polit.
1517 2019 1603 2042 vm.

988 2062 1181 2103 Barbarum]
1209 2061 1351 2093 Asiatici
1377 2069 1494 2092 omnes
1515 2070 1535 2091 a
1550 2060 1648 2092 Grae-

945 2113 991 2145 cis
1007 2112 1219 2145 vocabantur
1241 2110 1402 2142 barbari:
1425 2110 1506 2141 hinc
1528 2109 1649 2141 barba-

945 2172 1019 2194 rum
1043 2162 1171 2194 dicitur
1192 2160 1353 2203 quicquid
1379 2163 1433 2191 est
1454 2169 1475 2191 a
1496 2159 1649 2200 Phrygia

946 2210 1039 2243 Asiae
1057 2211 1209 2252 regione.
1230 2218 1274 2241 11.
1289 2208 1357 2241 od.
1368 2212 1400 2241 4.
1413 2212 1446 2241 9.
1461 2209 1471 2227 ⁶
1485 2210 1648 2241 Barbarae

946 2264 1124 2301 postquam
1142 2258 1301 2290 cecidere
1320 2258 1467 2290 turmae!
1489 2261 1498 2276 ⁸
1517 2258 1649 2290 Barba-

946 2309 1052 2341 ricum
1063 2317 1179 2340 aurum
1191 2308 1200 2322 ’
1216 2308 1348 2341 AEneid.
1361 2318 1402 2340 u.
1414 2311 1487 2340 504.
1503 2313 1539 2340 et
1554 2309 1563 2325 ‘
1573 2308 1649 2339 bar-

946 2359 1030 2390 bara
1038 2359 1188 2400 tegmina
1195 2357 1356 2396 crurum,’
1366 2358 1499 2390 AEneid.
1512 2367 1563 2390 xi.
1571 2359 1647 2389 777.

947 2418 1022 2451 qnae
1043 2409 1194 2450 Phrygia
1209 2413 1308 2440 erant
1325 2418 1388 2440 acu
1413 2408 1508 2449 picta
1526 2411 1562 2438 et
1584 2407 1651 2438 ela-

947 2458 1078 2491 borata.
1103 2458 1232 2491 Athen.
1246 2459 1305 2489 cit.
1319 2467 1395 2489 nv.
1407 2461 1438 2488 6.
1454 2456 1464 2472 ‘
1477 2457 1559 2486 Tres
1570 2459 1649 2486 sunt

945 2510 1197 2541 harmoniarum
1234 2507 1452 2545 differentiae,
1487 2509 1570 2547 quot
1611 2510 1649 2538 et

948 2560 1096 2592 Graeciae
1126 2558 1306 2595 nationes3
1355 2555 1483 2587 AEolica
1511 2564 1647 2597 nempe,

948 2609 1088 2647 Dorica,
1117 2607 1248 2638 Ionica.
1292 2607 1303 2623 ‘
1322 2604 1506 2646 Phrygiam
1535 2610 1646 2638 antem

949 2667 990 2688 ac
1010 2656 1147 2697 Lydiam
1164 2655 1279 2687 Groeci
1298 2654 1492 2687 didicerunt
1506 2664 1525 2687 a
1542 2655 1647 2697 Lydis

951 2716 991 2738 ac
1007 2706 1214 2748 Phrygibus,
1234 2704 1291 2747 qui
1307 2714 1383 2737 cum
1396 2705 1528 2747 Pelope
1544 2714 1646 2737 vene-

951 2760 1031 2789 runt
1046 2756 1080 2789 in
1098 2755 1391 2797 Peloponnesum-⁹
