1930 3242
376 277 460 317 892
846 290 889 324 Q.
921 285 1123 315 HoRA'rn
1159 283 1329 313 nacci

373 377 582 419 Difficiles
603 378 748 419 aditus
770 377 932 428 primos
954 375 1099 414 habet.
1159 373 1193 421 ἹῘ
1219 373 1351 415 Haud
1373 374 1476 414 mihi
1497 375 1626 416 deero
1645 388 1656 415 ι

374 443 627 484 Muneribus
646 453 797 482 servos
819 451 1120 491 corrumpam;
1149 452 1251 488 non,
1271 440 1402 480 hodie
1423 441 1462 480 si

379 509 598 549 Exclusus
615 507 750 554 fuero,
773 505 1006 554 desistam3
1037 509 1236 557 tempora
1256 517 1452 558 quaeram
1472 518 1483 555 ;

379 573 614 614 Occurram
636 572 681 610 in
701 570 867 621 triviis3
897 570 1125 610 deducam.
1185 570 1262 611 Nil
1282 571 1373 612 sine
1393 583 1552 624 magno

379 638 487 679 Vita
505 638 648 677 labore
668 635 790 675 dedit
809 636 1076 676 mortalibus.
1132 635 1167 683 ῚῘ
1192 636 1302 676 Haec
1321 636 1421 677 dum
1443 637 1547 688 agit,
1569 648 1693 684 ecce,
1742 635 1798 677 60

380 703 548 743 Fuscus
569 700 759 741 Aristius
780 701 980 750 occurrit,
1002 701 1106 742 mihi
1126 714 1268 750 carus,
1289 706 1332 742 et
1351 702 1475 742 illum

381 768 471 818 Qui
492 766 669 820 pulchre
689 772 863 808 nosset:
884 768 1164 808 consistimus
1183 780 1193 808 :
1226 767 1351 808 Unde
1371 767 1490 808 venis
1507 769 1525 807 ‘l
1557 770 1613 816 et,

382 834 482 883 Quo
504 832 677 873 tendis?
708 838 844 886 rogat,
865 838 910 874 et
930 834 1170 886 respondet.
1227 833 1400 874 Vellere
1420 834 1552 887 coepi,

379 899 439 939 Et
459 910 659 951 prensare
678 911 806 939 manu
826 899 1060 939 lentissima
1081 898 1273 948 brachia,
1293 903 1466 948 nutans,

379 1014 504 1054 ideoque
517 1014 671 1055 difficilem
693 1020 822 1055 prestat
845 1017 978 1056 priorem
997 1025 1158 1047 accessum.
1203 1016 1410 1056 Diligentiam
1432 1017 1589 1055 adhibebo,
1609 1017 1711 1057 inquit
1732 1016 1804 1052 ium

378 1056 506 1086 famulos
530 1058 617 1087 donis
641 1058 782 1097 captabo.-
805 1059 832 1088 si
856 1059 943 1089 hodie
964 1059 1117 1097 repulsum
1138 1058 1254 1097 patior,
1269 1058 1394 1089 minime
1407 1059 1579 1089 abscedam.-
1601 1059 1804 1089 occasionibus

380 1097 569 1128 insidiabor:
591 1098 709 1130 obviam
724 1100 772 1130 ibo
794 1100 826 1130 in
846 1100 955 1139 plateis
967 1109 977 1129 .·
997 1095 1172 1129 comilabor.
1220 1100 1312 1130 Nihil
1324 1101 1435 1138 absque
1449 1100 1570 1138 magnis
1582 1100 1727 1129 minuis
1738 1099 1805 1130 vita

380 1139 551 1170 hominibus
565 1141 709 1179 largitur.
756 1142 806 1171 Eu
827 1151 897 1171 vero
917 1142 988 1172 dum
1009 1140 1071 1170 ista
1092 1143 1191 1170 versat
1207 1141 1272 1180 ille,
1291 1140 1424 1171 occurrit
1443 1140 1562 1171 Fuscus
1575 1140 1716 1171 Aristius
1729 1139 1805 1170 milui

382 1180 522 1219 dilectus,
538 1184 569 1212 et
582 1182 635 1221 qui
655 1183 745 1221 probe
767 1183 960 1222 cognoscebat
977 1182 1055 1212 hunc
1066 1182 1238 1219 garrulum.
1282 1181 1496 1212 Subsistimus.
1545 1182 1631 1212 Unde
1646 1181 1753 1212 venis?
1774 1184 1807 1211 et

380 1231 437 1261 quo
453 1223 560 1253 vadis?
575 1224 698 1264 quaerit,
713 1234 748 1255 ac
760 1225 932 1264 respondet.
961 1223 1045 1263 coepi
1056 1223 1191 1254 vellilare
1205 1227 1235 1254 et
1249 1224 1405 1263 stringere
1419 1223 1542 1254 brachia
1559 1222 1746 1262 mollissimi,
1758 1222 1806 1253 in-

975 1316 1185 1328 emmeeeo
1188 1317 1206 1328 9

381 1387 416 1408 eo
441 1379 518 1417 quod
546 1378 716 1420 Difficiles,-
739 1383 773 1409 et
796 1379 843 1409 sic
868 1378 1005 1410 Mediol.
1021 1382 1201 1410 luz—56
1227 1378 1364 1410 Mediol.
1379 1380 1471 1409 1477.
1495 1383 1529 1408 et
1553 1378 1693 1409 Veneti.
1713 1379 1807 1408 1477.

383 1421 478 1449 1478.
494 1421 586 1450 1479.
601 1421 703 1450 aditus
716 1420 929 1458 primum—64
953 1419 1135 1450 Lambinus
1158 1429 1200 1450 ex
1223 1419 1398 1450 duodecim
1413 1419 1510 1450 codd.
1528 1428 1588 1459 pro
1600 1427 1744 1458 prensare
1757 1427 1810 1448 re-

383 1461 495 1499 posuit
507 1470 659 1500 pressare.
704 1461 714 1478 ‘
729 1461 738 1478 ‘
755 1461 898 1492 Nictare
911 1466 964 1492 est
978 1461 1103 1502 aliquid
1119 1461 1223 1492 oculis
1241 1461 1444 1491 nictantibus
1461 1459 1713 1491 demonstrare-¹
1737 1459 1807 1491 Vct.

383 1501 487 1532 Senot.
529 1503 669 1534 Constat
683 1511 755 1534 eum
773 1503 893 1542 legisse
909 1504 1027 1534 nictare
1037 1513 1049 1539 ;
1073 1502 1161 1542 quod
1177 1503 1278 1533 miror
1294 1503 1458 1533 neminem
1475 1501 1673 1541 advertisse,
1697 1509 1808 1541 neque

384 1542 492 1580 ipsum
508 1543 714 1584 Bensseium,
733 1546 788 1584 qui
813 1553 865 1574 me
891 1544 997 1574 invito
1025 1544 1164 1575 retinuit
1177 1543 1312 1575 nutans!
1336 1544 1436 1575 Baxt.
1477 1544 1487 1561 ‘
1503 1543 1629 1574 Nescio
1654 1542 1744 1572 unde
1760 1542 1811 1572 vir

383 1583 504 1614 doctus
530 1585 608 1615 illud
637 1595 730 1615 snum
756 1588 876 1615 nictans
891 1585 1053 1616 hauserit.
1096 1586 1187 1617 Quos
1203 1594 1264 1624 ego
1278 1585 1452 1616 consulere
1469 1584 1562 1624 potui
1580 1583 1680 1614 libros
1696 1592 1760 1613 non
1775 1583 1808 1613 in

382 1629 544 1656 contexto
560 1626 659 1657 modo
676 1626 875 1666 Horatiano,
889 1626 948 1657 sed
966 1626 1000 1656 in
1016 1627 1149 1657 scholiis
1165 1627 1266 1657 etiam
1283 1627 1410 1666 legunt,
1425 1630 1434 1643 ‘
1447 1627 1509 1657 Est
1524 1630 1635 1656 autem
1651 1623 1810 1663 ‘nutare,'

1022 1718 1058 1755 ‚N
1064 1718 1167 1751 OTAE

380 1780 504 1820 poscit.-
537 1785 573 1811 et
597 1780 650 1811 hic
675 1781 878 1821 intelligunt,
900 1782 1071 1813 Maeeena-

385 1834 454 1859 tem
468 1828 607 1859 assiduis
623 1828 740 1860 officiis
751 1835 786 1860 et
802 1830 969 1870 obsequiis
982 1830 1071 1861 vinci

386 1882 553 1907 amantem
581 1886 621 1907 ac
653 1883 844 1916 poscentem
870 1878 1071 1909 adeuntibus

385 1936 421 1958 se
448 1931 610 1966 praestare
634 1926 818 1965 difficilem,
846 1932 883 1958 ut
906 1926 1071 1958 accendat

384 1975 490 2015 magis
515 1975 658 2005 studium
681 1976 848 2007 ambiendi
865 1985 955 2008 suam
976 1975 1070 2007 fami-

385 2025 566 2056 liaritatem
595 2031 631 2055 et
656 2025 947 2065 consuetudinem,
972 2035 1070 2066 quam

384 2074 449 2106 scit
474 2074 739 2106 amoenissimam.
784 2075 900 2115 Apage
915 2075 979 2105 ista
995 2084 1070 2115 quae

386 2123 520 2154 omnino
543 2128 692 2163 pugnant
718 2133 792 2154 cum
819 2123 930 2154 indole
946 2124 1071 2155 Maece-

386 2174 485 2208 natis,
509 2183 606 2214 qnam
632 2173 683 2204 liic
709 2178 743 2204 et
767 2172 844 2204 alibi
860 2172 1073 2205 commendat

389 2222 564 2254 Horatius.

429 2273 471 2302 56
502 2270 654 2312 Difficiles
684 2270 787 2301 aditus
817 2271 933 2310 primos
967 2269 1071 2310 habet]

387 2319 475 2350 Vide
492 2329 594 2359 supra
609 2320 680 2349 Sat.
698 2328 747 2350 Vt.
763 2322 814 2349 60.
831 2324 867 2350 et
885 2329 956 2360 seq.

431 2368 530 2399 Haud
540 2367 617 2399 mihi
628 2367 803 2407 deero,85·c.]
819 2367 998 2398 Potiuudae
1003 2368 1076 2408 jam

391 2419 439 2451 rei
467 2428 527 2459 spe
554 2427 712 2450 accensus
728 2419 783 2449 ille
804 2418 980 2456 pollicetur
1002 2418 1076 2448 dili·

392 2469 538 2510 gentiam
555 2477 646 2498 suam
662 2477 728 2498 non
753 2466 882 2505 defore,
904 2467 962 2498 sed
978 2476 1076 2508 quam

390 2519 528 2548 stultam
544 2521 579 2548 et
593 2516 739 2555 futilem,
755 2516 995 2548 animadverte.

434 2569 473 2598 57
490 2565 674 2597 Muneribus
685 2575 787 2597 servos
799 2566 1006 2607 corrumpam]
1022 2566 1078 2598 Ita

392 2615 544 2655 plerique
559 2614 600 2645 ad
619 2623 793 2655 procerum
809 2614 898 2646 aedes
921 2618 1076 2655 penetra-

394 2662 486 2701 bant,
500 2663 603 2693 servis
618 2671 754 2693 munera
768 2663 950 2703 largiendo.
978 2663 1081 2696 Juve-

394 2712 462 2742 nal.
477 2711 550 2743 Sat.
573 2720 628 2742 ιιι.
647 2715 716 2743 18⁴.
743 2712 753 2729 ‘
767 2712 857 2744 Quid
873 2713 931 2744 das
948 2715 985 2744 nt
999 2712 1079 2744 Cos-

397 2769 469 2792 sum
485 2759 660 2801 aliquando
674 2761 797 2792 salutes
809 2761 830 2791 ?'

1165 1785 1208 1813 69
1230 1782 1290 1813 Nil
1302 1783 1368 1814 sine
1381 1791 1492 1821 magno
1512 1781 1587 1813 Vita
1610 1780 1723 1819 labore,
1737 1778 1808 1820 δρα]

1124 1830 1271 1862 Pulchra
1282 1830 1339 1861 sed
1354 1830 1441 1861 male
1451 1830 1616 1861 collocata
1629 1828 1810 1866 sententia,

1123 1883 1161 1908 ut
1197 1879 1245 1909 ait
1277 1878 1459 1910 Landinns.
1503 1879 1555 1909 Ex
1586 1878 1808 1919 Epicharmo:

1122 1927 1188 1957 Τῶν
1211 1925 1310 1958 πόνων
1331 1928 1487 1959 πωλοῦσιν
1506 1927 1578 1966 ἡμῖν
1596 1926 1687 1959 πάντ’
1709 1925 1810 1965 ἀγαθὰ

1123 1974 1195 2006 θεοί.
1238 1976 1407 2007 Laboribus
1434 1978 1565 2008 vendunt
1595 1977 1682 2008 nobis
1709 1976 1815 2007 omnia·

1123 2024 1200 2074 'bona
1216 2024 1286 2057 Dii.

1166 2077 1205 2105 61
1239 2074 1358 2106 Fuscus
1391 2075 1548 2116 Aristius]
1591 2074 1720 2107 Nobilis
1754 2074 1811 2106 ille

1125 2122 1388 2164 Grammaticus,
1403 2124 1444 2155 ad
1468 2134 1567 2166 quem
1582 2129 1634 2156 est
1649 2123 1813 2164 inscripta

1125 2179 1150 2202 1.
1170 2171 1245 2203 Ode
1260 2174 1312 2203 22.
1327 2177 1363 2203 et
1377 2181 1402 2203 ι.
1419 2173 1528 2213 Epist.
1546 2175 1596 2205 10.

1167 2223 1207 2251 63
1233 2221 1350 2259 Rogat,
1369 2225 1402 2252 et
1420 2221 1595 2262 respondet]
1619 2221 1812 2260 Interrognt

1127 2278 1181 2300 me
1196 2270 1323 2300 Fuscus
1343 2269 1352 2286 ‘
1366 2269 1454 2300 unde
1470 2270 1586 2301 venis?
1606 2273 1643 2300 et
1658 2277 1724 2310 quo
1739 2274 1812 2300 ten-

1127 2318 1178 2350 dis
1190 2317 1212 2349 i'
1234 2322 1335 2358 atque
1363 2318 1442 2348 mihi
1466 2318 1585 2349 similia
1607 2317 1739 2357 roganti
1761 2326 1812 2349 re-

1129 2367 1285 2410 spondet.

1174 2418 1292 2449 Vellere
1304 2414 1391 2456 περὶ,
1409 2415 1451 2446 Et
1467 2424 1612 2455 prensare
1626 2425 1728 2452 manu,
1742 2415 1813 2456 ξω]

1131 2468 1223 2500 Quos
1252 2464 1346 2496 nobis
1375 2464 1491 2495 adesse
1515 2464 1709 2504 gaudemus,
1730 2470 1766 2496 et
1794 2475 1814 2496 a

1131 2515 1249 2557 quibus
1286 2512 1445 2544 auxilium
1481 2521 1666 2553 speramus,
1701 2522 1814 2545 eorum

1129 2571 1320 2606 prensamus
1334 2570 1450 2592 manus
1465 2566 1499 2592 et
1516 2561 1673 2594 brachia:
1697 2562 1815 2603 praeci-

1130 2621 1195 2653 pue
1217 2620 1290 2642 cum
1317 2610 1482 2650 angimur,
1507 2618 1570 2641 nec
1596 2615 1714 2651 aperte
1733 2609 1815 2641 lieet

1131 2658 1300 2700 conqueri.
1324 2659 1418 2697 Cruq.

1171 2710 1212 2739 64
1237 2706 1405 2746 Prensare]
1429 2705 1564 2745 Legunt
1587 2706 1642 2737 alii
1664 2710 1814 2747 pressare.

1174 2756 1358 2789 Lentissima
1372 2754 1510 2795 brachia]
1532 2755 1680 2796 Maligne
1694 2754 1814 2787 ceden-
