1890 3256
639 299 916 330 ssnMoNUM
950 299 1046 330 mn.
1077 298 1131 330 11.
1158 289 1200 329 5.

1535 288 1647 330 1019

201 393 314 436 Cum
335 398 376 435 te
397 394 580 436 servitio
601 395 732 447 longo
753 407 943 448 curaque
963 394 1145 446 levarit3

200 461 257 502 Et
276 465 436 503 eertum
457 461 658 515 vigilam,
682 460 863 511 Quartae
885 464 982 502 esto
1003 461 1138 515 partis
1159 459 1360 514 Ulysses,

1563 459 1646 499 100

198 526 422 576 Audieris,
440 529 602 569 haeres:
635 527 751 581 Ergo
772 541 888 570 nunc
910 528 1056 569 Dama
1076 527 1248 569 sodalis

198 591 432 646 Nusquam
451 594 548 634 est?
579 594 696 635 unde
716 593 823 635 mihi
843 599 936 635 tam
956 594 1128 643 fortem,
1150 597 1327 646 tamque
1347 592 1521 634 fidelem
1538 593 1557 631 'l

197 655 367 712 Sparge
388 659 598 701 subinde:
630 663 688 709 et,
711 660 748 700 si
770 660 947 714 paulum
970 665 1116 713 potes,
1137 660 1425 713 illacrymare.

197 724 376 768 Gaudia
394 725 650 779 prodentem
672 727 842 768 vultum
863 727 1021 768 celare.

198 790 472 832 Permissum
494 792 679 833 arbitrio
702 793 795 833 sine
815 792 1023 834 sordibus
1040 796 1238 834 exstrue:
1269 792 1398 834 funus

196 857 376 912 Egregie
394 858 558 899 factum
577 858 726 900 laudet
746 859 922 900 vicinia.

194 923 324 966 Forte
343 924 623 967 cohaeredum
645 926 788 967 senior
807 925 921 967 male
941 926 1112 976 tussiet,
1132 926 1235 967 huic
1259 930 1306 968 tu

194 988 296 1041 Dic,
318 1004 376 1032 ex
397 995 518 1046 parte
539 997 630 1050 tua,
652 1004 733 1033 seu
754 992 877 1033 fundi
899 994 994 1034 sive
1015 992 1172 1034 domus
1193 994 1252 1034 sit

190 1057 357 1108 Emtor,
376 1059 630 1111 gaudentem
650 1071 826 1099 nummo
846 1062 888 1100 te
910 1058 1128 1100 addicere.

192 1123 437 1178 Imperiosa
454 1126 584 1167 trahit
603 1126 893 1178 Proserpina:
924 1126 1027 1167 vive
1049 1126 1251 1179 valeque.

1485 657 1566 699 Est

1082 726 1347 780 Sepulcrum

1563 791 1647 831 105

982 859 1031 899 Si
1051 859 1153 912 quis

1190 1059 1278 1100 Sed
1302 1073 1371 1101 me

1562 1128 1644 1168 110

192 1264 341 1297 diuturna
356 1267 507 1296 servitute
520 1268 551 1297 et
565 1265 777 1304 solicitudine,
791 1274 828 1296 ac
842 1274 913 1296 vere
927 1270 1127 1305 experrectus
1141 1266 1318 1298 audiveris.-
1346 1266 1472 1308 Ulysses
1495 1270 1560 1297 esto
1581 1266 1645 1296 ha.»-

192 1317 242 1338 reae
255 1310 376 1348 quarta!
397 1307 516 1347 partis:
542 1311 607 1339 tum
623 1308 782 1338 exclama:
807 1307 914 1346 Igitur
933 1318 994 1339 non
1015 1312 1103 1339 extat
1124 1309 1256 1349 amplius
1277 1309 1394 1340 amicus
1413 1310 1536 1339 Dama?

1582 1307 1646 1338 Re-

188 1353 260 1389 pete
273 1358 345 1380 uero
359 1349 526 1380 identidem
540 1361 550 1380 .·
577 1348 638 1380 Ubi
652 1350 806 1389 reperiam
819 1359 906 1390 oeque
917 1350 1022 1390 fidum
1037 1360 1122 1391 aeque
1137 1354 1328 1382 constantem
1337 1354 1350 1381 ἲ
1370 1351 1455 1391 sique
1475 1351 1575 1388 vales,
1597 1349 1645 1386 as-

182 1391 286 1429 funde
299 1392 453 1432 lacrymas
463 1392 579 1431 aliquot
589 1402 599 1422 :
621 1395 740 1431 oportet
747 1390 829 1432 ficto
850 1393 937 1422 vultu
952 1393 1107 1423 occultare
1121 1393 1277 1424 laetiliam.
1321 1393 1501 1433 Sepulcrum
1517 1395 1579 1422 tuoe
1593 1401 1647 1422 vo-

190 1433 306 1466 luntati
326 1434 520 1464 commissum
541 1433 661 1474 (edifica
681 1436 846 1463 sumuose.
898 1433 1003 1464 Vicini
1018 1434 1171 1465 celebrent
1192 1435 1344 1474 praeclare
1361 1435 1470 1472 saclas
1487 1433 1644 1473 exequiae.

192 1475 285 1510 Quod
298 1475 328 1506 ei
341 1475 455 1515 aliquis
469 1475 660 1506 cohaeredum
674 1477 769 1505 atate
781 1478 944 1514 provectus
959 1475 1078 1506 laboret
1094 1477 1173 1507 tussi
1195 1476 1390 1515 periculosa,·
1413 1476 1478 1506 sive
1491 1475 1644 1515 proedium

187 1516 254 1548 eive
266 1516 390 1548 domum
404 1527 504 1548 emere
519 1517 607 1557 velit,
620 1517 693 1548 huic
706 1520 741 1548 tu
755 1516 818 1555 dic,
835 1517 906 1547 laete
920 1517 1042 1557 quidem
1055 1518 1199 1549 sestertio
1213 1521 1245 1549 te
1267 1519 1296 1549 ei
1319 1518 1509 1549 traditurum
1521 1520 1645 1558 partem

193 1562 290 1591 tuam.
320 1559 368 1591 At
381 1569 428 1591 me
443 1560 634 1600 Proserpina
649 1558 920 1596 dominatrixjam
933 1563 1074 1591 revocat.-
1098 1561 1167 1592 vive
1181 1563 1211 1592 el
1224 1561 1303 1592 vale.

798 1653 1037 1666 mOomOO‘O

190 1719 304 1761 plures
320 1721 356 1750 et
371 1718 528 1749 meliores
544 1727 599 1758 ap.
613 1718 773 1750 Torreat.
790 1723 826 1750 et
841 1719 922 1751 Vet.
938 1720 1059 1751 Comb.
1083 1729 1171 1759 urge,
1185 1719 1499 1751 Crescentem—100
1518 1720 1649 1756 Quarta·

189 1762 231 1792 eil
251 1761 356 1801 partie
381 1760 516 1802 plurimi
539 1760 639 1791 codd.
662 1765 698 1792 et
721 1760 799 1792 edd.
822 1767 907 1793 vett.
923 1767 1005 1793 ante
1021 1762 1138 1793 Bentl.
1185 1763 1316 1798 Quartae
1336 1765 1400 1793 esto
1418 1763 1522 1802 partis
1547 1763 1644 1794 Harl.

188 1806 220 1835 2.
237 1806 269 1835 3.
282 1806 315 1834 4.
331 1806 364 1834 6.
387 1803 524 1844 quidam
555 1802 722 1842 Lambini,
751 1804 903 1834 Bentleii
933 1804 1085 1844 Magdal.
1112 1809 1148 1836 et
1175 1804 1324 1835 Colbert.
1352 1805 1433 1835 item
1463 1804 1543 1835 edd.
1568 1810 1646 1844 post

188 1844 396 1876 Bentleium.
440 1845 584 1883 vigilans
599 1848 663 1876 esto
678 1846 862 1884 quadrantis
881 1847 992 1878 Ulixes
1009 1847 1154 1887 Cuning.
1196 1847 1306 1878 Ulixes
1321 1850 1405 1877 vett.
1420 1846 1520 1878 codd.
1557 1847 1645 1877 Vide

188 1887 268 1919 Nic.
283 1887 405 1918 Heius.
420 1886 463 1917 ad
480 1887 576 1926 Virg.
595 1887 669 1917 Eel.
688 1896 771 1919 vni.
788 1890 840 1919 70.
856 1893 890 1918 et
908 1888 1020 1929 Heyn.
1037 1889 1138 1920 Varr.
1153 1888 1267 1920 Lecti.
1285 1888 1474 1919 ibid.—103
1498 1888 1596 1919 Harl.
1613 1891 1645 1919 2.

188 1932 224 1962 3.
237 1931 270 1961 4.
285 1932 317 1960 6.
331 1933 367 1961 et
383 1929 465 1960 Vet.
481 1929 599 1961 Comb.
646 1929 691 1959 Et
705 1929 751 1960 eie

769 1939 803 1969 p.
823 1940 855 1970 p.
871 1929 1070 1970 illae-rimare,
1087 1934 1118 1962 et
1135 1931 1263 1962 Gaudia
1272 1941 1285 1968 ,·
1308 1936 1344 1962 et
1359 1930 1408 1962 sic
1424 1931 1536 1962 Bentl.
1568 1940 1644 1970 pru-

189 1972 298 2004 denter
310 1972 398 2002 vultu
412 1971 511 2003 celare
527 1971 625 2002 Harl.
641 1973 674 2002 2.
690 1973 722 2003 3.
737 1974 770 2003 4.
786 1974 817 2003 6.
840 1978 876 2003 et
891 1973 971 2004 Vet.
985 1972 1108 2004 Comb.

840 2085 987 2119 NOTAE

190 2149 286 2181 denti
302 2147 429 2180 affatim
446 2147 558 2180 tribue
570 2152 605 2179 et
621 2148 770 2188 indulge,
781 2148 889 2181 donec

187 2200 260 2239 ille,
275 2199 368 2230 velut
383 2199 503 2240 plenus
520 2202 623 2229 vento
639 2203 726 2234 uter,
743 2199 888 2239 amplius

187 2259 258 2281 non
273 2254 440 2291 expetat3
464 2249 565 2280 immo
581 2249 673 2280 dicat
689 2260 697 2280 :
725 2248 815 2286 Ohe,
836 2259 889 2280 sa-

189 2299 234 2334 tis
249 2305 320 2332 est.

228 2355 272 2385 99
299 2352 378 2384 Cum
393 2355 424 2383 te
436 2352 578 2391 servilio,
593 2353 645 2392 ᾂο.
661 2351 788 2392 levarit]
818 2352 887 2384 Per

186 2408 329 2435 mortem
343 2411 447 2434 suam.

229 2453 293 2484 108
317 2453 472 2493 Exparle
486 2452 557 2493 lua]
580 2452 632 2483 Ex
656 2456 756 2492 parte
779 2451 886 2482 haere-

187 2503 304 2536 ditatis
323 2503 386 2533 tibi
401 2503 532 2534 relicta.

232 2555 295 2584 1⁰9
319 2552 513 2584 Gaudentem
534 2561 657 2584 nummo
677 2554 706 2583 te
727 2550 886 2590 addicere]

187 2602 258 2634 Alii
283 2601 332 2632 sie
352 2601 546 2641 explicant:
568 2601 637 2633 Die
654 2606 689 2632 te
707 2600 884 2642 pecuniam

188 2651 294 2683 malle
310 2659 410 2691 qnam
425 2649 580 2691 fundum,
603 2651 758 2692 adeoque
775 2651 883 2682 liben-

190 2707 244 2732 ter
258 2705 292 2731 te
309 2698 538 2732 venditurum.
575 2699 643 2732 Alii
657 2701 883 2741 interpretan-

190 2756 247 2781 tur
270 2750 311 2779 de
329 2747 412 2779 ficta
437 2752 473 2779 et
493 2749 652 2780 simulata
677 2751 885 2782 venditione.

189 2800 262 2832 Lex
280 2807 400 2839 nempe
425 2798 564 2830 vetabat
587 2807 656 2830 rem
682 2803 886 2833 testamento

941 2151 1088 2193 legatam
1117 2153 1258 2184 donare.
1304 2152 1350 2184 At
1385 2153 1453 2194 legi
1488 2153 1642 2186 fraudem

941 2200 1129 2242 faciebant,
1144 2211 1211 2233 uno
1227 2211 1298 2233 rem
1323 2212 1460 2234 nummo
1481 2204 1642 2236 addicen-

943 2257 1005 2282 tes.
1038 2253 1096 2283 Sic
1118 2252 1206 2283 enim
1222 2262 1275 2284 res
1295 2263 1375 2285 vere
1391 2261 1484 2286 emta
1508 2260 1544 2287 et
1563 2265 1644 2287 ven-

942 2301 1014 2332 dita
1028 2302 1218 2334 dicebatur.

985 2350 1048 2382 Sed
1064 2361 1112 2382 me
1128 2351 1302 2392 Imperiosa
1319 2353 1418 2384 trahit
1433 2354 1643 2394 Proserpina]

939 2399 1033 2440 Apte
1053 2401 1188 2432 omnino
1214 2410 1326 2432 sermo
1352 2402 1576 2442 abrumpitur,
1599 2412 1642 2433 ne

939 2450 1081 2491 Ulysses
1103 2451 1262 2492 loquatur
1285 2451 1320 2482 id
1348 2452 1439 2492 quod
1467 2453 1555 2492 loqui
1582 2453 1640 2484 de-

940 2509 1020 2532 core
1036 2510 1103 2532 non
1127 2505 1275 2541 poterat.
1319 2502 1414 2531 Bene
1442 2511 1522 2533 vero
1547 2503 1640 2534 Tire·

940 2551 1021 2581 siam
1035 2555 1179 2590 repente
1188 2554 1329 2581 revocat
1338 2550 1546 2591 Proserpina
1555 2562 1641 2584 uxor

941 2599 1101 2630 Plutonis
1128 2604 1164 2630 et
1189 2597 1381 2630 Inferoruni
1404 2600 1552 2640 domina,
1577 2611 1642 2643 pro

940 2658 1001 2680 suo
1018 2648 1051 2679 in
1068 2652 1218 2679 mortuos
1232 2657 1360 2678 summo
1373 2649 1527 2689 imperio.
1550 2650 1639 2683 Vide

940 2708 964 2729 1.
991 2699 1059 2730 Od.
1083 2701 1136 2731 28.
1161 2697 1244 2729 item
1267 2698 1391 2739 virgil.
1422 2698 1555 2733 AEneid.
1587 2709 1638 2734 v1.

941 2750 1013 2780 545.
