1930 3242
359 253 443 302 880

361 362 581 412 Quantum
602 364 860 404 carminibus
879 375 978 414 quae
998 367 1172 403 versant
1193 367 1322 416 atque
1344 366 1517 407 venenis

360 428 590 468 Humanos
611 429 800 468 animos:
830 427 909 466 has
928 426 1047 466 nullo
1068 427 1241 478 perdere
1258 441 1435 481 possum

821 276 865 312 Q·
897 273 1102 304 HORATH
1136 271 1307 303 FLAcct

1698 396 1776 475 '20

358 493 456 533 Nec
477 493 701 545 prohibere
721 490 866 539 mod0,
887 491 1066 531 simulac
1088 504 1198 544 vaga
1216 493 1319 534 luna
1339 494 1540 535 decorum

357 557 546 597 Protulit
566 569 631 604 os,
651 556 752 607 quin
773 567 875 595 ossa
893 555 1040 607 legant
1057 557 1293 610 herbasque
1312 564 1526 600 nocentes.

356 621 462 661 Vidi
483 624 650 672 egomet
667 619 784 671 nigra
806 621 1075 661 succinctam
1093 621 1246 663 vadere
1265 624 1386 675 palla

357 685 600 731 Canidiam,
620 683 804 735 pedibus
824 685 970 734 nudis,
989 698 1210 739 passoque
1229 689 1405 741 capillo,

357 751 464 791 Cum
486 750 658 800 Sagana
677 751 837 802 majore
859 751 1123 792 ululantem:
1155 753 1313 805 (pallor
1333 759 1536 808 utrasque
1717 759 1745 798 2

1747 760 1774 799 0¹

354 817 533 856 Fecerat
551 814 782 854 horrendas
800 818 983 868 aspectu
997 814 1030 868 :)
1058 817 1254 869 scalpere
1271 821 1424 860 terram

354 880 596 930 Unguibus,
616 885 661 919 et
680 880 843 931 pullam
863 880 1065 922 divellere
1085 883 1301 923 mordicus
1321 896 1491 936 agnam,

354 945 611 997 Coeperunt3
642 957 768 986 cruor
786 946 828 985 in
849 946 1012 987 fossam
1033 947 1256 997 confusus,
1277 953 1326 987 ut
1346 949 1445 989 inde

351 1079 440 1108 quam
455 1072 608 1107 mulieres,
623 1082 690 1112 quoe
714 1074 861 1105 'cumanus
887 1078 1000 1105 mentes
1021 1074 1181 1114 inflectunt
1196 1076 1428 1107 incantamentis
1446 1079 1478 1107 et
1497 1077 1658 1118 veneficiis.
1701 1078 1773 1108 Has

351 1113 434 1143 nulla
449 1113 566 1144 ratione
578 1123 698 1153 possum
709 1115 845 1154 abigere,
857 1119 910 1146 aut
927 1115 1086 1155 prohibere
1105 1117 1263 1155 quominus
1277 1117 1421 1156 colligant
1437 1127 1506 1147 ossa
1519 1121 1550 1148 et
1563 1117 1671 1148 nerbas
1683 1119 1774 1148 noxi-

351 1161 398 1189 as,
412 1154 519 1185 statim
534 1159 624 1195 atque
639 1156 709 1186 luna
723 1166 847 1187 currens
864 1157 1023 1196 pulchrum
1045 1157 1178 1188 ostenuit
1191 1158 1319 1188 vultum.
1361 1159 1431 1197 Ego
1445 1159 1507 1198 ipse
1520 1159 1665 1199 conspexi
1679 1160 1773 1189 Cani-

350 1193 434 1224 diam
447 1199 517 1226 atra
531 1200 613 1228 veste
626 1198 808 1228 succinctam
822 1199 957 1229 incedere
971 1198 1061 1229 nudis
1081 1198 1217 1237 pedibus,
1239 1199 1378 1230 crinibus
1396 1200 1514 1239 solutis,
1531 1200 1690 1238 eiulantem
1705 1209 1774 1231 cum

350 1233 474 1273 Sagana
485 1238 612 1269 seniore.
658 1239 766 1269 Pallor
781 1240 883 1270 ambas
896 1239 1018 1276 fecerat
1032 1239 1099 1270 visu
1114 1240 1273 1271 terribiles.
1309 1241 1446 1272 Humum
1460 1244 1612 1282 coeperunt
1623 1241 1774 1280 unguibus

350 1276 492 1317 effodere,
509 1289 638 1318 moxque
653 1281 822 1320 discerpere
844 1280 984 1312 dentibus
1006 1281 1154 1312 oviculam
1172 1281 1305 1320 nigram.
1352 1283 1452 1314 Cruor
1465 1282 1499 1314 in
1513 1283 1646 1314 scrobem
1659 1281 1774 1323 affusus

943 1370 1179 1385 “OO'OOOOOOO

351 1431 450 1462 Zeun.
474 1432 663 1464 Bentleium
677 1435 784 1464 secuti
798 1435 942 1476 Cnning.
954 1436 1075 1467 Sanad.
1089 1437 1230 1469 Wetzel.
1244 1436 1420 1476 Heindorf,
1433 1441 1468 1468 et
1483 1436 1671 1468 Kidd.—19
1688 1437 1770 1469 Exc.

347 1473 427 1502 Sax.
445 1473 539 1504 Harl.
562 1477 592 1504 6.
619 1475 662 1506 al.
683 1479 796 1506 vexant
819 1486 878 1516 pro
900 1481 1044 1514 versant;
1066 1478 1114 1508 ita
1130 1487 1261 1518 quoqne
1283 1479 1399 1509 Burm.
1417 1478 1457 1508 ad
1475 1478 1576 1510 Ovid.
1591 1478 1667 1509 Am.
1683 1487 1722 1508 11.
1740 1481 1772 1509 2.

348 1516 399 1544 29.
443 1515 530 1545 Vide
547 1515 587 1545 ad
614 1524 638 1545 ι.
663 1517 732 1547 Sat.
747 1519 778 1547 7.
795 1520 932 1549 15.-20
955 1523 964 1536 ‘
978 1519 1043 1551 Qui
1062 1529 1120 1558 pro
1132 1521 1260 1559 perdere
1274 1519 1390 1549 maluit
1401 1521 1527 1559 pellere,
1542 1520 1598 1550 ine
1611 1520 1658 1550 sic
1674 1529 1770 1550 ener-

349 1554 419 1584 vari
435 1556 617 1586 orationem
636 1557 868 1588 vehementem
884 1559 1002 1599 Priapi
1019 1569 1083 1590 non
1099 1561 1213 1592 sensit.
1242 1560 1331 1591 Nihil
1347 1561 1454 1591 minus
1469 1561 1637 1591 minantur
1652 1560 1772 1591 cornici

347 1595 439 1631 irati,
465 1606 563 1636 quam
586 1598 773 1636 ‘perdere‚’
803 1599 1046 1639 ‘disperdere,’
1074 1602 1082 1617 ‘
1098 1601 1274 1631 cerebrum
1305 1601 1497 1641 dispergere
1523 1602 1558 1632 in
1586 1600 1685 1640 via‚''
1707 1603 1772 1632 &c-

350 1636 530 1668 δραι-24
555 1637 648 1668 Harl.
663 1642 694 1669 2.
709 1642 740 1670 7.
754 1649 915 1679 sparsoque
928 1642 1130 1681 capium—26
1152 1643 1264 1673 Bentl.
1286 1643 1319 1672 in
1342 1642 1395 1673 ed.
1417 1651 1467 1682 pr.
1481 1642 1621 1673 Cantab.
1644 1646 1680 1673 et
1704 1643 1771 1673 Cu-

349 1678 440 1717 ning.
456 1681 710 1718 utramque.-27
734 1681 828 1711 Unus
843 1682 932 1712 Han.
949 1683 1091 1714 divellere
1112 1683 1272 1721 morsibus,
1287 1692 1329 1713 ex
1343 1684 1422 1714 Vet.
1436 1683 1545 1715 Schoi.
1590 1683 1678 1714 Vide
1697 1684 1774 1715 Nic.

346 1719 520 1750 Heinsium
537 1722 578 1750 ad
595 1721 698 1752 Ovid.
715 1723 800 1753 Met.
816 1731 884 1753 xu.
897 1726 1034 1755 2⁷.—28
1059 1725 1181 1764 Coepere
1196 1725 1337 1762 Cuning.
1354 1735 1395 1755 ex
1411 1725 1500 1765 conj.
1515 1729 1553 1756 ut
1568 1725 1687 1756 ultima
1703 1725 1768 1764 syl-

347 1760 423 1790 laba
439 1761 646 1800 producatur
660 1764 701 1793 ob
717 1769 941 1795 consonantes
955 1775 989 1795 cr
1004 1766 1037 1796 in
1055 1774 1136 1796 voce
1150 1775 1251 1798 cruor.
1293 1765 1387 1809 Unus
1411 1766 1500 1797 Han.
1521 1767 1555 1796 in
1567 1766 1688 1804 fossam
1711 1766 1770 1802 dif-

339 1800 441 1837 fusus.
485 1802 599 1834 Bentl.
615 1803 647 1833 in
664 1804 718 1834 ed.
741 1814 790 1844 pr.
807 1806 949 1838 Cantab.
966 1809 1059 1837 1711.
1074 1807 1234 1843 infossam
1249 1817 1316 1838 cum
1329 1807 1447 1844 fusus,-
1467 1811 1503 1838 et
1518 1808 1566 1838 sic
1581 1805 1770 1838 nidd—32

990 1877 1129 1908 NOTAE

389 1937 429 1965 20
453 1934 538 1974 Has]
567 1935 758 1976 Veneticae,
774 1936 958 1976 Canidiam,
973 1938 1029 1968 Sa-

347 1991 476 2023 ganam.

1081 1939 1224 1980 indeque
1253 1939 1421 1973 veneficiis
1451 1941 1598 1972 idoneas.
1649 1941 1782 1973 Menta‘

1082 1997 1152 2027 prae
1174 1988 1295 2018 ceteris
1314 1989 1427 2020 herbis
1443 1990 1636 2022 utebantur.
1679 1991 1767 2022 Haee

386 2034 427 2062 21
451 2031 587 2062 Simulac-
609 2041 689 2070 vaga
715 2034 798 2072 luna,
822 2033 890 2073 ξω]
922 2035 1030 2065 Deco-

346 2089 416 2111 rem
441 2089 535 2110 suum
557 2084 704 2111 ostentat
728 2082 805 2112 luna
828 2083 904 2113 dum
930 2084 1030 2123 plena

345 2132 418 2160 est:
452 2133 486 2159 et
514 2129 575 2160 hoc
605 2131 793 2169 praesertim
824 2136 957 2172 tempus
987 2133 1028 2163 ad

345 2177 574 2218 perpetranda
581 2177 743 2210 veneficia
753 2183 932 2211 assumunt.
943 2180 1029 2211 Vide

345 2226 452 2266 Epod.
471 2235 505 2258 v.
518 2231 554 2257 et
569 2227 630 2257 ult.

387 2278 428 2306 22
453 2276 533 2306 Ossa
558 2276 678 2316 legant]
711 2277 835 2308 Paulus
858 2278 1031 2310 ,Iuriscon-

346 2325 473 2355 sultus:
498 2324 582 2356 ‘Qui
598 2334 616 2355 e
631 2326 786 2365 sepulcro
807 2336 947 2366 corpora
973 2337 1028 2358 ex-

344 2373 521 2412 traxerint,
544 2373 596 2404 vel
615 2382 688 2405 ossa
702 2376 864 2414 eruerint,
879 2376 1028 2407 humilio-

345 2422 390 2452 ris
406 2421 538 2462 quidem
558 2421 702 2454 fortunae
721 2433 849 2455 summo
864 2426 1029 2465 supplicio

346 2469 552 2502 afficiuntur:
575 2471 784 2504 honestiores
805 2477 915 2505 antem
931 2475 964 2506 in
980 2475 1029 2505 in-

346 2520 450 2550 sulam
474 2519 714 2559 deportantur:
745 2522 828 2553 alias
852 2527 910 2554 aut
945 2523 1029 2555 rele-

347 2574 482 2607 gantur,
508 2573 566 2600 aut
590 2569 631 2600 ad
657 2571 792 2602 metalla
810 2571 1030 2605 damnantur!

346 2616 431 2646 Vide
448 2617 556 2656 Epod.
567 2619 628 2649 ult.
645 2619 706 2650 sub
721 2619 831 2651 finem.

387 2664 564 2704 flerbasque
579 2668 732 2708 nocentes]
754 2669 782 2699 E
797 2669 957 2709 sepulcris
970 2679 1026 2700 na-

347 2716 409 2752 tas,
424 2714 517 2754 quasi
532 2722 641 2746 sacras
666 2717 743 2747 Diis
766 2718 930 2757 manibus,
949 2727 1024 2758 pro·

1082 2037 1170 2067 enim
1186 2037 1310 2068 dicitur
1325 2038 1433 2077 pellex
1449 2038 1551 2070 fuisse
1569 2039 1732 2080 Plutonis,
1748 2049 1768 2070 a

1081 2085 1288 2126 Proserpina
1312 2086 1442 2117 demum
1465 2092 1659 2127 concerpta,
1682 2089 1767 2119 etin

1081 2132 1217 2163 herbam
1254 2134 1304 2164 sui
1341 2135 1480 2166 nominis
1518 2135 1765 2168 transformata.

1082 2182 1188 2212 Porro
1224 2183 1406 2213 notandum
1437 2184 1635 2215 Maecenatis
1663 2184 1765 2215 hortis

1081 2239 1146 2261 non
1175 2233 1262 2260 totas
1285 2231 1452 2270 Esquilias
1477 2237 1685 2272 occupatam
1711 2241 1765 2262 su-

1084 2277 1244 2319 perfuisse
1255 2287 1332 2308 vero
1345 2280 1412 2310 illic
1421 2281 1545 2320 aliquot
1560 2281 1722 2319 sepulcra.

1123 2330 1162 2358 25
1188 2327 1264 2357 Cum
1279 2326 1403 2365 Sagana
1414 2328 1541 2367 majore]
1564 2328 1648 2358 Haec
1662 2328 1762 2367 saga-

1083 2385 1126 2406 na
1150 2375 1269 2406 liberta
1291 2374 1355 2406 fuit
1380 2376 1555 2416 Pomponii
1579 2376 1764 2416 Senatoris,

1082 2424 1138 2464 qui
1154 2434 1173 2454 a
1187 2423 1376 2454 Triumviris
1392 2426 1597 2465 proscriptus
1614 2430 1684 2456 est:
1706 2426 1762 2457 ha-

1082 2473 1155 2516 buit
1172 2482 1248 2503 vero
1264 2481 1408 2504 sororem
1435 2479 1514 2504 natu
1539 2475 1697 2505 minorem
1713 2484 1760 2506 se.

1082 2522 1136 2553 Ita
1150 2527 1245 2553 vetus
1263 2522 1523 2554 Commentator.

1123 2573 1163 2601 28
1190 2571 1234 2602 Ut
1255 2571 1326 2601 inde
1349 2572 1460 2602 Manes
1477 2571 1634 2611 elicerent]
1658 2573 1762 2604 Cruo-

1081 2629 1117 2650 re
1131 2620 1258 2651 scilicet
1277 2621 1439 2651 ebibendo
1456 2621 1652 2661 gaudentes.
1705 2622 1761 2654 sic

1080 2669 1251 2700 veteribus
1269 2670 1446 2701 creditum.
