1904 3256
417 290 500 332 666

883 306 926 343 Q.
963 302 1168 334 HoaA'ru
1202 301 1372 331 FnAccr

640 395 747 436 Arat
769 395 939 436 Falerni
959 394 1073 434 mille
1087 393 1208 433 fundi
1222 392 1388 446 jugera,

695 461 752 500 Et
774 461 965 512 Appiam
986 459 1157 500 mannis
1177 460 1302 500 terit?

640 526 945 579 Sedilibusque
967 538 1146 576 magnus
1167 526 1209 565 in
1229 525 1379 578 primis
1401 537 1554 577 eques,

1778 524 1832 564 15

693 591 858 632 Othone
875 595 1103 639 contemto,
1126 591 1278 631 sedet‘l

639 656 758 707 Quid
780 658 929 698 attinet
949 662 1014 697 tot
1031 671 1106 697 ora
1126 657 1296 697 navium
1317 656 1437 709 gravi

694 722 905 764 Rostrata
925 724 1026 764 duci
1048 723 1235 776 pondere

409 837 523 877 jugera
537 839 607 876 agri
625 838 748 870 Falerni
757 849 770 875 ,-
790 842 880 878 atque
894 839 973 869 viam
989 838 1119 878 Appiam
1134 838 1218 878 equis
1232 839 1349 874 calcoet,·
1368 848 1480 869 necnon
1506 836 1637 874 insignis
1661 841 1748 874 eques
1767 830 1835 877 pri-⁶

417 882 474 911 mis
489 881 520 911 in
534 880 684 912 subselliis
695 882 790 919 sedet,
805 881 925 911 Othone
938 884 1049 920 spreto.
1085 880 1168 915 Quid
1181 881 1274 919 juvat
1287 883 1386 912 oerata
1398 884 1500 912 rostra
1518 882 1564 910 tot
1579 877 1702 910 navium
1715 875 1835 912 ingena

1010 972 1125 984 eeeeee

1128 972 1243 984 cccccc

422 1030 551 1066 Wetzel.
595 1035 647 1068 Cf.
667 1037 778 1068 Schol.
799 1037 896 1069 Pers.
911 1046 947 1069 v.
962 1039 1015 1067 14.
1037 1040 1074 1067 et
1089 1035 1210 1067 Isidor.
1227 1036 1323 1076 Orig.
1339 1044 1416 1067 xix.
1429 1037 1568 1066 24.--16
1589 1033 1730 1065 Venett.
1743 1035 1835 1065 1477.

418 1078 511 1108 1478.
528 1079 619 1109 1479.
642 1084 677 1109 et
696 1079 773 1109 Vet.
788 1079 904 1110 Comb.
919 1081 1069 1109 contento.
1110 1077 1120 1094 ⁸
1137 1078 1248 1117 Quod,
1262 1078 1289 1108 si
1305 1078 1514 1115 admittatur,
1529 1077 1577 1108 ita
1589 1076 1653 1107 erit
1666 1075 1835 1115 explican-

415 1116 493 1147 dum
508 1128 516 1155 ;
536 1118 619 1149 adeo
631 1119 769 1150 divitem
785 1121 914 1151 scilicet
939 1119 1041 1150 fuisse
1057 1118 1217 1156 Maenam,
1231 1123 1269 1149 ut
1284 1127 1336 1149 res
1352 1119 1427 1158 ejus
1448 1119 1458 1135 ⁴
1471 1117 1642 1148 suffecerit
1654 1116 1662 1130 '
1683 1122 1718 1148 et
1735 1117 1833 1155 plene

417 1159 427 1175 ‘
441 1158 665 1190 satisfecerit'
686 1161 751 1200 legi
777 1161 933 1198 othonis,
955 1170 1021 1199 qua
1045 1160 1222 1196 sancitum,
1247 1165 1286 1190 ut
1314 1169 1410 1190 nemo
1428 1163 1598 1198 spectaret
1619 1159 1651 1189 in
1675 1157 1835 1188 sedilibus

415 1199 576 1239 equitum,
591 1202 647 1239 qui
661 1202 904 1241 quadringenta
919 1202 1021 1232 millia
1037 1210 1203 1230 nummum
1218 1201 1248 1230 in
1266 1210 1368 1231 censu
1384 1210 1447 1230 non
1462 1200 1612 1230 haberet.
1632 1198 1700 1230 Sed
1715 1198 1835 1238 scripti

417 1240 550 1271 codices
567 1241 608 1271 ad
626 1251 725 1273 unum
742 1253 869 1282 omnes,
891 1247 926 1273 et
940 1242 1105 1273 editiones
1121 1241 1260 1282 reliqum
1283 1245 1434 1272 contemto
1458 1241 1607 1278 habent;
1630 1249 1740 1270 veram
1761 1239 1832 1280 qui-

416 1280 492 1312 dem
512 1282 704 1323 lectionem,
721 1284 778 1315 sed
794 1285 956 1315 hactenus
971 1292 1145 1323 perperam
1161 1282 1391 1314 intellectam-¹
1415 1282 1605 1313 Beata—1⁷
1630 1279 1714 1316 Quid
1725 1280 1838 1312 attinet

416 1325 462 1353 tot
477 1332 529 1353 oro
546 1325 689 1364 Cuning.
735 1326 819 1361 Quid
833 1336 862 1357 α.
878 1329 924 1356 tot
938 1335 1002 1356 ιε’-ιι
1016 1324 1194 1355 emendare
1215 1325 1319 1355 voluit
1334 1325 1447 1356 Bentl.
1464 1324 1628 1362 vulgatam
1644 1326 1754 1354 tamen
1769 1331 1836 1353 non

415 1365 569 1396 mutavit.
601 1367 685 1400 Quid
699 1377 728 1397 α.
742 1371 787 1398 tot
801 1371 901 1397 rostra
915 1377 945 1398 n.
956 1377 992 1405 g.
1010 1367 1123 1397 AErato
1138 1376 1179 1396 ex
1195 1366 1283 1405 conj.
1302 1365 1410 1396 edidit
1428 1364 1554 1396 Sanad.
1570 1373 1712 1404 eumque
1727 1363 1837 1394 secuti

414 1405 562 1442 Towers,
577 1410 611 1437 et
625 1407 740 1439 Jones.
763 1411 771 1425 ‘
788 1408 934 1438 Pessime
949 1408 1106 1438 omnium.
1150 1407 1211 1438 Est
1232 1416 1312 1437 vero
1333 1406 1438 1447 probe
1459 1405 1748 1448 considerandum,
1762 1413 1835 1435 ver·

417 1445 493 1477 bum
508 1447 610 1485 στόμα
633 1458 652 1479 a
674 1448 805 1480 Graecis
823 1449 923 1480 variis
941 1449 1038 1480 rebus
1055 1447 1171 1487 tribui,
1186 1448 1306 1489 quibus
1331 1447 1464 1488 proprie
1490 1456 1555 1478 non
1579 1447 1747 1479 convenit.
1771 1445 1837 1477 vid.

1054 1542 1194 1573 NOTAE

459 1607 497 1635 13
523 1604 662 1644 Falerni]
691 1604 774 1645 Agri
790 1605 907 1646 optimi
923 1610 959 1636 et
974 1605 1100 1646 pretio-

416 1653 546 1683 sissimi.
569 1661 594 1683 1.
610 1653 678 1683 Od.
690 1655 744 1684 20.

458 1701 549 1732 Mille
565 1701 694 1741 jugera]
725 1701 831 1743 Atqui
846 1702 936 1734 cives
951 1702 1028 1733 olim
1044 1702 1102 1734 ho-

415 1749 617 1781 noratissimi
645 1760 709 1781 non
737 1751 811 1790 plus
845 1760 942 1792 quam
971 1756 1101 1791 septem

416 1799 488 1839 agri
511 1799 634 1839 jugera
657 1799 824 1839 possidere
845 1809 888 1831 ex
912 1799 983 1840 lege
1007 1805 1103 1840 pote-

416 1852 506 1879 rant.

459 1899 497 1928 14
519 1896 668 1937 Appiam]
692 1896 804 1937 Appia
820 1897 871 1927 via
887 1897 1022 1937 publica
1041 1896 1101 1928 du-

415 1947 517 1980 cebat
533 1948 574 1978 ad
592 1956 706 1987 agrum
718 1947 916 1978 Falernum:
932 1947 975 1978 ab
992 1946 1102 1986 Appio

417 1996 556 2028 Claudio
567 1996 712 2026 Tribuno
724 1995 830 2036 plebis
840 1996 1007 2036 lapidibus
1017 2000 1102 2027 stra-

415 2051 463 2083 ta,
478 2044 622 2085 indeque
638 2053 755 2075 nomen
771 2045 902 2076 sortita.

459 2093 602 2133 Mennis]
645 2094 746 2134 Equis
791 2093 965 2134 gradariis,
1012 2094 1102 2125 nulla

416 2143 562 2172 vectoris
579 2143 729 2173 molestia
753 2142 997 2182 incedentibus,
1012 2143 1101 2174 Gall.

414 2190 590 2229 haquene‘ee.
635 2192 729 2222 Dicti
763 2197 841 2223 sunt
869 2192 956 2233 quod
986 2201 1100 2223 manus

416 2238 703 2270 mansuetudinem
727 2245 919 2280 sequantur.
966 2240 1038 2271 Hos
1054 2241 1102 2271 in-

415 2287 612 2327 equitabant
625 2291 789 2327 ?proceres
815 2290 1003 2320 duntaxat:
1028 2290 1102 2321 Me-

416 2345 476 2367 nas
490 2340 600 2367 autem
617 2335 704 2367 forte
719 2342 754 2368 et
774 2339 1029 2378 eurruijunctos
1045 2339 1101 2369 ad-

416 2384 569 2424 hibebat,
581 2385 739 2426 singulari
754 2386 888 2427 quidem
907 2387 1101 2427 ambitione,

417 2433 568 2472 mollitie,
581 2433 674 2465 luxu.

459 2486 499 2514 15
529 2482 738 2523 Sedilibusque
765 2493 893 2523 magnus
926 2483 961 2515 in
991 2485 1102 2524 primis

416 2531 520 2571 eques]
541 2531 581 2561 In
598 2530 852 2571 Amphitheatro
868 2532 968 2564 Rom.
984 2533 1101 2563 sedeu-

418 2580 508 2611 tibus
531 2578 574 2610 ad
598 2579 819 2620 spectandum
842 2579 991 2611 distincti
1009 2585 1102 2612 erant

382 2623 385 2625 ’
418 2628 554 2668 gradus,
578 2636 639 2668 pro
663 2627 793 2659 diversa
814 2630 970 2670 cujusque
996 2629 1104 2669 digni-

419 2680 502 2707 tate.
546 2675 761 2707 Orchestram
776 2677 954 2708 Senatores
971 2677 1103 2708 obtine-

420 2724 512 2755 bant.
557 2724 691 2755 Deinde
707 2725 830 2764 gradus
849 2726 1101 2766 quatuordecim

419 2772 595 2815 Equitibus
622 2773 783 2805 Romanis
803 2779 899 2806 erant
920 2775 1101 2807 destinati:

1153 1613 1291 1644 quorum
1315 1603 1411 1644 primi
1432 1602 1587 1634 Tribunis
1602 1602 1752 1643 excepti.
1796 1603 1835 1634 In

1153 1652 1203 1683 his
1219 1653 1334 1693 itaque
1357 1652 1495 1683 sedendi
1516 1651 1574 1691 jus
1596 1650 1741 1683 habebat
1762 1651 1836 1682 Me-

1154 1712 1224 1739 nas,
1240 1703 1442 1733 reclamante
1457 1701 1590 1742 quidem
1610 1701 1699 1740 lege,
1714 1700 1756 1733 de
1772 1710 1838 1742 qua

1154 1760 1231 1782 mox
1247 1751 1367 1782 dicam.
1416 1751 1482 1782 Dio
1498 1749 1556 1780 lib.
1570 1757 1697 1781 xxxvi.

1197 1803 1237 1832 16
1270 1801 1388 1831 Othone
1417 1797 1582 1839 contemto]
1625 1798 1664 1830 L.
1698 1798 1838 1829 Roscius

1154 1849 1245 1880 Otho
1269 1849 1434 1879 Tribunus
1455 1847 1562 1887 plebis
1579 1847 1685 1887 legem
1700 1847 1838 1886 tulerat,

1152 1907 1216 1938 qua
1231 1897 1369 1928 Nobiles
1386 1896 1418 1927 in
1433 1897 1581 1927 'rheatro
1596 1905 1615 1927 ι
1629 1895 1770 1936 plebeiis
1785 1905 1837 1928 se-

1154 1946 1259 1985 parati
1285 1945 1436 1976 aderant.
1482 1943 1570 1975 Hine
1593 1943 1749 1976 Juvenal.
1763 1945 1835 1977 Sat.

1152 2002 1209 2026 nr.
1234 1997 1304 2025 159.
1329 1993 1407 2024 ‘Sic
1437 1992 1566 2024 libitum
1593 2002 1676 2024 vano
1697 1993 1754 2034 qui
1779 2003 1838 2024 nos

1152 2043 1309 2075 distinxit
1321 2042 1472 2073 Othoni.’
1515 2042 1622 2072 Porro
1643 2041 1699 2072 tex
1719 2041 1838 2074 eadem

1153 2092 1290 2124 vetabat
1306 2091 1461 2132 Equitem
1476 2089 1561 2130 fieri,
1576 2099 1614 2120 ae
1630 2089 1664 2120 in
1679 2089 1838 2130 gradibus

1152 2140 1402 2182 Amphitheatri
1431 2138 1685 2181 quatuordeeim
1721 2139 1838 2171 sedere

1153 2199 1239 2230 eum,
1262 2190 1315 2220 eui
1341 2190 1393 2220 vel
1416 2189 1503 2229 patri
1525 2188 1599 2228 ejus
1623 2197 1750 2229 avoque
1770 2197 1837 2220 non

1154 2239 1301 2271 affuisset
1316 2239 1479 2280 equestris
1493 2247 1621 2276 census,
1635 2236 1670 2268 id
1685 2241 1749 2274 est,
1759 2247 1839 2278 qua·

1154 2289 1331 2328 dringenta
1355 2287 1544 2318 sestertium
1569 2285 1681 2317 millia.
1723 2285 1773 2317 At
1788 2286 1837 2317 ni-

1153 2337 1220 2368 hilo
1241 2342 1353 2368 tamen
1374 2334 1481 2377 minus
1507 2335 1554 2366 ita
1573 2333 1716 2374 Jubente
1738 2334 1838 2366 Prin·

1154 2387 1230 2426 cipe
1259 2383 1402 2424 tempori
1432 2382 1565 2423 quidem
1594 2382 1775 2422 serviente,
1799 2387 1838 2414 ut

1155 2434 1238 2472 dixi,
1267 2434 1386 2464 Menas
1421 2439 1629 2472 nequaquam
1663 2430 1837 2471 ingenuus,

1149 2483 1220 2523 jam
1236 2483 1427 2522 opulentus,
1441 2485 1610 2522 contemta
1625 2480 1770 2512 Othonis
1792 2482 1838 2512 le-

1156 2541 1210 2572 ge,
1227 2532 1335 2571 Eques
1357 2529 1466 2561 factus
1483 2529 1582 2559 imrno
1600 2534 1636 2559 et
1657 2529 1839 2570 Tribunus,

1157 2581 1262 2621 prima
1282 2580 1398 2611 sedilia
1420 2579 1452 2609 in
1477 2578 1678 2619 spectaculis
1692 2587 1838 2619 occupa-

1156 2630 1233 2667 bat;
1265 2637 1451 2670 quanquam
1478 2627 1519 2658 ab
1547 2627 1586 2658 iis
1618 2627 1838 2668 dignitatibus

1157 2677 1354 2708 arcebantur
1368 2676 1479 2707 liberti
1495 2679 1596 2716 atque
1612 2675 1772 2707 libertini.

1198 2729 1235 2757 17
1253 2726 1335 2761 Quid
1350 2724 1549 2764 attinendum]
1574 2724 1706 2764 Ergone
1721 2729 1840 2757 contra

1155 2784 1323 2806 servorum
1339 2778 1371 2805 et
1387 2772 1580 2814 praedontun
1592 2772 1774 2805 exereitum
1790 2774 1839 2805 in-
