1956 3236
363 278 447 320 840
817 294 859 330 Q.
890 291 1097 321 HoRA'rn
1134 290 1305 319 FLAccr

363 383 573 435 lugerem.
633 382 668 431 Ἣ
690 382 793 422 Huc
814 381 1000 432 appelle.
1059 379 1094 426 ἾῘ
1111 380 1345 422 Trecentos
1363 382 1546 434 inseris;
1576 385 1684 426 ohe!

362 447 392 488 J
396 461 464 488 am
484 449 589 488 satis
609 452 687 487 est.
747 445 782 492 ἹῙ
798 446 913 485 Dum
935 457 997 484 aes
1020 445 1222 496 exigitur,
1241 445 1340 486 dum
1362 449 1476 488 mula
1490 448 1659 501 ligatur,

361 511 476 552 Tota
494 512 586 552 abit
605 511 735 550 hora:
765 509 868 550 mali
888 509 1067 558 culices,
1085 522 1289 563 ranaeque
1307 513 1533 564 palustreS,

361 577 571 618 Avertunt
586 588 787 616 somnos:
819 576 1040 615 absentem
1060 579 1110 616 ut
1129 580 1271 617 cantat
1290 578 1475 619 amicam

362 643 502 683 Multa
520 642 716 693 prolutus
736 653 884 694 vappa
904 646 1056 690 nauta,
1078 647 1209 695 atque
1227 643 1364 684 viator

361 707 565 747 Certatim
583 719 592 746 :
623 706 802 746 tandem
821 706 966 747 sessus
987 707 1168 748 dormire
1185 709 1325 749 viator

360 772 545 823 Incipit3
577 784 629 812 ac
651 773 798 813 missae
820 777 995 825 pastum
1017 774 1252 815 retinacula
1270 774 1400 815 mulae

1723 581 1780 622 15

357 918 472 955 inferre
495 923 663 958 coeperunt:
685 921 741 951 huc
764 930 869 952 navem
892 923 1031 962 applica:
1053 925 1204 954 trecentos
1228 924 1398 955 introducis
1408 933 1418 953 .·
1439 925 1504 964 ohe,
1525 924 1595 963 jam
1618 928 1666 955 sat
1691 925 1780 956 multi

357 962 438 989 sunt.
482 960 572 990 Hora
600 963 723 1000 integra
748 963 929 1002 absumitur,
951 966 1022 994 dum
1043 966 1172 1002 pecunia
1195 965 1345 1004 exigitur,
1366 966 1493 1006 dumque
1513 967 1594 997 mula
1617 967 1777 1004 alligatur.

357 1000 485 1031 Molesti
498 1002 608 1033 culices
621 1007 651 1033 et
666 1013 749 1034 rana·
759 1006 911 1043 palustres
924 1005 1090 1044 impediunt
1102 1015 1247 1045 soporem.
1295 1007 1399 1038 Nauta
1412 1009 1506 1038 nimio
1517 1007 1648 1045 refertus
1661 1008 1731 1038 vino
1743 1017 1780 1038 uc

356 1042 457 1072 viator
473 1043 613 1074 certatim
627 1050 738 1076 canunt
758 1046 887 1076 amicam
901 1047 1064 1077 absentem.
1112 1048 1254 1088 Denique
1268 1048 1369 1078 viator
1381 1049 1541 1087 fatigatus
1554 1049 1687 1080 dormire
1700 1049 1780 1079 inci-

353 1083 425 1123 pit:
448 1087 571 1124 tumque
584 1085 714 1125 ignavus
727 1091 822 1118 nauta
837 1089 877 1118 ad
890 1097 997 1118 saxum
1012 1089 1091 1126 ligat
1099 1089 1208 1126 sunem
1221 1090 1310 1120 mulce
1324 1090 1364 1120 ad
1374 1090 1519 1130 pabulum
1526 1090 1678 1138 fflimisqoe,
1689 1093 1780 1130 atque

952 1193 968 1204 Ο
973 1192 1026 1204 ‘O‘
1030 1192 1184 1205 “0060“

357 1260 454 1294 Harl.
470 1265 502 1294 4.
519 1267 554 1294 ct
569 1264 646 1294 edd.
660 1269 741 1296 vett.
755 1266 910 1297 absentem
924 1270 1039 1298 cantat.
1082 1267 1180 1298 Harl.
1193 1269 1224 1298 2.
1239 1269 1269 1298 3.
1285 1269 1318 1297 ὃ.
1336 1269 1367 1297 7.
1382 1275 1462 1296 unus
1478 1263 1570 1298 Han.
1583 1266 1678 1297 Gott.
1693 1266 1778 1296 Exc.

355 1303 434 1335 Sax.
456 1305 671 1338 'l'orrentiani
698 1317 763 1338 non
788 1309 896 1348 pauci,
914 1309 1059 1349 quinque
1083 1308 1273 1347 Pulmauni‚
1295 1308 1438 1339 Bentleii
1467 1307 1562 1338 Laid.
1589 1307 1667 1338 Gal.
1683 1307 1783 1347 Mag·

357 1344 423 1376 dal.
444 1346 586 1387 Franeq.
604 1353 640 1379 et
662 1358 681 1379 a
703 1359 752 1388 pr.
769 1359 812 1380 m.
829 1350 985 1381 Petu-ens.
999 1351 1153 1381 absentem
1175 1354 1209 1380 ut
1233 1353 1337 1380 cantat
1352 1360 1364 1385 ;
1386 1348 1473 1389 qnod
1489 1357 1648 1388 recepere
1665 1349 1781 1381 Bentl.

355 1386 476 1417 Sanad.
492 1388 641 1427 Francis,
656 1391 756 1421 Baxt.
768 1391 873 1421 Gesn.
890 1392 995 1422 Zeun.
1010 1392 1149 1422 Wetzel.
1165 1390 1347 1428 Heindorf,
1362 1391 1499 1429 Bipont.
1513 1388 1646 1421 Wakef.
1659 1389 1778 1421 Comb-

356 1431 391 1457 et
405 1427 592 1460 mum—18
609 1432 750 1471 Cuuing.
765 1441 800 1462 ac
812 1436 934 1471 pastum
945 1433 1140 1463 minan—20
1153 1432 1249 1464 Harl.
1267 1435 1298 1463 2.
1313 1435 1343 1463 3.
1358 1434 1388 1462 4.
1403 1435 1432 1462 6.
1444 1434 1475 1462 7.
1488 1432 1572 1462 Exc.
1584 1432 1662 1462 Sax.
1679 1430 1777 1462 Gott.

995 1536 1137 1568 NOTAE

353 1605 550 1636 serationem
567 1608 783 1646 plurimorum
795 1608 963 1640 confusam
975 1610 1040 1648 sig-

354 1653 503 1685 nificant.
527 1654 656 1686 Festus.
693 1656 760 1687 Alii
778 1657 887 1688 aliter.
911 1659 920 1675 ‘
938 1658 1040 1689 Vocis

353 1703 620 1735 contentionem'
639 1710 736 1736 notat
757 1715 796 1737 ea
813 1716 894 1738 voce
911 1707 1041 1739 Tullius

354 1752 452 1783 variis
469 1753 562 1784 locis.
597 1754 708 1794 Epist.
726 1764 748 1786 1.
768 1760 799 1787 5.
817 1759 826 1774 ‘
844 1756 1040 1798 Pompeius,

353 1810 428 1832 cum
442 1810 502 1841 pro
514 1802 643 1834 Milone
654 1803 796 1844 diceret,
807 1805 951 1835 clamore
962 1814 1040 1836 con-

353 1849 688 1891 vicioquejactatus.’
706 1852 801 1884 Orat.
813 1862 846 1883 n.
855 1856 927 1884 160.
936 1855 945 1870 ⁴
956 1854 1042 1885 Con·

353 1897 441 1929 vicio
454 1899 580 1929 aurium
593 1901 670 1931 mihi
686 1906 819 1931 extorta
831 1901 954 1932 veritas
967 1900 1041 1932 est!

395 1949 435 1979 12
451 1946 524 1978 Huc
535 1949 659 1988 appelle,
671 1949 739 1989 ξω]
756 1949 868 1980 Verba
881 1953 959 1980 sunt
971 1958 1039 1980 ser-

352 2004 468 2028 vorum
477 2000 596 2027 contra
604 2003 738 2036 nautas,
746 1997 801 2038 qui
812 1998 922 2038 plures
933 2007 1039 2039 quaes-

352 2048 406 2075 tus
422 2053 522 2075 causa
537 2046 752 2086 excipiebant
764 2047 796 2077 in
807 2047 935 2078 navim:
953 2048 962 2063 ‘
974 2052 1038 2078 tre-

351 2092 491 2132 centos,'
506 2093 540 2125 id
557 2095 727 2134 est‚nimis
744 2096 950 2135 multos,uon
967 2096 1037 2126 sine

351 2141 500 2182 periculo
513 2143 751 2183 navigantium,
760 2144 802 2176 ob
811 2144 946 2175 nimium
956 2153 1037 2175 onus

352 2199 391 2222 ac
409 2191 548 2231 pondus.

394 2243 434 2271 13
457 2241 541 2272 Dum
561 2252 605 2273 ωε
625 2243 778 2284 exigitur]
801 2244 960 2284 Nauium,
978 2254 1037 2276 na-

351 2289 527 2330 vigationis
543 2292 699 2331 pretium.

393 2339 485 2370 Mula
497 2340 630 2380 ligatur]
652 2342 815 2373 Tractura
828 2344 938 2374 navim
958 2353 1036 2375 con—

351 2390 406 2419 tra
419 2397 550 2428 aquam.
573 2390 692 2422 Strabo
704 2391 759 2422 lib.
769 2401 803 2423 v.
819 2393 828 2410 ⁴
839 2402 945 2433 prope
957 2395 1036 2424 Tar-

352 2437 498 2470 racinam
514 2438 579 2470 iter
593 2438 731 2471 facienti
744 2442 879 2472 Romam
892 2441 980 2473 fossa
995 2443 1037 2474 ad

351 2486 497 2527 Appiam
515 2489 706 2530 apponitur,
720 2494 756 2521 et
771 2491 904 2532 quidem
923 2494 1036 2524 multis

351 2536 385 2567 in
402 2536 496 2575 locis,
510 2546 608 2577 quam
632 2542 667 2570 et
690 2540 853 2579 palustres
873 2546 910 2573 et
922 2540 1038 2574 fluvia-

351 2584 427 2615 tiles
452 2585 595 2625 implent
623 2596 730 2628 aquoe.
772 2589 842 2620 Per
863 2598 936 2622 eam
959 2600 1036 2622 noc-

352 2635 449 2663 turna
479 2634 621 2666 maxime
649 2635 688 2667 fit
704 2637 895 2677 navigatio,
917 2643 954 2671 ut
979 2640 1036 2681 qui

351 2681 465 2720 primis
488 2684 712 2717 conscendant
728 2687 888 2727 tenebris,
904 2688 1034 2719 oriente

351 2731 421 2762 sole
449 2732 590 2772 egressi,
619 2734 682 2765 viae
713 2734 834 2776 Appiae
869 2736 1033 2777 reliquum

352 2778 506 2821 evadant,
522 2785 557 2813 et
572 2782 718 2816 interdiu
740 2784 948 2817 trahentibus
964 2794 1033 2816 mu-

1092 1609 1133 1640 lis
1145 1609 1304 1646 remulco,
1320 1606 1574 1647 perambulent:

1135 1661 1175 1689 14
1197 1657 1280 1688 Mali
1305 1655 1432 1695 culices]
1463 1656 1569 1687 Culex
1591 1655 1638 1686 ab
1660 1656 1778 1687 aculeo

1093 1706 1215 1744 dictus,
1231 1705 1283 1736 vel
1297 1705 1391 1746 quasi
1406 1703 1644 1746 cutilexrquod
1663 1710 1776 1739 cutem

1093 1755 1250 1787 lacessat.

1134 1805 1288 1845 Ranaeque
1312 1803 1474 1844 palustres]
1510 1802 1564 1834 Ad
1597 1802 1776 1834 discrimen

1089 1854 1229 1884 aliarum
1250 1863 1323 1894 quae
1347 1852 1475 1883 rubetae
1499 1855 1672 1888 vocantur,
1687 1855 1723 1882 et
1742 1851 1776 1882 in

1090 1902 1240 1933 semibus
1257 1911 1295 1932 ac
1311 1901 1419 1932 dumis
1435 1901 1579 1932 latitant.
1609 1900 1681 1931 111ae
1697 1909 1776 1940 ergo

1090 1953 1269 1980 coaxantes
1300 1949 1483 1980 viatoribus
1505 1958 1563 1980 seu
1587 1949 1777 1988 naviganti-

1090 1997 1150 2028 bus
1173 2007 1324 2029 somnum
1347 1997 1509 2036 adimunt,
1529 2006 1591 2037 per
1613 1997 1775 2036 importu-

1089 2056 1167 2078 num
1177 2057 1215 2078 ac
1228 2047 1386 2088 frequens
1398 2044 1588 2086 βρεκεκεκὲξ,
1597 2042 1682 2086 κοὰξ,
1692 2044 1775 2084 κοάξ.

1090 2095 1306 2136 Aristophan.
1324 2096 1410 2128 Ran.
1687 2112 1690 2114 v

1131 2148 1170 2176 15
1187 2145 1318 2184 Cantat]
1336 2145 1389 2175 Ad
1406 2144 1644 2177 sublevandum
1660 2145 1775 2176 borro-

1090 2205 1159 2226 rem
1175 2205 1214 2227 ac
1231 2195 1368 2226 taedium
1391 2195 1546 2226 nocturni
1562 2195 1718 2234 temporis
1734 2203 1774 2224 ac

1088 2245 1223 2277 silentii.

1132 2296 1172 2325 16
1181 2292 1343 2331 Prolatus]
1358 2292 1475 2331 Virgil.
1492 2291 1624 2322 AEneid.
1638 2299 1663 2322 ι.
1679 2291 1689 2308 ¹
1701 2291 1773 2332 ple-

1088 2352 1131 2375 no
1146 2352 1182 2374 se
1199 2341 1322 2382 proluit
1337 2339 1440 2371 ειη-ο]

1133 2396 1172 2425 18
1182 2394 1231 2424 Ac
1241 2393 1339 2423 missoe
1348 2395 1480 2431 pastum,
1488 2390 1557 2431 ξω]
1574 2389 1642 2420 Ubi
1660 2394 1774 2428 nauta,

1090 2444 1147 2485 qui
1169 2443 1288 2474 mulam
1310 2440 1557 2478 moderabatur,
1570 2439 1674 2470 sensit
1696 2438 1773 2470 dor·

1090 2492 1174 2523 mire
1197 2491 1354 2529 viatores,
1375 2493 1410 2519 et
1437 2488 1508 2528 ipse
1534 2487 1773 2518 dormituriens

1090 2542 1210 2573 mulam
1226 2539 1325 2571 solvit
1340 2543 1537 2578 pastumque
1552 2535 1706 2575 dimittit,
1719 2534 1770 2567 fn-

1090 2601 1164 2622 nem
1189 2598 1265 2622 vero
1287 2587 1412 2628 navigii
1433 2586 1555 2626 religat
1577 2584 1619 2616 ad
1641 2594 1772 2626 saxum,

1089 2647 1228 2679 moxque
1242 2636 1353 2676 sopori
1367 2645 1402 2666 se
1413 2634 1520 2666 tradit
1535 2633 1625 2664 humi
1637 2636 1776 2673 stratus,

1088 2696 1204 2728 parum
1223 2686 1371 2717 solicitus
1388 2694 1453 2725 qua
1473 2684 1556 2715 liora
1581 2682 1772 2724 perveniret

1087 2736 1129 2768 ad
1145 2735 1346 2768 destinatum
1361 2735 1483 2765 locum.
