1890 3256
663 293 939 325 saumonem
976 292 1073 345 ma.
1105 292 1158 323 11.
1187 281 1231 322 4.
1565 278 1673 322 1001

227 389 346 431 Ante
366 402 511 431 meum
534 388 640 430 nulli
661 389 805 442 patuit
825 388 1016 443 quaesita
1035 387 1246 441 palatum.

227 456 339 499 Sunt
359 469 546 511 quorum
567 456 787 508 ingenium
803 468 920 496 nova
939 459 1106 496 tantum
1129 450 1326 494 crustula
1342 450 1517 504 promit.

227 523 524 577 Nequaquam
544 523 658 564 satis
674 521 720 562 in
739 535 786 563 re
806 535 894 562 una
915 532 1176 563 consumere
1195 529 1372 568 curam3

227 589 291 630 Ut
309 590 347 630 si
367 590 468 643 quis
488 588 749 637 solumhoc,
770 588 891 629 mala
909 601 962 628 ne
981 588 1068 628 sint
1086 586 1207 637 vina,
1224 585 1411 634 laboret,

228 654 365 706 Quali
386 654 614 709 perfundat
634 655 782 708 pisces
801 667 979 696 securus
998 653 1136 696 olivo.
1620 652 1679 692 50

228 722 430 763 Massica
448 721 488 762 si
509 721 624 762 coelo
644 733 876 774 supponas
895 722 998 761 vina
1018 733 1184 769 sereno,

229 788 474 837 Nocturna,
496 787 534 828 si
555 786 662 841 quid
683 788 823 829 crassi
838 791 920 837 est,
941 787 1192 828 tenuabitur
1212 798 1336 835 aura,

227 913 285 944 qne
297 905 340 935 sit
361 905 497 945 piscibus
510 909 541 937 et
555 906 672 937 avibus.
715 905 798 936 Sunt
813 914 942 946 quorum
955 905 1115 944 ingenium
1130 914 1224 936 novas
1237 906 1394 936 Mntaxat
1416 906 1574 944 placentas
1590 915 1679 936 exco-

223 945 322 986 gitat.
369 947 443 979 Non
459 948 575 990 sufficit
585 958 680 979 unam
692 957 759 980 rem
780 957 906 979 curare.-
929 948 1182 988 quemadmodum
1196 947 1226 978 si
1239 947 1394 988 quispiam
1407 947 1465 978 hoc
1479 951 1601 979 tantum
1615 951 1681 979 sat·

226 991 303 1026 agae
317 991 354 1020 ut
369 989 474 1021 vinum
486 990 530 1022 sit
545 991 746 1031 exquisitum,
765 999 877 1030 parum
896 989 1038 1021 solicitus
1060 999 1120 1030 quo
1135 990 1200 1021 oleo
1220 990 1320 1030 pisces
1333 989 1478 1028 inungat.
1522 989 1561 1021 Si
1574 993 1681 1030 aperto

225 1029 293 1061 aeri
307 1040 445 1071 exponas
458 1033 532 1064 vina
547 1034 700 1072 Massica,
720 1032 865 1073 quicquid
886 1031 986 1063 crassi
1006 1032 1088 1064 inest
1108 1032 1337 1073 expurgabitur
1359 1035 1512 1063 nocturna
1535 1041 1628 1072 aura,
1650 1035 1682 1063 et

840 1114 1078 1128 Oomom

230 1178 337 1220 antiq.
360 1179 525 1211 Foeeundoe
540 1180 573 1211 in
585 1179 711 1212 ceteris
727 1179 828 1212 codd.
839 1185 875 1212 et
887 1179 1055 1220 edd.post
1067 1179 1270 1211 Reum—46
1282 1180 1367 1211 Exc.
1383 1180 1464 1211 Sax.
1481 1181 1612 1221 quaesita
1626 1191 1684 1220 pa·

228 1221 390 1252 laem—48
404 1222 414 1239 ‘
426 1222 576 1253 Nimium
592 1227 770 1263 argutatur
783 1220 872 1253 Dan.
886 1221 1061 1258 Heinsius,
1073 1231 1149 1253 cum
1160 1221 1224 1253 boc
1236 1222 1337 1254 modo
1349 1221 1563 1262 distinguere
1570 1222 1686 1263 jubet,

230 1262 313 1293 Sunt
327 1272 455 1304 quorum
477 1264 637 1304 ingenium
651 1274 730 1296 nova
743 1268 867 1296 tantum
887 1266 1025 1296 mma
1045 1265 1161 1304 promit
1169 1274 1183 1301 ‚·
1209 1264 1410 1305 Nequaquam
1431 1265 1510 1296 satis
1523 1265 1558 1296 in
1573 1274 1607 1296 re
1621 1274 1684 1295 una

228 1315 403 1336 consumere
417 1315 540 1338 curam.-
565 1313 599 1338 et
615 1307 654 1337 τὸ
667 1307 748 1337 satis
763 1307 916 1346 explicat
931 1316 998 1339 non
1015 1304 1097 1345 ἅλις,
1113 1307 1172 1337 sed
1195 1305 1267 1338 ἅλις
1281 1307 1325 1338 ὄν·
1348 1305 1412 1338 hoe
1428 1311 1495 1345 est,
1515 1307 1600 1338 Cum
1615 1316 1683 1338 non

229 1347 275 1378 sit
290 1347 387 1385 satis,
404 1349 457 1379 vel
474 1348 759 1389 Quandoquidem
777 1357 988 1390 nequaquam
1004 1353 1056 1381 est
1071 1349 1166 1380 satis.
1210 1349 1277 1380 Sed
1299 1348 1386 1390 quis,
1402 1348 1557 1387 obsecro,
1571 1349 1625 1380 sic
1636 1349 1684 1380 lo-

230 1394 330 1420 cutus
353 1391 430 1420 est?
449 1399 524 1420 nam
551 1389 707 1430 profecto
734 1391 903 1430 exempla,
925 1400 1002 1431 quae
1027 1391 1073 1421 ibi
1101 1389 1246 1430 profert,
1270 1390 1353 1421 nihil
1378 1390 1418 1421 ad
1445 1399 1515 1422 rem
1540 1389 1686 1422 faciunt.

229 1430 338 1462 Immo
354 1431 528 1463 enimvero
552 1432 633 1463 satis
656 1431 711 1463 bic
726 1437 778 1463 est
794 1430 864 1463 ἅλις
879 1431 970 1463 ἐστίτ
995 1433 1122 1472 quippe
1137 1432 1199 1463 boc
1215 1431 1258 1463 ad
1278 1436 1461 1472 sequentes
1485 1441 1601 1463 versus
1627 1441 1685 1471 po-

229 1472 310 1511 tius,
333 1481 434 1513 quam
457 1473 499 1504 ad
525 1474 774 1513 praecedentem
799 1473 957 1505 refertur.
1002 1473 1103 1505 Unde
1126 1472 1268 1510 factum,
1283 1478 1321 1505 ut
1335 1472 1373 1504 τὸ
1387 1477 1435 1504 est
1456 1473 1491 1504 in
1515 1474 1685 1505 nonnullis

229 1514 405 1546 codicibus
418 1517 532 1547 versui
550 1515 741 1547 inseratur:
767 1516 801 1547 in
818 1515 950 1547 duobus
968 1515 1170 1556 eruquianis
1185 1515 1247 1555 sie,
1269 1516 1476 1556 Nequaquam
1498 1516 1577 1546 satis
1596 1516 1631 1547 in
1652 1526 1686 1547 re

229 1566 293 1588 una
313 1560 359 1588 est
378 1567 461 1589 cons.
483 1567 601 1589 euram.
645 1558 687 1589 In
714 1558 836 1598 Regio,
860 1558 1064 1598 Nequaquam
1090 1558 1169 1589 salis
1192 1558 1226 1588 in
1251 1567 1287 1589 re
1307 1567 1368 1589 una
1393 1568 1476 1589 cons.
1497 1567 1604 1589 curam
1626 1562 1685 1589 est.

230 1599 397 1640 Equidem
415 1600 463 1631 sic
487 1600 598 1641 potius
615 1600 867 1638 constituerim,
896 1600 1099 1640 Nequaquam
1120 1602 1167 1630 est
1188 1600 1267 1631 satis
1281 1599 1316 1630 in
1331 1609 1365 1631 re
1380 1609 1441 1630 una
1456 1610 1539 1631 cons.
1556 1610 1662 1631 curam
1673 1611 1686 1637 ;

230 1642 285 1671 vel
300 1642 362 1678 sic,
379 1642 459 1683 Neq.
473 1642 552 1674 salis
566 1645 612 1674 est
624 1643 658 1672 in
671 1651 738 1673 rem
752 1651 845 1672 unam
859 1641 1012 1672 insumere
1027 1650 1143 1672 curam.
1187 1642 1277 1672 Nam
1294 1640 1547 1672 Lambethanus
1563 1641 1687 1677 codex,

231 1682 297 1713 etsi
312 1683 341 1713 is
358 1684 528 1715 recentior
543 1689 610 1722 est,
632 1684 714 1724 Neq.
728 1684 809 1715 soris
823 1686 870 1714 est
883 1683 916 1714 in
931 1692 965 1714 re
979 1692 1042 1714 una
1055 1682 1215 1716 absumere
1229 1692 1347 1713 curam.
1393 1683 1511 1720 Certe,
1534 1683 1600 1714 etsi
1623 1683 1687 1714 hac

230 1724 404 1756 locutione
418 1726 548 1757 Noster
561 1726 779 1757 veliementer
793 1725 956 1756 delectari
974 1730 1010 1756 et
1023 1724 1212 1765 saepissime
1226 1734 1304 1755 usus
1319 1733 1394 1755 esse
1407 1724 1690 1765 deprehenditur,

231 1775 415 1807 numquam
431 1773 544 1799 tamen
559 1766 598 1798 τὸ
611 1767 692 1798 satis
705 1767 832 1798 nudum
849 1771 884 1798 et
902 1767 1136 1798 incomitatum
1152 1766 1264 1807 posuit
1278 1767 1351 1797 sine
1368 1767 1470 1798 verbo
1486 1766 1554 1799 εει)
1573 1767 1688 1798 Remi.

230 1808 309 1839 uatis
322 1812 369 1840 est
383 1818 418 1840 re
434 1809 576 1849 Cuning.
592 1814 627 1841 et
642 1809 854 1841 Sanad.—5o
875 1809 956 1840 Vet.
973 1808 1092 1840 Comb.
1111 1808 1377 1850 mesariam—51
1403 1812 1412 1826 ‘
1427 1809 1550 1840 Plures
1570 1814 1607 1840 et
1631 1819 1688 1840 ve-

232 1851 395 1881 tustiores
412 1851 505 1882 Libri
521 1861 684 1893 suppones,
711 1851 820 1892 inquit
843 1851 1031 1882 Bentleius.
1074 1851 1203 1881 Verum
1227 1851 1262 1881 in
1282 1850 1350 1882 isto
1364 1850 1536 1891 Tempore
1561 1851 1688 1890 saepius

230 1891 474 1924 hallucinatum
491 1898 544 1924 est
563 1903 584 1924 a
600 1894 775 1932 bibrax-iis,
800 1898 838 1924 ut
861 1893 1006 1932 nescias,
1031 1892 1111 1933 quid
1133 1893 1178 1923 sit
1201 1897 1346 1931 rectum,
1368 1892 1449 1933 quid
1469 1892 1561 1924 non!
1585 1893 1687 1924 Baxt.

234 1934 418 1966 Nonnullae
435 1935 513 1967 edd.
527 1944 689 1976 suppones,
702 1940 739 1966 et
755 1935 803 1966 ita
820 1935 874 1966 Fr.
893 1935 1028 1966 Odinus
1046 1934 1079 1965 in
1096 1933 1240 1966 Advers.
1260 1934 1345 1966 Crit·
1362 1934 1463 1966 Obss.
1478 1935 1580 1966 Misc.
1597 1935 1688 1966 Nov.

235 1979 317 2008 tom.
332 1985 401 2009 ιιι.
424 1987 457 2017 p.
480 1980 556 2010 441.
578 1987 728 2018 suppones
746 1977 848 2008 etiam
874 1977 973 2009 Harl.
987 1979 1021 2007 2.
1036 1979 1068 2007 3.
1081 1978 1115 2007 Δ.
1131 1979 1163 2007 6.
1185 1986 1355 2016 supponens
1370 1975 1452 2008 Ve‘t.
1469 1977 1590 2008 Comb.
1619 1987 1689 2017 sup-

232 2026 328 2057 pones
339 2019 412 2049 coelo
425 2020 455 2050 si
469 2019 544 2050 vina
557 2016 663 2050 seren‘o
688 2019 834 2059 Cuning.
856 2019 1006 2050 Bentleii
1029 2019 1121 2050 solus
1143 2018 1297 2058 Magdal.
1310 2022 1346 2050 et
1362 2018 1440 2050 edd.
1466 2023 1544 2059 post
1563 2018 1690 2050 Aldum

238 2068 346 2100 usque
361 2059 404 2092 ad
420 2061 535 2094 Bentl.
556 2061 639 2092 item
661 2061 766 2092 Baxt.
786 2060 894 2092 Gesn.
909 2061 1018 2092 Zeun.
1034 2060 1164 2102 Delph.
1180 2061 1347 2101 Dunster‚
1363 2061 1503 2102 Bipont.
1519 2065 1555 2094 et
1571 2061 1690 2093 Comb.

894 2155 924 2186 N
931 2154 1035 2186 OTAE

239 2227 299 2250 su:
323 2218 370 2250 Et
396 2219 500 2250 semel
526 2218 656 2259 aspecti
677 2219 773 2250 littus
796 2218 938 2250 dicebat
990 2220 1024 2251 in
1040 2219 1149 2260 cadis,
1165 2219 1337 2251 verberari
1358 2220 1443 2259 sole,
1467 2220 1556 2260 luna,
1571 2220 1691 2258 imbre,

238 2267 375 2300 echini.’
991 2269 1112 2308 ventis,
1126 2269 1338 2309 aptissimum
1356 2268 1514 2301 videtur!
1552 2270 1693 2301 Scilicet

282 2321 324 2349 47
349 2316 513 2358 Cruslula]
536 2317 626 2349 Gall.
647 2318 685 2348 de
709 2318 740 2348 la
758 2318 935 2358 patisserie.
991 2318 1047 2349 ubi
1061 2319 1183 2350 caelum
1204 2318 1362 2355 calidius,
1387 2319 1466 2349 vina
1490 2319 1552 2350 sub
1567 2319 1623 2350 dio
1640 2328 1693 2350 re·

239 2367 293 2398 De
309 2367 359 2398 liis
384 2368 550 2408 scriptum
575 2378 596 2398 a
618 2367 717 2399 Catio
739 2367 863 2399 librum
886 2377 937 2398 re·
990 2368 1207 2408 linquuntur:
1233 2367 1289 2399 ubi
1314 2366 1485 2408 frigidius,
1511 2367 1692 2399 defodiun-

241 2416 312 2449 fert
325 2417 615 2450 Vet.Comment.
661 2418 712 2450 Eo
727 2416 816 2448 forte
832 2418 939 2457 respi-
993 2421 1048 2448 tur
1077 2421 1172 2450 tota:
1205 2417 1263 2448 ubi
1292 2417 1454 2456 medium,
1483 2416 1608 2456 partim
1634 2415 1692 2446 ab·

242 2467 292 2497 cit
305 2471 342 2498 et
356 2466 477 2499 alludit
491 2466 656 2498 Satiricus
672 2471 796 2498 noster.
991 2467 1117 2498 duntur
1146 2472 1252 2506 terra,
1282 2466 1409 2506 partim
1438 2466 1527 2496 coelo
1555 2465 1694 2505 permit·

248 2538 250 2540 v
286 2518 327 2546 51
351 2516 767 2557 Massicasiooelosupponas
779 2515 941 2557 vina‚8se.]
992 2521 1131 2548 tuntur=
1156 2516 1267 2557 inquit
1291 2515 1549 2554 Dalecampius.
1585 2515 1693 2546 Athe-

244 2564 337 2596 Plin.
353 2573 434 2596 xiv.
451 2568 503 2596 21.
540 2566 550 2582 ‘
568 2566 724 2597 Mitiores
746 2567 858 2607 plagae
882 2565 940 2597 do·
992 2576 1086 2597 naeus
1111 2576 1136 2598 1.
1162 2569 1216 2597 25.
1240 2566 1370 2605 pariter
1392 2564 1496 2595 docet
1508 2564 1584 2595 vina
1601 2575 1694 2606 quae-

245 2614 301 2644 liis
323 2614 488 2653 condunt,
513 2614 751 2657 infodiuntque
770 2620 873 2647 terrae
890 2620 942 2646 to·
993 2615 1068 2646 dam
1085 2619 1206 2655 aperto
1221 2615 1297 2644 loco
1318 2612 1382 2644 sub
1397 2613 1454 2643 dio
1476 2614 1693 2654 exponenda,

246 2668 294 2701 ta,
310 2667 370 2694 aut
385 2662 427 2694 ad
442 2664 631 2703 portionem
646 2666 750 2696 situs:
776 2666 856 2696 item
873 2675 940 2696 coe-
995 2671 1033 2696 ut
1063 2664 1167 2695 nimia
1195 2664 1326 2694 illorum
1358 2663 1571 2694 vehementia
1596 2664 1694 2703 expi-

247 2714 317 2744 lum
345 2712 520 2752 praebent:
556 2713 637 2746 alibi
663 2724 743 2746 vero
773 2715 941 2756 impositis
996 2713 1102 2745 raudo
1117 2713 1300 2745 minuatur.
1333 2712 1386 2744 De
1400 2712 1538 2744 Massici
1551 2712 1619 2744 vini
1633 2713 1695 2744 bo-

248 2762 352 2794 tectis
367 2761 508 2794 arcent.1
541 2763 587 2794 Et
608 2767 746 2804 postea:
770 2764 781 2782 ‘
798 2765 944 2804 Campa·
997 2763 1119 2803 nitate,
1134 2771 1160 2794 1.
1171 2761 1239 2794 Od.
1257 2764 1287 2793 l.

247 2812 313 2844 niae
329 2811 532 2844 nobilissima
549 2811 627 2844 vina
642 2814 798 2854 exposita
812 2813 873 2846 sub
888 2813 945 2845 dio
