1890 3256
322 261 431 302 1026

784 276 827 312 Q.
859 273 1062 304 HoRA'rn
1097 273 1267 304 FLAcci

321 363 389 403 De
409 376 453 403 re
474 364 690 404 communi
710 364 865 404 scribae
885 374 1043 414 magna
1063 367 1192 416 atque
1212 377 1326 405 nova
1346 370 1390 406 te

320 428 514 469 Orabant
531 429 660 468 hodie
677 427 963 478 meminisses,
985 427 1164 478 Quinte,
1181 432 1343 470 reverti.

317 492 544 545 Imprimat
561 494 627 533 his
649 504 752 532 cura
772 491 999 533 Maecenas
1018 495 1139 547 signa
1157 495 1345 536 tabellis.

319 558 512 607 Dixeris,
532 557 771 609 Experiar:
802 557 852 598 Si
871 559 952 608 vis,
972 563 1114 612 potes,
1133 559 1268 610 addit,
1287 564 1330 601 et
1349 561 1496 602 instat.

317 622 540 676 Septimus
561 626 719 663 octavo
739 624 918 676 propior
929 624 1022 676 Jam
1042 625 1199 677 fugerit
1217 625 1371 675 annuS,

1675 626 1734 668 40

317 687 387 727 Ex
408 699 495 739 quo
516 686 740 728 Maecenas
759 700 827 729 me
849 690 983 742 coepit
999 690 1160 732 habere
1180 703 1352 731 suorum

265 754 269 760 ’
318 753 370 793 In
390 764 576 801 numero,
594 752 809 795 duntaxat
829 755 884 795 ad
901 755 999 805 hoc,
1021 769 1150 809 quem
1170 756 1322 797 tollere
1337 755 1469 797 rheda

316 817 477 866 Vellet,
499 818 582 858 iter
600 818 781 868 faciens,
800 823 841 860 et
860 821 932 861 cui
952 821 1202 862 concredere
1218 833 1355 873 nugas

317 881 421 923 Hoc
436 894 568 934 genus
583 894 595 934 ;
627 883 754 925 Hora
769 889 906 938 quota
922 890 987 928 est
1001 888 1020 927 'l
1049 886 1195 927 Threx
1214 890 1284 927 est
1295 884 1472 927 Gallina
1489 886 1600 941 Syro
1618 900 1698 942 par
1711 889 1731 928 ’ἒ

315 998 390 1029 leris
401 1000 442 1030 ad
458 1000 579 1039 Puteal,
591 1004 663 1032 ante
677 1001 782 1033 horam
795 1003 965 1034 secundam.
1009 1002 1138 1041 Horati,
1153 1002 1269 1033 Scribe
1284 1007 1315 1034 te
1333 1007 1446 1042 rogant
1466 1006 1502 1034 ut
1523 1003 1610 1034 hodie
1628 1004 1735 1034 redeas

315 1039 355 1069 ud
369 1041 525 1079 negotium
537 1051 691 1074 commune
704 1053 739 1074 ιιι·
753 1053 873 1074 novum.
918 1043 983 1074 Fac
995 1046 1031 1074 ut
1042 1044 1199 1074 Maecenas
1209 1044 1263 1074 Ιιαε
1275 1044 1400 1075 tabellas
1412 1044 1561 1083 abripiet.

1605 1044 1693 1080 Quod
1705 1045 1736 1075 si

315 1080 364 1111 his
377 1084 572 1121 respondeam
580 1093 593 1120 ,·
617 1084 749 1115 Tentabo
758 1094 769 1115 .-
788 1088 834 1115 εει
847 1083 899 1125 qui
911 1087 1037 1124 reponat
1050 1087 1080 1115 et
1095 1088 1203 1132 urgeat
1213 1096 1224 1117 .·
1244 1085 1343 1125 Atqui
1353 1089 1453 1126 potes,
1465 1085 1494 1116 si
1508 1085 1601 1116 lubet.
1634 1085 1735 1124 Prope

305 1153 313 1162 ι

306 1163 483 1199 familiares
496 1175 542 1196 me
563 1166 685 1206 ascivit,
700 1167 784 1198 adid
796 1177 865 1198 vero
878 1168 984 1205 solum,
999 1176 1084 1206 quem
1097 1175 1132 1197 tn
1145 1177 1267 1198 cmv-um
1281 1177 1431 1198 assumere

314 1120 405 1159 finem
419 1124 508 1155 habet
518 1133 616 1155 annus
629 1125 787 1165 septimus,
801 1128 831 1156 et
846 1135 917 1156 mox
929 1129 1054 1157 octavus
1064 1126 1202 1173 incipiet,
1217 1136 1257 1157 ex
1271 1135 1327 1166 quo
1338 1130 1470 1166 tempore
1486 1127 1641 1158 Mamas
1653 1125 1735 1157 inter

1520 1171 1597 1206 eret,
1616 1167 1734 1207 quando

313 1204 395 1235 viam
408 1205 488 1239 im‘t:
510 1210 541 1238 et
554 1217 621 1239 cum
631 1217 689 1249 quo
701 1205 872 1249 loqueretur
879 1208 992 1247 sutilia
1005 1208 1149 1246 eiusmodi
1159 1219 1170 1240 .·
1184 1209 1286 1245 Quota
1300 1212 1345 1241 eut
1358 1209 1455 1241 hora?
1500 1209 1626 1241 Gallina
1638 1208 1734 1239 Thro-

907 1290 1043 1303 mom

1044 1290 1140 1303 “O“

315 1350 355 1379 37
378 1349 456 1380 Duo
470 1351 569 1383 codd.
585 1362 639 1393 ap.
655 1353 767 1388 Feam,
792 1352 932 1384 orabunt
947 1353 1129 1384 hodia-42
1151 1352 1306 1385 Quarum·
1320 1353 1419 1385 codd.
1434 1362 1488 1394 ap.
1503 1353 1617 1389 Feam,
1638 1351 1735 1384 Harl.

315 1392 346 1438 ὃς
371 1396 407 1421 et
421 1392 500 1423 Vet.
516 1393 633 1424 Comb.
653 1395 693 1424 ad
714 1394 872 1424 ham—45
895 1394 972 1424 Duo
994 1393 1094 1425 codd.
1119 1394 1209 1433 Feae,
1230 1398 1261 1424 et
1281 1395 1331 1425 cui
1353 1398 1400 1426 est
1422 1395 1569 1431 credere;
1590 1392 1656 1425 duo
1677 1392 1735 1424 alii

315 1432 478 1472 eursdem,
507 1437 538 1464 et
562 1435 612 1464 cui
638 1436 890 1466 concedere—44
915 1435 999 1465 Trex
1027 1439 1170 1475 quatuor
1195 1435 1291 1466 codd.
1315 1435 1409 1473 Feae,
1438 1435 1519 1466 alius
1548 1444 1602 1474 ap.
1625 1434 1734 1465 Pulm.

317 1471 420 1520 Threx
434 1475 586 1513 praetulit
602 1476 791 1514 Bentleius,
805 1484 947 1516 eumque
963 1476 1071 1506 secuti
1085 1475 1186 1506 Baxt.
1203 1476 1346 1516 Cuning.
1358 1476 1480 1507 Sanad.
1492 1476 1566 1507 Val.
1581 1475 1734 1507 Oberiin.

314 1512 454 1555 Bipont.
469 1515 605 1548 Wakef.
620 1521 656 1548 et
672 1517 791 1548 Comb.
815 1517 921 1548 Thrax
935 1527 975 1548 an
991 1517 1119 1548 Gallina
1140 1517 1256 1548 Lamb.
1271 1522 1306 1549 et
1325 1517 1390 1548 dno
1405 1517 1503 1550 codd.
1523 1516 1734 1549 Bersmanni.

957 1598 1096 1631 NOTAE

315 1661 524 1701 operculum,
539 1661 638 1702 quale
661 1661 771 1702 puteis
796 1659 923 1701 imponi
947 1668 998 1691 so·

314 1711 373 1742 let.
418 1711 490 1742 Cic.
517 1711 559 1742 de
585 1710 699 1742 Divin.
723 1719 746 1741 ι.
771 1719 804 1741 n.
827 1711 881 1740 32.
923 1709 999 1740 Inie

313 1758 415 1789 etiam
443 1758 662 1790 foeneratores
684 1757 863 1789 convenire
885 1756 1000 1788 solitos

313 1806 402 1838 idem
417 1810 562 1838 testatur
577 1816 637 1847 pro
649 1806 781 1846 Sextio,
793 1815 825 1836 n.
837 1808 887 1837 18.
911 1806 998 1836 ‘Pu-

314 1855 394 1885 teani
415 1859 450 1886 et
469 1853 706 1886 foeneratorum
730 1854 888 1894 gregibus
905 1853 998 1884 infla-

314 1902 390 1933 tus-¹
427 1902 514 1933 Item
537 1903 633 1933 Pers.
654 1902 724 1934 sat.
740 1911 792 1933 iv.
806 1903 816 1918 ‘
831 1901 868 1932 si
883 1902 998 1942 puteal

312 1951 418 1984 multa
440 1955 556 1982 cautus
581 1951 689 1982 vibice
705 1948 876 1991 flagellas?
911 1949 999 1981 Vide

314 2002 398 2034 Cael.
413 2001 557 2041 Rhodig.
574 2009 610 2032 x.
626 2003 680 2032 17.

355 2053 397 2081 36
419 2050 470 2080 De
491 2059 524 2079 re
538 2049 688 2080 communi
704 2048 834 2088 Scriboe,
853 2048 926 2088 Sym]
946 2048 999 2080 De

312 2097 502 2130 Scribarum
518 2107 554 2129 se
570 2107 708 2129 numero
718 2097 823 2129 fuisse
839 2097 997 2130 ostendit.

356 2147 489 2186 Scriboe]
506 2146 596 2177 Gall.
611 2147 654 2177 les
669 2146 828 2187 Gir-ffers,
840 2155 878 2177 ou
893 2145 998 2177 Secre.
1026 2147 1031 2151 '

313 2195 410 2228 laires
429 2197 467 2226 de
485 2194 665 2235 l'Epargne.
707 2195 837 2226 Horum
851 2193 999 2226 officium

313 2249 399 2283 erat,
428 2247 505 2276 acta
531 2243 667 2284 publica
695 2243 801 2275 literis
830 2244 999 2284 mandare,

313 2292 429 2324 literas
449 2292 600 2333 publicas
619 2292 780 2333 scribere,
805 2295 868 2325 &c-
911 2295 998 2326 Con·

313 2346 382 2374 stat
416 2342 541 2374 scribas
576 2342 739 2379 maxime*
763 2343 942 2381 probitatis
978 2353 998 2374 a

314 2391 549 2424 Quaestoribus
564 2391 716 2423 allectos.
739 2390 835 2423 Alex.
846 2391 888 2422 ab
901 2390 999 2423 Alex.

314 2449 355 2472 u.
370 2443 403 2472 2.

356 2492 396 2520 38
417 2488 576 2529 Immineat
590 2489 639 2519 Ιιίε
653 2497 738 2527 cura,
752 2487 819 2529 &cd
839 2488 934 2520 Alius
949 2489 998 2520 ita

313 2542 428 2579 rogat:
453 2538 485 2570 Ο
502 2538 640 2577 Horati,
661 2546 741 2569 cura
760 2541 799 2568 ut
826 2538 996 2570 Maecenas

314 2587 423 2626 sigillo
446 2587 576 2618 muniat
600 2587 658 2618 has
685 2585 843 2618 tabellas:
878 2595 936 2618 oro
961 2590 995 2618 te

313 2636 415 2667 etiam
432 2641 534 2678 atque
549 2637 662 2668 etiam.

355 2685 471 2724 Signa]
493 2685 545 2716 De
570 2686 679 2726 sigillo
701 2685 770 2716 sive
789 2685 910 2717 annulo
927 2683 995 2715 Au-

314 2733 402 2773 gusti
427 2733 586 2772 intellige.
641 2734 741 2765 Hunc
769 2734 857 2766 enim
885 2733 926 2764 ab
955 2741 995 2764 eo

1051 1661 1283 1695 concreditum
1306 1661 1502 1701 Maecenati,
1526 1659 1669 1692 diximus
1691 1660 1734 1692 ad

1052 1710 1162 1750 Epod.
1182 1720 1208 1742 1.
1230 1714 1260 1742 3.
1280 1715 1316 1743 et
1337 1714 1471 1742 constat
1490 1719 1534 1741 ex
1558 1708 1734 1750 xiphilino

1051 1758 1097 1790 ibi
1113 1760 1172 1790 cit.
1205 1760 1293 1791 Item
1308 1769 1351 1790 ex
1366 1759 1475 1790 Dione
1490 1758 1547 1790 lib.
1561 1766 1608 1788 m.
1621 1759 1686 1788 &c.

1093 1810 1134 1838 39
1149 1808 1290 1847 Dixeris,
1306 1805 1476 1846 Experiar]
1498 1806 1534 1836 Si
1547 1805 1625 1836 huic
1637 1804 1732 1836 dixe-

1051 1865 1106 1886 ro:
1133 1856 1277 1894 Cui-abo,
1292 1860 1328 1886 et
1349 1854 1514 1895 experiar.
1537 1852 1696 1894 numquid
1712 1862 1734 1884 a

1051 1903 1240 1934 Maecenate
1263 1903 1296 1934 id
1319 1901 1474 1934 beneficii
1498 1907 1619 1943 queam
1646 1901 1732 1933 obti-

1050 1962 1131 1984 nere
1146 1953 1220 1992 tibi,
1233 1954 1297 1984 διο.
1322 1951 1456 1983 Horatii
1466 1950 1660 1982 modestiam
1675 1950 1733 1982 ad-

1052 2006 1158 2041 verte,
1167 2002 1301 2037 Lector.
1310 2010 1401 2032 suam
1410 2000 1498 2041 apud
1510 2000 1733 2032 Mecenatem

1051 2051 1192 2090 gratiam
1221 2050 1448 2086 extenuantis,
1481 2049 1614 2080 tametsi
1642 2049 1731 2090 apud

1049 2107 1126 2130 eum
1147 2108 1273 2130 summe
1295 2099 1406 2130 valere
1422 2097 1603 2130 diceretur.
1645 2097 1732 2128 Vide

1051 2152 1087 2178 et
1101 2156 1175 2187 quae
1192 2150 1389 2188 sequuntur.

1090 2197 1133 2226 40
1155 2195 1310 2234 Septimus
1336 2198 1440 2226 octavo
1459 2193 1600 2235 propior]
1619 2193 1730 2234 septi-

1050 2252 1121 2274 mus
1143 2242 1197 2274 hic
1218 2252 1320 2273 annus
1345 2252 1450 2283 prope
1472 2246 1524 2274 est
1538 2243 1682 2282 elapsus,
1695 2247 1731 2274 et

1049 2301 1125 2323 mox
1140 2295 1278 2323 octavus
1293 2296 1422 2330 agetur,
1435 2299 1477 2322 ex
1493 2299 1571 2330 quo,
1583 2291 1647 2321 ἄιε.

1089 2344 1131 2373 42
1153 2340 1317 2372 Duntaxae
1343 2339 1383 2369 ad
1405 2338 1475 2378 hoc]
1508 2337 1585 2369 Non
1609 2338 1651 2369 ad
1676 2347 1729 2370 res

1049 2387 1249 2430 graves‚sed
1268 2387 1309 2418 ad
1326 2396 1428 2427 nugas
1451 2390 1488 2418 et
1505 2386 1614 2427 jocos,
1627 2392 1730 2428 atque

1050 2438 1092 2470 ad
1109 2435 1320 2468 relaxandum
1337 2436 1483 2466 animum
1500 2435 1625 2474 maguis
1641 2435 1728 2466 curis

1050 2486 1170 2527 passim
1185 2484 1366 2515 distentum
1382 2493 1434 2514 me
1448 2482 1584 2514 adhibet
1602 2483 1729 2515 Maece-

1049 2545 1120 2573 nas,
1133 2533 1240 2573 inquit
1255 2531 1389 2569 Noster,
1402 2531 1588 2563 dumtaxat.

1087 2585 1129 2615 44
1153 2581 1255 2615 Threx
1267 2584 1314 2611 est
1332 2579 1458 2610 Gallina
1471 2579 1550 2620 Syro
1568 2579 1641 2620 por]
1671 2579 1727 2612 An

1047 2632 1102 2663 ilie
1118 2630 1279 2671 gladiator
1294 2629 1368 2659 huic
1385 2637 1444 2669 par
1458 2634 1512 2660 est
1527 2629 1663 2667 virtute,
1674 2638 1726 2661 ro-

1047 2681 1139 2716 bore,
1164 2684 1246 2715 arte,
1270 2678 1410 2719 peritia3
1434 2678 1489 2710 ille
1504 2683 1636 2710 secutor
1649 2678 1726 2710 huic

1047 2728 1202 2768 retiar103
1225 2729 1280 2760 ille
1295 2727 1403 2759 Thrax
1419 2727 1495 2759 huic
1510 2726 1725 2759 Mirmiuoni?
