1904 3256
614 284 886 316 minumum
927 283 1021 314 mn.
1054 284 1122 313 lv.
1151 274 1193 314 6.

1526 272 1612 313 585

390 380 589 422 Procidit
606 380 716 430 late,
736 379 969 434 posuitque
991 378 1155 420 collum
1174 378 1220 418 in

731 447 919 489 Pulvere
935 445 1125 488 Teucro.

393 515 477 556 Ille
495 527 598 564 non,
619 513 821 555 inclusus
841 525 958 569 equo
979 513 1196 554 Minervae

389 582 526 623 Sacra
544 581 740 631 mentito,
762 581 875 622 male
893 580 1070 622 feriatos

388 647 532 689 Troas
550 652 597 689 et
616 647 766 690 laetam
789 647 954 690 Priami
973 647 1148 689 choreis

1563 647 1617 687 15

722 714 916 756 Falleret
934 706 1102 756 ailiam:

158 836 207 867 vel
217 845 378 877 cupressus
394 837 481 869 Euro
494 836 625 878 dejecto,
647 838 711 869 late
728 838 906 879 procubuit,
919 838 1126 878 cervicemque
1143 838 1268 869 demisit
1283 838 1317 870 in
1329 839 1454 879 pulvere
1472 837 1614 876 Tchano.

158 876 219 909 Ille
239 889 300 911 non
313 881 437 911 clausus
451 889 527 920 equo
540 889 630 911 sacro
646 880 791 912 Palladis
804 880 969 911 simulante
983 879 1152 921 decepisset
1171 881 1323 920 Trojanos
1335 891 1497 922 perperam
1513 880 1617 910 otian-

158 923 218 962 tes,
237 925 268 953 et
285 923 388 953 aulam
403 922 531 954 Priami
552 923 770 954 saltationibus
778 923 989 963 gaudentem:
1011 924 1064 955 sed
1085 927 1191 964 aperte
1214 924 1248 954 in
1265 927 1459 964 expugnatos
1472 923 1617 959 immitis,

769 1031 888 1045 ooo-*ee

890 1031 1008 1044 eeeeee

159 1104 260 1137 codd.
276 1105 424 1137 Bentleii
449 1110 486 1138 et
513 1107 660 1140 Mentel.
683 1109 738 1138 out
762 1107 924 1147 impressa.
973 1107 1018 1138 Et
1038 1106 1088 1138 sic
1105 1107 1337 1148 Cuuing.—ll
1367 1105 1571 1146 Praepositio
1587 1106 1621 1136 in

101 1169 107 1173 -
159 1146 258 1179 abest
273 1157 294 1179 a
308 1148 477 1180 nonnullis
498 1149 598 1180 codd.
615 1149 789 1187 Lambini,
806 1149 986 1181 Pulmanni
1007 1149 1124 1180 Hunn.
1146 1151 1274 1181 Beller.
1292 1154 1328 1181 et
1343 1149 1480 1181 Diesth.
1500 1148 1619 1189 pleris-

159 1198 226 1231 que
241 1190 399 1231 Crnqnii,
415 1191 508 1231 Lips.
525 1194 557 1223 2.
571 1201 591 1222 n
607 1201 652 1223 m.
668 1200 721 1232 pr.
745 1191 839 1232 Lips.
857 1194 888 1223 δ.
910 1192 1057 1233 Franeq.
1072 1192 1213 1224 Venett.
1230 1193 1375 1224 Loeher.
1392 1190 1535 1222 Ascens.
1552 1191 1619 1221 Ba-

159 1231 225 1264 aiu.
240 1232 371 1264 Muret.
390 1233 490 1264 Fabr·
506 1233 624 1273 steph.
640 1234 801 1273 Rntgers.
846 1233 916 1265 Sed
933 1235 1061 1265 rectius
1078 1234 1176 1265 adest
1191 1235 1226 1265 in
1241 1235 1372 1266 duobus
1383 1234 1481 1265 Vatt.
1496 1232 1621 1264 Faern.

160 1278 197 1304 et
211 1274 374 1306 Jsunoct.
392 1275 559 1310 Lambini,
581 1276 762 1306 Puimnnni
776 1275 958 1308 Gemblac.
973 1279 1005 1307 l.
1020 1278 1053 1306 2.
1071 1276 1204 1308 duobus
1221 1276 1370 1307 Blandd.
1387 1275 1544 1316 Cruquii‚
1560 1285 1622 1315 op—

161 1315 256 1348 timis
277 1317 465 1356 'rou-rentii,
488 1322 525 1348 et
551 1318 717 1356 Bentleii,
745 1317 839 1358 Lips.
864 1320 893 1348 l.
915 1320 950 1348 2.
985 1317 1075 1349 Altt.
1092 1320 1170 1350 1.2.
1205 1320 1304 1350 Dess.
1324 1321 1354 1349 l.
1369 1321 1401 1349 2.
1425 1317 1620 1348 Helmstad.

160 1357 243 1390 item
258 1358 336 1390 edd.
356 1359 475 1390 Lami».
502 1359 606 1400 Cruq.
632 1360 790 1390 Torrent-
821 1359 942 1389 Heins.
969 1359 1054 1390 Fab.
1077 1360 1206 1391 Ducer.
1223 1361 1327 1391 Baxt.
1349 1361 1462 1391 Bentl.
1476 1360 1622 1398 Cnning.

160 1400 286 1431 Sanad.
300 1400 421 1433 Jones.
436 1400 590 1439 Francis,
604 1401 756 1438 Towers,
769 1400 863 1438 Jani,
879 1400 1019 1439 Bipont.
1032 1401 1174 1432 Mitscli.
1187 1401 1334 1433 Wetzel.
1349 1400 1486 1432 Wakef.
1502 1401 1624 1432 Comb-

158 1445 196 1474 et
210 1441 404 1473 mua—13
426 1443 436 1459 ‘
454 1441 542 1472 Post
562 1451 623 1473 non
651 1442 846 1482 ponendum
870 1451 1016 1477 comma,
1042 1452 1110 1473 non
1137 1448 1216 1483 post
1244 1443 1325 1479 Ille,-
1349 1446 1388 1474 ut
1406 1443 1461 1480 sit,
1485 1443 1546 1474 lue
1560 1452 1623 1474 non

152 1483 282 1523 sileret
299 1483 408 1525 Troas,
424 1484 562 1516 inclusus
574 1493 662 1525 equo,
676 1483 745 1525 ὅκκ’
768 1484 861 1517 Jani.
906 1483 964 1515 Ita
979 1484 1123 1517 Mitsch.
1142 1485 1281 1526 Bipont.
1296 1487 1361 1518 &c.
1406 1485 1478 1522 Ine,
1494 1494 1557 1517 non
1572 1485 1621 1516 in-

818 1591 962 1624 NOTAE

203 1670 243 1700 ll
267 1665 441 1708 Posuitque
455 1667 566 1699 collum
585 1668 620 1699 in
635 1667 768 1699 Pulvere
784 1667 863 1699 Teu-

159 1717 227 1759 cro]
250 1727 292 1750 ιι.
321 1712 393 1750 Od.¹
422 1720 455 1750 ⁷.
479 1720 532 1750 12.
565 1717 710 1749 similem
745 1717 864 1748 dictio-

159 1779 238 1803 nem
266 1770 358 1811 vide,
382 1769 500 1812 ibique
521 1770 604 1802 Not.
648 1769 717 1800 Hic
734 1768 866 1800 Noster

159 1819 290 1852 indicat
306 1820 475 1852 Achillem
488 1819 658 1852 cecidisse
670 1820 704 1850 in
716 1819 866 1859 Trojano

159 1879 280 1911 campo
291 1874 328 1902 et
345 1869 532 1902 certamine
547 1880 555 1900 :
582 1869 671 1911 quod
682 1868 772 1901 idem
786 1868 865 1900 scri·

161 1919 213 1952 bit
239 1919 343 1951 Ovid.
373 1919 463 1952 Met.
496 1929 564 1952 xu.
597 1919 682 1951 Fab.
713 1920 775 1950 ult.
807 1918 866 1950 ubi

161 1968 288 2011 Apollo
312 1968 445 2009 Paridi,
466 1969 476 1986 ‘
491 1968 689 2001 Ostendens
711 1974 867 2001 sternen-

162 2025 232 2052 tem
258 2019 383 2052 Troiea
402 2018 495 2052 ferro
518 2021 674 2061 Corpora
704 2020 868 2062 Peliden,

163 2078 262 2101 arens
277 2069 432 2102 obvertit
456 2069 490 2101 in
506 2070 615 2111 illum,
631 2070 806 2112 Certaque
822 2072 867 2104 le·

163 2116 267 2150 tifera
290 2119 419 2150 direxit
446 2119 579 2159 spicula
605 2119 752 2150 dextra?
795 2121 867 2153 Ra-

163 2177 230 2209 que
254 2167 264 2184 ‘
275 2177 342 2199 non
357 2167 520 2199 indecoro
536 2168 678 2209 pulvere
694 2169 868 2202 sordidus'

163 2216 394 2249 occubuisset.
441 2216 510 2249 Alii
526 2227 621 2258 vero,
632 2228 708 2250 cum
723 2220 764 2251 ad
782 2229 867 2261 nup-

164 2267 227 2298 tia·
254 2267 441 2308 Polyxenae
463 2269 704 2309 contenderet,
726 2270 761 2301 in
784 2274 869 2303 tem-

162 2318 221 2359 plo
236 2316 405 2358 Apollinis
421 2319 548 2360 sagitta
564 2319 599 2350 in
621 2320 715 2352 calce
732 2330 872 2362 percus-

164 2377 238 2400 sum
262 2378 283 2400 n
299 2368 430 2400 Paride
443 2373 522 2410 post
534 2369 627 2401 illius
645 2370 712 2402 Dei
732 2371 869 2403 simula-

165 2428 261 2451 crum
277 2419 419 2451 latente.

207 2472 248 2502 12
272 2470 406 2512 Teucro]
439 2470 509 2502 Pro
533 2471 721 2504 ‘Teucrim’
742 2472 868 2504 Teucri

164 2519 249 2552 dieti
271 2525 350 2552 sunt
363 2521 514 2562 Trojani,
529 2526 566 2552 et
580 2521 685 2553 Troas
702 2532 742 2553 ac
765 2522 868 2564 Troja

163 2570 322 2610 Teucria,
337 2580 358 2602 n
379 2571 513 2603 Teucro
535 2571 620 2612 (non
651 2571 709 2603 illo
731 2572 871 2613 Graeco,

167 2617 283 2659 Ajneis
306 2619 433 2662 fratre)
453 2621 616 2663 Phrygiae
641 2631 738 2662 rege,
771 2622 867 2662 cujus

167 2665 270 2701 finam
289 2669 388 2701 duxit
402 2670 603 2712 Dardanus,
626 2670 726 2712 eique
741 2670 777 2701 in
793 2680 868 2711 reg-

170 2724 248 2747 num
264 2720 440 2752 suecessit.

213 2767 254 2796 13
277 2766 335 2798 111·
355 2778 428 2807 non,
453 2770 600 2808 inclusus,
618 2771 690 2813 ξω]
715 2771 866 2804 Adverte

171 2824 270 2856 quam
291 2817 436 2850 extollat
451 2819 593 2852 Achillis
615 2821 867 2863 fortitudinem,

917 1672 957 1699 ut
980 1677 1021 1699 eo
1048 1669 1209 1710 majorem
1227 1672 1327 1710 paret
1342 1667 1483 1709 gloriam
1501 1667 1623 1700 victori

918 1718 989 1758 ejus
1006 1718 1150 1750 Phoebo.
1195 1718 1296 1751 Quod
1322 1718 1364 1758 si,
1386 1718 1496 1759 inquit
1512 1718 1625 1750 Poeta

917 1774 1045 1807 noster,
1069 1768 1212 1800 vixisset
1229 1768 1390 1804 Achilles,
1411 1777 1626 1810 nequaquam

919 1828 1006 1860 opus
1022 1818 1158 1850 Graecis
1178 1818 1299 1850 fnisset
1314 1818 1471 1850 machina
1486 1818 1555 1855 illa,
1565 1828 1625 1850 seu

918 1878 1007 1909 equo
1018 1868 1145 1909 ligneo,
1157 1877 1257 1909 quem
1271 1868 1448 1909 placandae
1457 1868 1626 1900 Minervae

920 1927 1024 1949 causa
1053 1916 1260 1949 fabricatum
1287 1917 1338 1949 illi
1358 1918 1495 1950 mentiti
1520 1922 1621 1950 sunt:

919 1968 980 1999 sed
1005 1971 1126 2009 aperto
1148 1968 1280 2008 Marte,
1303 1967 1432 2009 absque
1455 1967 1542 2000 dolis
1566 1973 1627 2000 aut

919 2017 1063 2056 insidiis,
1074 2018 1214 2059 Trojam
1231 2028 1271 2050 ac
1281 2018 1448 2060 Trojanos
1459 2018 1627 2051 debellas·

920 2073 986 2100 set.
1021 2068 1110 2100 Vide
1122 2068 1245 2109 Virgil.
1261 2068 1396 2101 AEneid.
1412 2077 1453 2100 ιι.
1475 2069 1484 2086 ‘
1498 2069 1626 2101 Votum

919 2128 983 2160 pro
1000 2119 1114 2151 reditu
1138 2118 1323 2150 simulant.’

965 2172 1005 2201 14
1027 2170 1117 2200 Mole
1134 2168 1287 2209 feriatos]
1309 2168 1558 2210 Imprudenter
1585 2179 1626 2200 ac

922 2219 1166 2261 intempestive
1183 2218 1330 2260 abjectis
1348 2220 1448 2250 armis
1464 2218 1556 2251 festa
1571 2228 1627 2250 ce·

922 2270 1112 2308 lebrantes,
1129 2269 1209 2301 dum
1225 2269 1294 2301 suis
1310 2269 1420 2302 adhuc
1435 2269 1625 2301 cervicibus

923 2319 1105 2352 incubaret
1128 2319 1246 2351 hostis.
1292 2319 1415 2361 Virgil.
1431 2319 1564 2351 AEneid.
1586 2328 1627 2350 ιι.

923 2373 976 2402 15.
998 2371 1008 2388 ‘
1022 2370 1094 2402 Nos
1107 2369 1231 2401 abiisse
1246 2369 1309 2401 rati
1322 2374 1358 2401 et
1371 2375 1475 2401 vento
1486 2369 1628 2409 petiisse

922 2421 1103 2461 Mycenas.
1121 2420 1214 2460 Ergo
1233 2420 1342 2451 omnis
1357 2420 1461 2460 longo
1473 2418 1574 2450 solvit
1590 2427 1626 2448 se

921 2470 1068 2502 Teucria
1079 2470 1185 2501 luctu.
1205 2468 1410 2501 Panduntur
1420 2468 1627 2509 portae,'&c.

966 2523 1005 2552 15
1030 2521 1154 2552 Loetom
1163 2520 1294 2558 choreis,
1310 2519 1378 2559 ξω]
1397 2518 1516 2549 Aulam
1534 2517 1625 2558 regis

921 2575 1098 2611 totamque
1127 2570 1249 2601 urbem
1279 2568 1410 2600 choreis
1433 2571 1469 2598 et
1494 2567 1625 2598 laetitiae

921 2626 1114 2659 vacantem,
1129 2628 1207 2650 cum
1223 2623 1337 2650 tamen
1351 2623 1507 2649 extrema
1521 2617 1628 2649 Insta-

923 2675 1002 2702 rent
1034 2669 1121 2701 fata.
1159 2668 1284 2709 Virgil.
1318 2667 1450 2700 AEneid.
1479 2676 1521 2699 ιι.
1547 2669 1624 2701 234.

924 2721 934 2737 ‘
949 2720 1145 2752 Dividimus
1169 2727 1286 2750 muros
1312 2722 1347 2750 et
1366 2717 1490 2749 moenia
1507 2718 1627 2758 pandi-

921 2780 996 2802 mus
1011 2769 1118 2801 urbis.
1132 2792 1140 2801 .
1153 2791 1161 2800 .
1173 2767 1314 2800 Scandit
1331 2766 1448 2799 fatalis
1470 2767 1625 2799 machina

921 2829 1037 2852 muros
1055 2820 1152 2851 Foeta
1167 2817 1290 2850 armis:
1314 2817 1442 2850 circum
1458 2817 1558 2859 pueri
1574 2817 1625 2848 in·
