1890 3256
615 292 894 325 snnuonuu
929 290 1024 324 1213.
1056 289 1110 322 11.
1139 280 1181 322 3.

180 389 405 432 Exclusus
424 388 502 443 qui
521 387 671 437 distat,
690 387 780 441 agit
792 386 870 427 ubi
889 398 1058 436 secum,
1077 389 1164 435 eat,
1183 397 1241 426 an
1261 396 1362 435 non,

1543 276 1630 321 983

1545 383 1631 425 260

182 455 288 506 Quo
308 455 525 496 rediturus
542 457 636 495 erat
654 466 740 494 non
763 453 1019 502 arcessitus,
1036 456 1082 493 et
1101 452 1240 494 haeret

183 522 349 564 Invisis
366 523 536 564 foribus
551 521 570 560 'l
632 520 705 562 Ne
724 533 856 570 nunc,
872 532 972 562 cum
993 531 1061 560 me
1079 523 1215 560 vocat
1232 518 1367 569 ultro,

184 589 438 632 Accedam?
469 601 524 629 an
546 587 692 642 potius
712 587 893 628 mediter
913 587 1037 628 finire
1057 586 1235 628 dolores
1250 586 1270 626 ‘i

184 657 407 706 Exclusit,
429 660 609 697 revocat
626 669 636 696 ε
673 654 881 696 redeam?
911 667 1017 704 non,
1036 654 1075 695 si
1096 654 1314 695 obsecret.

183 725 364 773 Servus,
384 735 470 764 non
491 722 629 776 paulo
650 723 918 776 sapientior3
950 722 989 763 O
1010 722 1128 772 here,
1149 735 1250 775 quae
1271 733 1342 762 res

1372 651 1490 695 Ecce

1550 721 1636 762 265

184 791 286 833 Nec
306 790 482 831 modum
501 789 637 831 habet
654 803 796 844 neque
816 790 1063 837 consilium,
1084 789 1257 831 ratione
1277 787 1495 842 modoque

183 921 232 942 mo
251 916 386 954 pugnat,
408 914 555 944 redeutne
568 913 750 952 accersitus,
765 922 804 943 an
818 922 889 947 non,
905 921 938 944 eo
954 921 1013 953 quo
1028 921 1208 944 reversurus
1219 913 1331 951 suerat
1352 911 1448 943 etiam
1470 919 1531 941 non
1552 919 1638 940 revo-

183 957 284 994 cam,
305 964 361 986 nec
376 955 493 987 recedit
515 955 555 986 ab
568 955 684 992 infesta
696 954 821 993 janua?
868 954 1021 990 Quamvis
1035 964 1083 986 me
1097 956 1186 986 modo
1206 958 1314 995 sponte
1330 956 1481 992 accersat,
1508 962 1549 983 un
1569 951 1641 983 ibo?

183 1005 225 1027 an
239 997 343 1036 potius
355 997 456 1038 finem
476 997 632 1029 doloribus
644 998 846 1038 conquiram?
891 997 1043 1038 Repulit;
1056 997 1127 1037 jum
1151 998 1303 1028 accersit:
1327 1006 1368 1027 un
1391 993 1560 1027 revertur?
1581 994 1641 1024 mi-

184 1039 278 1079 nime,
293 1039 366 1071 licet
375 1044 529 1080 precetur.
575 1041 627 1071 En
635 1040 776 1079 famulus
790 1040 880 1079 longe
891 1040 1088 1080 prudentior.
1135 1040 1165 1070 0
1185 1040 1318 1079 domine,
1333 1039 1461 1070 consilio
1476 1042 1507 1069 et
1521 1036 1641 1068 ratione

791 1135 1035 1149 600001000000

186 1199 286 1232 Harl.
302 1202 335 1232 2.
350 1202 382 1231 8.
396 1203 491 1240 optet.
514 1199 523 1218 ⁸
538 1200 606 1231 Pro
620 1204 717 1241 optet,
733 1200 822 1242 quod
838 1200 1005 1238 editiones
1020 1206 1154 1232 veteres
1170 1202 1434 1240 repraesentant,
1448 1196 1566 1228 nescio
1580 1204 1642 1227 cur

185 1242 220 1273 in
242 1242 398 1274 omnibus
424 1242 496 1274 fere
527 1252 616 1274 nnnc
654 1248 836 1284 appareat,
864 1247 962 1283 optat.
1017 1244 1093 1276 Quo
1118 1242 1278 1278 admisso,
1300 1241 1482 1281 legendum
1504 1239 1643 1279 insuper

187 1283 306 1321 fuerit,
319 1285 347 1315 si
361 1294 423 1316 non
435 1285 493 1316 dus
503 1295 514 1316 .·
538 1285 627 1326 quod
644 1290 758 1317 tamen
777 1285 810 1317 in
828 1287 918 1317 nullo
931 1284 1051 1317 codice
1065 1285 1173 1317 visum
1186 1290 1238 1316 est
1253 1285 1430 1316 hactenns.
1475 1281 1567 1312 Vide
1583 1289 1643 1311 nos

189 1326 231 1358 ad
249 1336 290 1358 n.
305 1327 379 1358 Sat.
393 1330 424 1358 1.
439 1331 492 1360 20.
538 1327 746 1359 Revocanda
757 1333 809 1359 est
831 1329 938 1369 igitur
953 1328 1056 1360 lectio
1073 1328 1234 1368 antiqua:
1253 1327 1361 1365 Sume,
1378 1324 1518 1361 Catelle5
1532 1326 1644 1362 negat.-

186 1369 217 1400 εἰ
230 1378 291 1400 non
306 1371 373 1408 dee,
385 1373 490 1410 optet.-
512 1375 616 1411 atque
633 1371 719 1401 hane
734 1372 892 1410 agnoscit
907 1371 1014 1401 multo
1029 1371 1149 1401 melior
1173 1370 1348 1410 majorque
1376 1377 1454 1408 pars
1475 1367 1645 1398 membra-

186 1419 304 1442 narum
318 1412 498 1443 veterum!
519 1412 739 1444 Remu—260
762 1413 856 1450 Best,
872 1423 904 1452 p.
922 1415 997 1443 165.
1013 1413 1088 1451 quid
1101 1412 1199 1443 distat
1210 1409 1226 1442 2
1242 1412 1264 1442 i.
1277 1420 1306 1441 e.
1322 1410 1401 1451 quid
1418 1407 1545 1447 differt,
1562 1407 1645 1448 quid

187 1453 359 1494 discrepat
376 1463 396 1483 a
409 1454 470 1485 tali
487 1463 593 1494 puero
604 1455 725 1485 ?—-262
740 1454 750 1471 ‘
764 1454 876 1485 Recte
893 1454 1070 1485 Bentleins
1084 1464 1128 1485 ex
1141 1452 1338 1484 melioribus
1354 1452 1448 1483 libris
1463 1462 1470 1481 :
1486 1451 1538 1481 Ne
1551 1459 1646 1489 mmc,

184 1505 255 1526 cum
270 1505 319 1527 me
332 1499 432 1531 vocat,
454 1505 529 1536 pro,
547 1496 616 1527 Nec
634 1506 715 1527 nunc
728 1505 797 1527 cum
810 1506 858 1528 me
872 1495 981 1527 vocet!
1004 1496 1108 1528 Baxt.
1152 1495 1163 1512 ‘
1182 1495 1278 1527 Vocat
1295 1504 1356 1536 pro
1371 1496 1458 1526 vocet
1474 1493 1577 1524 etiam
1594 1493 1644 1523 in-

186 1537 267 1569 vitis
282 1537 488 1570 membranis
503 1538 682 1579 legendum
700 1537 856 1571 affirmas.
900 1538 1009 1580 Atqui
1024 1538 1239 1578 Bersmanni,
1251 1547 1353 1579 quem
1367 1545 1461 1578 saepe
1477 1534 1646 1576 appellas,

186 1578 296 1612 codex
313 1589 399 1612 nnus
424 1581 527 1613 habet
550 1582 659 1612 vocat?
681 1581 825 1622 Cuning.
870 1582 941 1612 Nec
964 1591 1068 1612 nunc.
1085 1585 1208 1613 ..vocet
1235 1581 1333 1612 Harl.
1351 1582 1383 1611 2.
1400 1582 1429 1611 3.
1446 1582 1478 1610 6.
1504 1582 1539 1608 et
1564 1577 1645 1608 edd.

188 1628 276 1654 vett.
311 1623 362 1655 Ne
388 1633 470 1655 nunc
496 1623 588 1655 [aeid.
604 1624 736 1655 anich.
754 1624 884 1655 Battel.
900 1623 1024 1655 Trinit.
1041 1628 1077 1655 et
1093 1624 1215 1664 Regin.
1233 1632 1253 1653 a
1269 1632 1314 1653 m.
1329 1631 1398 1652 sec.
1431 1623 1520 1652 vocat
1541 1620 1645 1650 etiam

189 1664 224 1696 in
240 1666 442 1697 membranis
457 1666 621 1698 Bentleii.
655 1670 741 1698 vocet
757 1666 856 1698 Harl.
871 1669 902 1697 2.
917 1669 950 1698 8.
966 1669 997 1698 4.
1012 1668 1152 1697 6.-263
1177 1666 1256 1697 Vet.
1271 1663 1499 1704 Comb.finire
1514 1661 1644 1692 labores.

850 1761 991 1794 NOTAE

232 1828 298 1858 259
319 1825 454 1857 Amator
468 1826 640 1867 Ere-lusus]
665 1827 717 1859 Ex
738 1827 892 1859 Terentii
988 1830 1051 1860 265
1076 1827 1202 1865 Servus,
1243 1836 1303 1858 mm
1337 1826 1430 1866 paulo
1465 1822 1650 1864 sapientior]

191 1876 345 1910 Eunuclt.
361 1885 387 1908 1.
404 1879 434 1908 1.
460 1876 517 1908 ubi
543 1877 704 1909 Phaedria
729 1877 891 1918 expulsus
946 1878 1116 1910 Parmeno
1151 1886 1271 1908 servus
1307 1874 1479 1907 Phaedriae
1511 1874 1649 1915 juvenis

191 1937 211 1958 a
224 1926 352 1958 Thaide
377 1926 574 1964 meretrice,
595 1936 635 1957 ac
652 1932 731 1967 post
747 1926 892 1958 accersi·
947 1928 1123 1968 amatoris,
1138 1927 1214 1969 ipso
1230 1925 1367 1968 quidem
1378 1925 1460 1957 hero
1476 1933 1535 1956 suo
1546 1924 1647 1965 longe

193 1982 248 2008 tus
283 1978 334 2009 ita
368 1986 483 2009 secum
517 1977 590 2019 agit
623 1987 663 2009 ac
700 1976 891 2009 deliberat:
943 1978 1145 2020 sapientior.

190 2026 202 2044 ‘
221 2026 314 2060 Quid
343 2027 450 2067 igitur
468 2026 614 2058 faciam?
637 2036 702 2058 non
727 2027 825 2058 eam?
848 2036 891 2059 ne

194 2085 285 2108 nunc
313 2076 450 2118 quidem
480 2077 566 2108 Cum
596 2085 752 2108 accersor
781 2077 895 2108 ultro?

195 2137 240 2159 an
258 2127 367 2169 potius
381 2127 430 2159 ita
441 2136 495 2159 me
511 2136 708 2168 comparem
725 2127 802 2159 Non
820 2137 896 2168 per-

196 2177 268 2218 peti
297 2177 513 2210 meretricum
545 2176 792 2208 contumelias?
828 2178 896 2208 Ex-

197 2227 316 2259 clusit:
340 2232 502 2260 revocat:
519 2227 677 2259 redeam?
701 2227 830 2267 Non‚si
843 2236 895 2258 me

196 2277 375 2310 obsecret:
397 2278 494 2310 Pers.
511 2278 582 2310 Sat.
600 2287 634 2310 v.
650 2280 724 2310 1⁷1.
768 2278 778 2296 ‘
794 2277 897 2310 Nunc

197 2325 292 2359 ferus
313 2331 349 2359 et
374 2327 525 2359 violens:
552 2332 590 2360 at
616 2328 644 2359 si
668 2332 781 2368 vocet,
806 2327 897 2360 haud

197 2387 306 2419 mora,
330 2377 441 2410 dieas:
482 2377 654 2411 Quidnam
685 2378 791 2420 igitur
814 2377 898 2410 faci-

199 2427 275 2459 am?
296 2437 340 2459 ne
355 2437 460 2468 nunc,
475 2437 552 2460 cum
569 2433 723 2460 accersat
744 2433 780 2460 et
806 2429 897 2460 ultro

195 2477 392 2520 Supplieet,
407 2477 568 2510 accedam
580 2478 603 2510 ἓ*

243 2531 307 2560 261
331 2527 444 2570 Haeret
460 2528 578 2560 Invisis
589 2528 730 2570 foribus]
754 2527 840 2561 Odit
863 2532 900 2560 et

203 2582 378 2609 aversatur
395 2578 548 2619 januam,
573 2579 632 2610 ubi
654 2579 824 2620 repulsam
847 2582 900 2610 tu-

202 2627 256 2666 lit,
270 2636 333 2658 nec
348 2631 458 2658 tamen
473 2628 515 2660 ab
530 2638 570 2660 ea
584 2633 698 2670 potest
712 2628 902 2661 discedere.

204 2677 292 2710 Vide
309 2678 408 2709 Pers.
419 2686 498 2709 mox
512 2679 572 2711 cit.

247 2729 313 2758 263
335 2727 389 2758 An
400 2727 503 2767 potius
520 2729 649 2760 mediter
654 2729 756 2771 finire
770 2728 902 2769 dolores]

207 2778 307 2810 Pers.
332 2777 391 2808 cit.
407 2780 416 2795 ⁴
433 2775 531 2809 finire
544 2777 677 2812 dolores
697 2779 903 2817 Praeteritos

203 2827 374 2860 meditor.¹

990 2029 1071 2066 Quoe
1090 2038 1142 2060 res
1157 2028 1224 2060 Nec
1245 2027 1367 2059 modum
1385 2025 1490 2065 habet,
1504 2023 1575 2065 Esau]
1597 2024 1648 2055 Ex

945 2080 1111 2112 Terentio
1127 2079 1187 2112 cit.
1224 2079 1234 2097 ‘
1254 2078 1360 2118 Here,
1389 2087 1464 2119 quae
1486 2086 1541 2107 res
1558 2076 1591 2106 in
1614 2085 1649 2106 se

947 2140 1059 2172 neque
1079 2130 1256 2163 consilium
1283 2137 1394 2170 neque
1421 2127 1556 2159 modum
1580 2125 1650 2156 Ha-

947 2179 1008 2211 bet
1031 2180 1150 2216 ullum,
1178 2188 1251 2211 eam
1275 2178 1415 2211 consilio
1439 2186 1560 2218 regere
1583 2186 1649 2207 non

948 2234 1062 2270 potes.
1107 2229 1149 2261 In
1165 2238 1280 2260 amore
1305 2229 1378 2260 haec
1401 2228 1515 2259 omnia
1535 2228 1651 2259 insunt

951 2280 1051 2312 vitia:
1068 2279 1198 2321 injuriae
1211 2278 1440 2320 Suspiciones,
1450 2277 1654 2316 inimicitiae,

950 2330 1111 2368 indnciae,
1123 2330 1271 2371 Bellum,
1283 2339 1349 2370 pax
1364 2338 1508 2360 rursum.
1535 2327 1653 2358 Incer-

952 2385 989 2413 ta
1004 2380 1078 2412 haec
1105 2379 1132 2411 si
1160 2384 1196 2411 tu
1222 2379 1376 2421 postules
1393 2378 1539 2410 Ratione
1555 2382 1653 2408 certa

952 2429 1082 2470 facere,
1097 2429 1202 2461 nihilo
1222 2430 1297 2470 plus
1321 2438 1400 2469 agas
1422 2428 1532 2459 Quam
1550 2426 1578 2456 si
1594 2426 1654 2457 des

952 2488 1093 2520 operam
1106 2483 1144 2510 ut
1154 2488 1231 2511 cum
1242 2478 1375 2509 ratione
1384 2473 1554 2506 insanias!
1576 2474 1657 2506 Plu·

953 2530 1061 2562 tarch.
1085 2528 1226 2567 Amant,
1239 2527 1403 2559 oderunt:
1428 2524 1574 2556 eundem
1598 2525 1656 2556 ab·

955 2584 1085 2610 sentem
1113 2578 1321 2615 desiderant,
1355 2579 1560 2616 praesentem
1585 2585 1655 2606 me-

956 2633 1079 2661 tuunt:
1113 2628 1308 2664 adulantur,
1332 2625 1486 2657 convicia
1511 2624 1655 2658 dicunt:

956 2688 1018 2721 pro
1034 2682 1147 2709 amato
1172 2678 1376 2715 moriuntur,
1390 2674 1569 2708 occidunt:
1593 2685 1656 2716 op·

957 2732 1030 2761 tant
1045 2736 1112 2758 non
1127 2735 1264 2765 amare;
1285 2725 1456 2757 abstinere
1466 2734 1582 2756 amore
1598 2734 1657 2755 no-

956 2778 1044 2817 lunt,
1059 2779 1124 2808 &c.
1161 2775 1250 2807 Vide
1272 2776 1387 2808 Plaut.
1403 2776 1534 2808 Cistell.
1550 2776 1607 2808 Sc.
1625 2778 1657 2807 ⁴,

959 2831 969 2846 ‘
987 2827 1098 2860 Credo
1114 2826 1200 2869 ego,’
1217 2829 1282 2858 &c-
