1904 3256
822 295 866 331 Q.
898 292 1102 323 HORA'ru
1138 292 1305 322 FLACGI

577 384 840 437 Inutilesque
859 385 970 425 falce
988 396 1129 424 ramos
1149 390 1393 437 amputans,

631 449 868 490 Feliciores
888 450 1061 500 inserit3

575 514 668 554 Aut
686 515 731 554 in
751 515 928 555 reducta
947 516 1058 556 valle
1077 517 1360 567 mugientium

631 579 889 632 Prospectat
907 585 1094 621 errantes
1114 593 1286 632 greges3

575 642 666 684 Aut
686 657 836 696 pressa
855 646 973 698 puris
994 645 1123 686 mella
1143 646 1287 686 condit
1302 646 1543 699 amphoris;

574 742 577 743 ν
629 710 722 751 Aut
740 710 886 751 tondet
904 711 1094 752 infirmas
1114 724 1246 762 oves;

574 775 674 824 Vel,
696 789 795 816 cum
816 777 1023 818 decorum
1044 778 1215 818 mitibus
1235 777 1377 830 pomis
1398 780 1532 829 caput

630 840 876 881 Autumnus
896 842 1010 882 arvis
1031 843 1199 891 extulit,

1711 647 1766 686 15

344 946 430 984 falce
443 958 591 990 resecans,
606 949 778 987 fertiliores
791 951 924 987 inserit5
945 951 992 981 vel
1006 951 1039 981 in
1053 954 1168 981 remota
1181 952 1258 982 valle
1277 954 1432 992 pascentes
1446 949 1645 989 mugientium
1656 958 1768 988 greges

351 991 589 1030 contemplatum
611 993 660 1023 ve!
674 996 813 1023 extracta
826 993 914 1030 favis
937 993 1026 1022 mella
1049 993 1184 1022 recondit
1206 993 1239 1023 in
1259 994 1340 1023 vasis
1354 993 1494 1028 niumm,-
1514 993 1562 1022 vel
1582 992 1685 1022 tondet
1698 999 1768 1021 oves

351 1030 524 1064 imbecillas.
571 1034 650 1064 Cum
663 1043 734 1065 vero
749 1033 909 1065 autum‘nus
923 1033 1036 1074 campis
1057 1034 1156 1064 erexit
1177 1038 1268 1074 caput
1288 1035 1426 1065 dulcibus
1441 1033 1597 1072 fructibus
1610 1035 1765 1071 ornatum,

953 1125 989 1136 σο

1145 1125 1182 1137 00

350 1185 452 1216 habet
475 1187 658 1218 Columella
682 1197 715 1218 v.
741 1188 785 1219 6!
809 1190 1000 1229 Cruq.—11.
1023 1191 1064 1220 12
1088 1189 1160 1220 Hos
1184 1198 1298 1220 versus
1324 1192 1399 1228 post
1425 1197 1472 1219 vs.
1499 1191 1550 1220 13.
1569 1190 1620 1218 1⁴.
1643 1187 1768 1217 habent

351 1226 448 1257 codd.
465 1227 614 1268 editique
630 1238 743 1270 omnes
759 1236 885 1270 praeter
895 1239 994 1261 unum
1011 1231 1055 1261 H.
1067 1231 1184 1271 Steph.
1196 1230 1280 1270 (vid.
1293 1230 1408 1269 primae
1424 1230 1478 1260 ed.
1492 1229 1599 1259 Diatr.
1611 1237 1636 1258 1.
1651 1238 1684 1268 p.
1696 1227 1768 1268 88.)

351 1268 407 1308 qui
423 1269 471 1300 sic
485 1268 592 1301 edidit
607 1274 644 1301 nt
668 1276 703 1302 et
725 1271 768 1302 G.
783 1271 916 1303 Fabric.
941 1272 975 1303 in
1002 1271 1055 1304 ed.
1081 1272 1170 1312 Lips.
1188 1274 1281 1303 1570.
1304 1271 1453 1310 itemque
1469 1271 1574 1302 Chab.
1590 1270 1691 1301 Baxt.
1705 1269 1769 1299 Cu·

350 1310 440 1350 ning.
470 1311 591 1343 Sanad.
621 1312 790 1344 Sebrevel.
823 1313 947 1353 Delph.
978 1313 1127 1352 Francis,
1162 1314 1310 1350 Towers,
1337 1313 1473 1343 Talbot.
1504 1312 1602 1351 Ptne,
1631 1311 1768 1350 Bipont.

351 1352 490 1382 Mitscli.
508 1353 651 1384 Wetzel.
667 1353 801 1386 Wakef.
824 1359 860 1385 et
883 1355 999 1386 Comb.
1014 1359 1050 1385 et
1071 1355 1120 1385 ita
1141 1355 1270 1385 Valart.
1286 1354 1345 1385 Pr.
1362 1354 1404 1385 ad
1422 1354 1506 1385 Hor.
1524 1362 1571 1384 vi.
1595 1351 1768 1383 Bentleius

349 1393 519 1432 vulgatam
533 1394 698 1431 defendit,
712 1395 788 1435 quia
803 1395 970 1426 maritatio
986 1396 1060 1426 vitis
1076 1400 1214 1426 curratur
1230 1395 1382 1431 Octobri,
1395 1404 1498 1425 verno
1514 1399 1624 1425 autem
1645 1393 1769 1424 insitio.

350 1433 445 1465 Idem
461 1435 575 1467 Bentl.
590 1436 670 1476 legit
685 1436 862 1477 Inutilesve,
877 1446 1020 1478 eumque
1035 1442 1168 1468 secutus
1183 1441 1235 1468 est
1250 1436 1437 1468 niam—18
1460 1436 1555 1468 Harl.
1572 1439 1602 1468 1.
1617 1437 1647 1467 4.
1667 1434 1771 1466 Brod‘·

989 1529 1128 1562 NOTAE

350 1591 452 1631 gigni,
480 1595 516 1621 et
545 1590 578 1621 in
607 1591 656 1621 liis
686 1600 819 1632 quoque
844 1590 1033 1623 laudatiora

350 1641 495 1678 summis,
525 1640 611 1670 sicut
640 1639 792 1671 uberiora
820 1641 915 1672 imis:
949 1641 1033 1672 adeo

349 1689 547 1719 excelsitate
577 1687 762 1728 proficitur.
807 1689 881 1720 Hac
903 1690 1032 1721 ratione

349 1743 384 1768 et
400 1738 535 1768 arbores
550 1738 732 1777 eliguntur.
759 1738 874 1769 Prima
887 1739 1032 1770 omnium

349 1787 457 1816 ulmus
473 1809 482 1817 .
496 1808 505 1817 .
521 1806 530 1816 .
545 1808 553 1817 .
570 1786 690 1817 deinde
704 1788 848 1827 populus
851 1808 957 1823 .....
973 1788 1032 1819 mi-

350 1844 412 1866 nus
437 1834 542 1865 densa
565 1833 673 1872 folio,'
695 1837 758 1866 διο.
800 1836 908 1867 Varro
923 1835 966 1867 de
982 1837 1034 1868 Re

350 1884 448 1914 Rust.
463 1892 488 1914 ι.
510 1886 542 1913 8.
566 1883 616 1914 ita
635 1883 774 1915 scribit:
796 1884 936 1916 ‘Vineae
959 1885 1033 1924 aliae

349 1933 502 1968 humiles,
525 1937 562 1962 nt
587 1933 620 1963 in
644 1932 827 1972 Hispania:
853 1933 930 1964 aliae
956 1934 1034 1965 sub-

349 1981 454 2020 limes,
469 1985 507 2012 ut
530 1981 701 2022 pleraeque
718 1982 751 2012 in
767 1981 891 2022 Italia‚’
913 1985 976 2014 διο.
1000 1987 1036 2013 et

348 2031 383 2061 in
398 2029 486 2061 fine:
510 2034 519 2048 ‘
536 2030 602 2062 Ubi
627 2034 747 2061 natura
769 2034 867 2062 terrae
888 2031 1036 2071 humida,

349 2079 396 2110 ibi
411 2079 486 2110 vitis
501 2079 599 2110 altius
616 2079 775 2118 tollenda,
787 2080 874 2120 quod
890 2080 922 2110 in
937 2087 1036 2120 parm

349 2133 385 2160 et
409 2129 564 2160 alimonio
581 2130 690 2160 vinum
709 2138 790 2168 non,
811 2135 849 2160 ut
871 2130 904 2160 in
919 2130 1036 2169 calice,

351 2178 471 2218 quaerit
503 2187 634 2219 aquam,
670 2178 730 2209 sed
764 2179 887 2210 solem:
922 2179 1038 2220 itaque·

349 2228 435 2267 ideo,
448 2232 486 2259 ut
501 2228 656 2267 arbitror,
680 2228 822 2268 primum
845 2237 863 2259 e
884 2229 980 2260 vinea
1000 2230 1033 2260 in

350 2277 486 2308 arbores
499 2277 651 2308 ascendit
661 2277 763 2309 vitis.'
805 2277 892 2308 Vide
904 2287 953 2310 ιν.
966 2278 1033 2310 Od.

349 2331 380 2359 5.
398 2330 449 2358 30.

392 2380 430 2408 11
454 2376 640 2416 Inutilesque
647 2376 732 2414 falce
743 2386 842 2407 ramos
855 2376 1032 2416 amputans]

348 2426 437 2458 Piin.
459 2434 536 2456 mox
558 2426 616 2456 cit.
643 2426 652 2442 ‘
666 2424 818 2456 Arbusta
834 2425 919 2455 arari
933 2435 1030 2466 quam

347 2474 504 2506 altissime
520 2473 727 2512 desiderant,
741 2474 804 2504 etsi
816 2477 947 2504 tamum
961 2472 1032 2504 fru-

349 2524 453 2555 menti
478 2523 564 2555 ratio
589 2531 655 2554 non
681 2523 786 2562 exigit
789 2543 899 2554 .....
917 2523 1031 2563 Depu-

348 2578 463 2604 tantur
491 2581 567 2604 cum
590 2572 659 2603 vite
682 2573 810 2612 pariter
835 2572 1034 2603 interlucata

348 2621 514 2652 densitate
529 2630 696 2651 ramorum
711 2620 768 2660 qui
784 2624 862 2651 sunt
876 2629 1032 2661 superva-

350 2670 403 2702 cui
419 2674 454 2700 et
468 2669 646 2700 absumunt
661 2668 840 2700 alimenta!

354 2742 355 2745 η
391 2721 431 2750 12
455 2718 619 2749 Feliciores
649 2718 775 2759 inserit]
821 2717 906 2749 Vide
942 2715 1031 2749 Plin.

351 2777 445 2800 xvu.
460 2769 512 2798 14.
534 2767 589 2798 ubi
615 2768 779 2807 geminam
802 2766 967 2799 insitionis
984 2766 1032 2798 af·

1084 1591 1151 1623 fert
1165 1592 1347 1624 rationem:
1373 1593 1481 1623 altera
1495 1590 1536 1622 fit
1552 1595 1672 1622 trunco
1687 1591 1770 1623 leni-

1085 1645 1136 1671 ter
1156 1641 1255 1672 fisso:
1281 1642 1386 1672 altera
1412 1645 1464 1671 est
1491 1639 1695 1679 inoculatio;
1716 1639 1770 1670 fit·

1084 1698 1148 1730 que
1172 1690 1286 1721 exciso
1308 1689 1446 1725 cortice,
1469 1693 1505 1720 et
1526 1688 1707 1729 aperiendo
1733 1687 1768 1720 iu
1819 1696 1825 1702 ’

1084 1738 1201 1768 arbore
1215 1738 1360 1778 oculum,
1383 1746 1560 1778 semenque
1584 1737 1652 1768 illie
1667 1737 1770 1768 inclu-

1085 1786 1207 1818 dendo.
1250 1787 1350 1818 Hanc
1366 1786 1514 1818 docuere
1530 1794 1606 1818 aven
1622 1790 1658 1817 et
1672 1790 1770 1816 natu-

1085 1844 1131 1866 ra.
1145 1836 1155 1853 ‘
1166 1835 1316 1866 Tradunt
1330 1834 1563 1872 monedulam,'
1578 1834 1685 1876 inquit
1701 1834 1769 1871 ille,

1084 1884 1094 1900 ‘
1107 1883 1306 1915 condentem
1329 1884 1455 1915 semina
1476 1885 1508 1914 in
1525 1885 1696 1915 thesauros
1712 1892 1769 1914 ca·

1085 1941 1274 1972 vernarum,
1291 1932 1442 1971 ejusdem
1459 1933 1507 1962 rei
1522 1932 1674 1972 praebere
1689 1941 1769 1962 cau-

1084 1981 1157 2014 sas!
1201 1983 1246 2014 Et
1262 1983 1360 2022 paulo
1376 1986 1452 2013 ante
1467 1993 1474 2012 ι
1495 1982 1504 1998 ‘
1516 1981 1671 2012 Inserere
1688 1990 1770 2021 quo-

1084 2041 1150 2073 que
1165 2035 1284 2062 natura
1299 2031 1425 2069 docuit,
1446 2031 1571 2062 semine
1588 2029 1696 2061 ventis
1708 2039 1769 2060 εω-

1084 2090 1127 2120 pe
1150 2080 1313 2111 translato
1335 2080 1368 2110 in
1391 2079 1518 2120 aliquas
1541 2078 1702 2109 corticum
1726 2078 1770 2109 ri-

1084 2138 1174 2160 mas:
1192 2128 1279 2159 unde
1295 2127 1596 2159 vidimuscerasum
1609 2127 1642 2158 in
1654 2126 1768 2167 salice,

1085 2178 1252 2219 platanum
1268 2177 1301 2207 in
1318 2176 1433 2215 lauro,’
1447 2178 1512 2208 &c-

1128 2229 1168 2258 14
1190 2226 1368 2265 Prospectat
1383 2228 1521 2257 errantes
1530 2223 1660 2264 greges]
1683 2224 1767 2254 Gre-

1085 2284 1141 2315 ges
1165 2278 1383 2315 pastoresque
1402 2274 1526 2312 invisit,
1549 2277 1584 2305 et
1609 2282 1651 2304 an
1673 2278 1767 2304 recte

1084 2334 1120 2356 se
1135 2324 1279 2355 habeant
1293 2326 1427 2361 cuncta,
1441 2322 1642 2354 considerat.

1127 2377 1165 2405 15
1193 2374 1304 2404 Pressa
1314 2372 1399 2412 puris
1413 2372 1503 2402 mella
1523 2372 1626 2401 condit
1646 2371 1768 2410 amplio-

1082 2422 1143 2462 rie]
1165 2422 1287 2462 Virgil.
1300 2421 1427 2460 Georg.
1439 2428 1488 2451 iv.
1504 2422 1576 2451 140.
1591 2420 1600 2436 ‘
1611 2415 1767 2460 spuman-

1083 2474 1130 2504 tia
1146 2481 1266 2512 cogere
1290 2471 1412 2511 pressis
1427 2469 1531 2501 Mena
1545 2467 1651 2501 favis!
1678 2469 1766 2500 Vide

1083 2521 1255 2554 columen.
1274 2528 1326 2551 ix.
1356 2522 1407 2550 1⁵.
1450 2518 1538 2549 Plin.
1569 2526 1621 2549 κε.
1653 2521 1703 2550 12.
1729 2522 1765 2549 et

1084 2581 1119 2603 se
1148 2591 1157 2601 .

1122 2581 1168 2650 (16
1190 2618 1333 2660 Infirmas
1354 2615 1438 2656 oves]
1465 2616 1654 2656 Delicatus,
1681 2625 1766 2648 rnor-

1084 2669 1134 2700 bis
1149 2668 1320 2699 obnoxias.

1126 2719 1165 2749 17
1189 2716 1342 2747 Decorum
1368 2714 1465 2755 pomis
1488 2716 1589 2753 caput,
1613 2712 1683 2754 qt]
1709 2713 1765 2746 Ita

1085 2774 1204 2807 nempe
1219 2765 1304 2797 solet
1316 2763 1405 2805 pingi
1418 2762 1617 2795 Autumnus.
