1904 3256
330 268 417 309 804

778 282 822 318 Q.
857 279 1062 310 HonA'rn
1098 278 1265 309 πωροι

334 369 454 409 Huic
473 381 603 422 parco
623 370 780 421 paucis
802 374 1017 416 contento,
1039 369 1224 421 quinque
1242 370 1393 411 diebus

332 434 376 474 N
379 434 408 473 il
429 438 520 474 erat
538 434 580 473 in
599 435 779 474 loculis:
811 436 960 472 noctes
980 433 1182 484 vigilabat
1201 435 1255 474 ad
1275 436 1417 488 ipsum

332 499 477 548 Mane,
499 500 612 539 diem
634 504 768 538 totum
788 500 1024 549 stertebat3

743 563 869 602 Nunc
891 564 1049 615 aliquis
1070 565 1191 605 dicat
1209 567 1326 616 mihi,
1349 567 1468 616 Quid
1491 569 1564 608 tu‘l

331 629 522 669 Nullane
542 629 676 667 habes
692 627 829 667 vitia‘l
890 628 1030 668 Immo
1053 629 1152 678 alia,
1175 634 1219 670 et
1237 631 1422 671 fortasse
1441 632 1617 673 minora.

331 565 406 604 Sic
426 566 564 616 impar
585 563 681 602 sibi.

1059 500 1116 540 nil
1136 500 1217 540 suit
1235 515 1421 555 unquam

1687 632 1743 673 20

330 693 515 733 Maenius
535 692 759 731 absentem
779 691 967 732 Novium
987 686 1326 746 cum'carperet3
1358 695 1484 735 Heus
1504 699 1565 744 tu,

331 757 517 806 Quidam
538 757 613 804 ait,
633 757 804 808 ignoras
821 758 892 797 te?
923 770 975 797 an
996 762 1039 798 ut
1058 760 1246 811 ignotum
1267 760 1368 800 dare
1394 761 1520 801 nobis

328 822 478 862 Verba
497 822 657 873 putas?
716 822 902 874 Egomet
917 824 973 863 mi
990 825 1183 876 ignosco,
1205 825 1389 865 Maenius
1409 826 1560 877 inquit.

328 886 496 926 Stultus
515 890 560 925 et
578 887 801 939 improbus
821 887 890 927 hic
912 901 1032 928 amor
1047 893 1127 938 est,
1147 889 1384 942 dignusque
1402 892 1555 930 notari.

329 951 439 991 Cum
459 955 536 991 tua
555 951 783 1003 pervideas
803 953 941 993 oculis
962 954 1077 995 mala
1094 955 1242 1008 lippus
1265 956 1471 1004 inunctis,

1686 957 1744 996 25

327 1078 428 1105 autem
446 1085 539 1115 parco
557 1077 664 1116 paucis
689 1081 827 1108 contento
850 1078 877 1108 si
902 1079 1041 1109 donasses
1066 1079 1162 1109 decies
1187 1083 1324 1117 centena,
1344 1083 1411 1120 post
1430 1081 1558 1120 quinque
1577 1080 1642 1110 dies
1663 1078 1743 1110 nihil

325 1121 482 1155 supererat
495 1118 528 1147 ‘in
543 1128 694 1149 crumena.
731 1119 816 1157 Vigit
830 1120 1004 1150 traducebat
1018 1123 1119 1150 noctes
1131 1129 1222 1160 usque
1234 1123 1273 1151 ud
1286 1123 1380 1151 lucem
1393 1122 1575 1152 matutinum
1585 1132 1595 1151 .·
1609 1121 1658 1151 die
1671 1129 1742 1150 vero

326 1158 449 1195 integra
471 1159 646 1190 dormiebat.
691 1159 782 1189 Nihil
795 1169 927 1199 unquam
938 1160 1010 1197 suit
1029 1170 1111 1200 oeque
1131 1161 1191 1191 sibi
1212 1162 1368 1191 dissimile.
1409 1164 1483 1192 ,Iam
1495 1162 1572 1192 mihi
1584 1171 1644 1192 non
1657 1170 1743 1191 nemo

325 1199 462 1245 dixerit:
489 1200 533 1229 Tu
545 1203 646 1231 autem
660 1201 752 1240 quid?
772 1201 892 1231 nullane
916 1201 1006 1232 habes
1029 1202 1129 1232 vitio?
1153 1202 1235 1237 Quin
1251 1202 1340 1232 immo
1355 1203 1476 1233 diversa
1489 1203 1593 1242 habeo,
1605 1211 1660 1232 nec
1672 1201 1744 1237 sor·

326 1243 409 1270 suan
437 1241 562 1271 leviora.
610 1242 688 1272 Cum
712 1242 873 1280 aliquando
890 1243 1025 1273 Maenius
1043 1242 1271 1282 reprehenderet
1288 1243 1422 1274 Novium
1439 1243 1600 1282 absentem,
1620 1243 1744 1283 quidum

326 1280 426 1311 dixit:
451 1281 539 1312 Heus
556 1285 589 1313 tu
605 1293 664 1313 non
679 1283 807 1322 teipsum
820 1283 925 1314 nocti?
944 1294 984 1314 an
1005 1285 1088 1314 velut
1107 1285 1294 1322 incognitum
1308 1285 1391 1314 nobis
1405 1285 1557 1324 imponere
1570 1283 1745 1314 contendis?

330 1321 405 1352 Tum
422 1322 556 1352 Moenius
571 1325 739 1362 respondit,
761 1324 828 1363 Ipse
849 1324 926 1354 mihi
947 1325 1100 1363 indulgeo.
1145 1326 1254 1364 Atqui,
1267 1326 1372 1356 retulit
1386 1327 1475 1366 alter,
1490 1326 1548 1356 iste
1561 1334 1647 1356 amor
1659 1325 1743 1354 im-

326 1371 384 1392 nus
402 1367 448 1393 est
467 1366 498 1393 et
520 1364 642 1403 iniquus
657 1375 692 1395 ae
705 1366 964 1404 reprehensionem
978 1370 1120 1396 meretur.
1164 1367 1328 1397 Enimvero
1340 1367 1576 1407 quandoquidem
1593 1365 1744 1406 perspicis

912 1455 1147 1469 eeeeeeeeeeee

326 1521 364 1548 15
391 1518 486 1549 Harl.
501 1521 532 1550 2.
553 1519 665 1550 Decies
678 1523 803 1550 centeno
815 1519 1043 1550 dedissem—20
1060 1518 1138 1550 Ald.
1153 1522 1189 1549 et
1203 1518 1279 1549 edd.
1297 1517 1368 1548 fere
1389 1527 1502 1548 omnes
1515 1516 1672 1557 deinceps
1687 1527 1743 1548 us·

326 1569 389 1598 que
406 1559 447 1589 ad
466 1559 582 1591 Lamb.
596 1561 676 1590 haud
688 1561 825 1597 sortasse
839 1560 968 1590 minora.
1009 1560 1075 1591 Sed
1091 1561 1247 1591 Jannoct.
1264 1559 1328 1590 duo
1344 1560 1439 1590 Vati.
1455 1558 1573 1590 Fa'e'ru.
1595 1559 1742 1589 Rainmii

326 1600 425 1631 eard.
442 1604 476 1630 et
489 1601 587 1631 Torn.
603 1605 638 1630 et
651 1601 819 1632 Nicetian.
831 1601 953 1631 Cleric.
967 1610 1020 1639 ap.
1035 1600 1245 1637 Lambinum,
1259 1609 1371 1630 omnes
1387 1600 1538 1639 Cruquii,
1552 1599 1647 1629 Harl.
1663 1602 1695 1630 2.
1711 1602 1742 1630 3.

325 1643 355 1670 4.
372 1643 403 1671 6.
418 1643 448 1670 7.
473 1650 585 1670 omnes
600 1641 747 1672 Bentleii
761 1641 801 1671 ad
816 1650 928 1679 unum,
944 1650 1056 1671 omnes
1072 1642 1152 1671 item
1176 1642 1321 1679 antiqnae
1342 1641 1420 1672 edd.
1442 1645 1519 1670 ante
1534 1638 1612 1670 Ald.
1626 1643 1656 1670 et
1670 1639 1742 1677 for-

325 1685 405 1712 tasse
426 1682 553 1712 minora.
596 1682 697 1712 Baxt.
722 1691 764 1712 ex
788 1682 996 1721 conjectura,
1016 1686 1049 1712 at
1063 1683 1197 1717 sortasse
1218 1683 1429 1712 Μένωνι-21
1454 1680 1586 1711 Mevius
1599 1680 1695 1711 Harl.
1710 1683 1742 1711 2.

325 1724 355 1751 3.
370 1724 402 1752 4.
419 1725 451 1753 6.
463 1726 494 1753 7.
518 1723 616 1754 Gott.
638 1723 753 1754 Zarot.
777 1723 918 1754 Mediol.
935 1726 1027 1754 1477.
1052 1724 1130 1754 Vet.
1153 1723 1253 1761 Cruq.
1277 1723 1408 1753 Nevinm
1432 1722 1556 1752 Venet.
1580 1721 1740 1753 Glarean-

326 1763 467 1794 Chabot.
483 1769 516 1794 et
530 1763 609 1794 edd.
625 1765 777 1804 qnaedam
792 1767 957 1795 vett—22
977 1764 1070 1794 Harl.
1082 1767 1112 1794 6.
1125 1774 1165 1794 on
1177 1767 1210 1794 ut
1223 1765 1442 1802 ignotum—‘23
1457 1763 1588 1794 Mevius
1598 1764 1629 1793 in
1643 1762 1741 1794 codd.

325 1809 360 1835 et
377 1804 454 1834 edd.
468 1810 506 1835 ut
521 1815 634 1846 supra,
649 1815 697 1836 vs.
713 1808 849 1836 21.-25
876 1806 954 1836 Cum
971 1809 1004 1835 tu
1022 1806 1118 1836 Harl.
1133 1808 1172 1839 3„
1196 1808 1359 1844 praetereas
1373 1804 1461 1844 conj.
1475 1805 1612 1835 Meruil.
1640 1803 1742 1843 provi-

963 1897 1099 1928 NOTAE

1059 1957 1230 1988 divendita
1242 1967 1340 1999 qnam
1356 1956 1501 1988 habebat
1516 1956 1681 1987 residuam
1696 1955 1739 1986 od

1058 2005 1164 2036 forum
1193 2006 1303 2044 domo,
1329 2014 1426 2036 unam
1455 2004 1518 2034 sibi
1554 2005 1739 2035 columnam

1058 2054 1205 2093 excepit,
1225 2063 1243 2084 e
1259 2063 1323 2093 qua
1338 2053 1538 2092 gladiatores
1558 2056 1741 2091 spectaret.

325 1957 498 1988 Interdum
536 1962 572 1988 et
605 1958 766 1988 ‘decies’
802 1958 1006 1988 solummodo

325 2010 478 2036 auctores
500 2005 664 2044 scribunt,
684 2006 814 2045 supple,
842 2005 1006 2036 ‘centena

325 2054 428 2084 millia
453 2054 668 2093 sestertinm‚’
691 2054 731 2084 ad
756 2053 1005 2093 significandam

325 2105 493 2144 ingentem
509 2112 678 2134 summam.
715 2104 869 2136 Juvenal.
883 2103 954 2134 Sat.
971 2112 1006 2134 x.

325 2156 334 2171 ‘
349 2154 463 2184 decies
493 2157 634 2183 centena
670 2150 863 2182 dabuntur!
920 2152 1005 2184 Quae

326 2211 453 2232 summa
468 2210 510 2231 ex
533 2201 651 2231 Budaei
668 2201 907 2240 supputatione
922 2200 1006 2232 facit

325 2255 467 2281 mouetae
489 2255 611 2280 nostrae
635 2250 775 2280 Gallicae
799 2253 904 2281 25000
927 2251 1004 2281 ecus.

370 2301 408 2330 16
434 2299 574 2338 Quinque
588 2299 691 2329 diebus
715 2299 772 2329 Nil
792 2303 857 2329 erat
880 2299 912 2329 iu
926 2299 1004 2329 locu-

325 2347 380 2387 lis]
402 2347 502 2378 Hunc
530 2347 704 2386 Tigellium
730 2347 862 2378 omnino
892 2347 1004 2387 profu-

325 2405 397 2426 sum
433 2404 472 2425 ac
508 2395 681 2435 prodigum
717 2395 862 2426 ostendit
892 2396 1005 2426 Satira

327 2444 532 2485 praecedens.

369 2496 410 2524 19
432 2493 525 2523 Nunc
538 2492 648 2533 uliquis
661 2493 755 2532 dicat,
773 2491 840 2531 ἆγικ]
865 2493 1004 2532 Prolep·

327 2543 371 2572 sis
387 2543 517 2573 eximia.

367 2594 406 2621 21
432 2590 564 2621 Maenius
575 2590 728 2621 absentem
742 2589 887 2629 Novium]
921 2589 1005 2620 Mae-

327 2639 401 2668 nius
414 2639 468 2669 ille
484 2644 536 2670 est
550 2641 591 2670 de
611 2649 675 2680 quo
687 2639 758 2679 jam
772 2639 843 2670 Sat.
859 2638 1004 2679 praeced.

327 2696 376 2718 vs.
394 2690 465 2718 101.
479 2689 534 2727 qui
551 2688 754 2719 scurrilitate
774 2696 910 2728 magnus
929 2695 1004 2716 eva·

326 2736 388 2767 sit:
411 2744 451 2766 ac
472 2735 663 2776 dilapidatis
683 2737 791 2776 bouis,
805 2735 1003 2775 tandemque

1059 2103 1140 2141 Ejus
1164 2102 1314 2132 meminit
1329 2101 1474 2132 Lucilius
1487 2111 1495 2131 :
1520 2105 1556 2131 ut
1574 2104 1670 2131 notat
1678 2099 1738 2130 hic

1060 2156 1154 2181 vetus
1169 2151 1354 2190 Interpres.
1392 2150 1447 2180 De
1461 2149 1569 2180 Novio
1581 2154 1737 2189 tauquam

1058 2200 1187 2229 homine
1203 2199 1292 2229 vitiis
1316 2198 1449 2239 perdito
1467 2197 1598 2229 dicetur
1612 2203 1688 2237 post
1703 2197 1737 2227 iu

1059 2248 1128 2278 Sat.
1144 2256 1193 2278 νι.

1098 2296 1263 2327 Absentem
1275 2305 1342 2326 cum
1351 2293 1504 2334 carperet]
1535 2292 1677 2324 Maeuius
1688 2293 1736 2324 sic

1058 2346 1259 2376 describitur
1273 2345 1369 2375 dicax
1386 2349 1420 2374 et
1436 2352 1549 2378 vorax,
1564 2351 1589 2373 ι.
1606 2343 1668 2382 Ep.
1686 2346 1737 2375 15.

1053 2397 1063 2412 ⁸
1077 2395 1246 2428 Quaelibet
1261 2395 1294 2425 iu
1311 2393 1460 2434 quemvis
1476 2392 1653 2433 opprobria
1676 2392 1738 2423 fin-

1055 2452 1134 2483 gere
1156 2452 1262 2474 saevus
1277 2453 1285 2473 τ
1313 2441 1497 2476 Pernicies,
1530 2445 1566 2471 et
1592 2445 1735 2480 tempes-

1055 2495 1117 2531 tas,
1154 2491 1412 2530 barathrumque
1452 2488 1597 2527 mucelli,
1632 2487 1737 2521 Quic-

1056 2540 1134 2581 quid
1150 2540 1324 2580 quaesierat
1338 2538 1445 2569 ventri
1457 2537 1603 2568 donabat
1613 2537 1737 2569 avaro?

1054 2611 1063 2621 .
1079 2611 1088 2620 .
1105 2611 1114 2621 .
1129 2611 1137 2620 .
1163 2588 1307 2619 Maenius
1340 2588 1349 2605 ‘
1366 2587 1452 2618 idem
1476 2585 1640 2626 Quicquid
1661 2588 1736 2617 erat

1054 2643 1170 2669 nactus
1207 2637 1330 2678 praedae
1366 2636 1511 2676 majoris,
1547 2635 1604 2667 ubi
1638 2643 1734 2666 mnne

1055 2687 1214 2717 Verterat
1229 2687 1261 2717 in
1276 2685 1401 2717 fumum
1417 2690 1452 2716 et
1463 2683 1634 2722 cinerem!
1647 2686 1711 2715 ὅτε.

1089 2737 1127 2766 25
1142 2735 1308 2767 Pervideas
1321 2735 1414 2766 oculis
1427 2735 1506 2766 mala
1519 2733 1617 2774 lippus
1628 2734 1733 2764 inunc-
