1904 3256
659 302 849 334 EPODnN
885 301 1052 334 LIBER.

1493 292 1579 335 689

358 398 447 441 Sed
466 395 621 439 incitat
640 410 711 438 me
730 372 965 451 pectus‚et
985 405 1188 439 mammae
1209 399 1372 451 putres,

414 465 592 520 Equina
610 464 764 518 quales
784 465 946 526 ubera3

356 531 610 586 Venterque
623 531 789 582 mollis,
807 535 851 574 et
870 531 1010 573 femur
1028 531 1300 574 tumentibus

414 598 549 640 Exile
569 597 685 639 suris
705 598 918 639 additum.

1526 599 1582 640 10

359 664 650 726 Esto-beaten
676 663 808 706 funus
824 669 959 718 atque
978 664 1190 718 imagines

417 731 596 772 Ducant
613 729 927 784 Triumphales
946 735 1096 782 tuum;
1218 773 1223 776 ,

364 796 466 839 Nec
486 796 546 837 sit
562 795 735 846 marita,
756 810 856 850 quae
874 796 1206 839 rotundioribus

418 863 593 906 Onusta
611 863 765 905 baccis
784 863 991 906 ambulet.

361 928 486 980 Quid
499 930 519 970 ‘t
550 928 670 983 quod
689 929 826 970 libelli
847 930 990 972 Stoici
1010 930 1125 972 inter
1146 930 1321 972 Sericos

1532 931 1589 973 15

420 996 451 1038 J
454 1009 578 1038 acere
598 995 811 1050 pulvillos
834 998 1016 1038 amant‘?

138 1125 158 1144 ⁸
181 1125 201 1144 ³
223 1125 243 1144 ⁸*
266 1125 319 1158 Sis
339 1126 485 1166 opulenta
496 1135 510 1163 ‚·
525 1127 556 1157 et
569 1124 723 1164 imagines
736 1124 942 1165 triumphales
961 1125 1104 1156 decorent
1118 1125 1264 1166 exequias
1277 1128 1366 1157 tuas.-
1388 1125 1530 1166 nauaque
1548 1123 1592 1155 sit

137 1170 293 1207 mm,

140 1250 197 1282 boe
209 1254 242 1284 ts
255 1252 421 1284 anubibus
435 1251 671 1292 mihim-estat.
695 1250 715 1269 *
738 1249 758 1268 ³*
780 1249 800 1268 ¹*

748 1311 886 1326 ‘omn

313 1177 382 1208 que
395 1167 519 1199 incedat
539 1170 650 1198 ornata
672 1167 904 1198 rotundioribus
923 1168 1125 1207 margaritis.-
1149 1171 1184 1199 ια
1207 1171 1310 1199 tamen
1333 1167 1411 1198 mihi
1428 1166 1591 1199 sordescis.

139 1209 245 1248 Atqui
256 1209 413 1241 volu-im
431 1209 606 1240 Stoicorum
628 1210 711 1248 apud
731 1212 761 1240 te
780 1209 878 1240 solent
897 1211 1008 1249 reponi
1028 1210 1063 1240 in
1084 1209 1193 1242 sericis
1212 1209 1436 1251 pulvinaribus.

1484 1209 1594 1249 Neque

888 1312 988 1325 OO‘OO

142 1397 202 1419 nes
218 1388 287 1420 Cru
314 1387 372 1427 nii,
385 1392 424 1419 ut
438 1387 587 1427 videtur,
600 1397 685 1419 unus
701 1387 919 1426 Bersmanni,
930 1390 966 1418 et
977 1387 1081 1427 Cruq.
1099 1389 1179 1427 quod
1194 1391 1396 1419 enervet.-8
1411 1387 1420 1405 ‘
1435 1385 1594 1418 Absurde

141 1429 196 1460 hic
213 1429 290 1460 Har
316 1429 414 1461 uinus
429 1430 531 1469 quales
547 1439 566 1459 a
581 1429 680 1460 metri
697 1428 906 1460 necessitate
923 1427 1086 1459 deducit!
1114 1428 1211 1460 Gesn.

1257 1429 1267 1445 ‘
1279 1430 1386 1469 quales
1400 1438 1463 1470 pro
1478 1429 1596 1468 qualia,

143 1479 237 1504 more
250 1470 399 1504 Gracc!
426 1471 496 1503 Vet.
509 1471 700 1503 Sabou—14
725 1469 868 1511 optima
883 1478 1028 1511 quaeque
1043 1470 1255 1511 exemplaria
1268 1470 1364 1512 bacis,
1383 1480 1450 1503 non
1476 1470 1575 1502 baccis
1583 1481 1595 1508 ;

797 1564 939 1598 NOTAE

186 1640 226 1674 11
250 1641 360 1674 Fam
385 1643 478 1682 atque
504 1640 670 1679 imagines,
698 1638 770 1680 θα]
800 1638 841 1670 In

142 1691 263 1723 funere
282 1689 445 1721 nobilium
472 1688 745 1730 praeferebantur
760 1688 841 1718 ima-

145 1741 239 1783 gines
254 1739 420 1780 majorum
442 1738 499 1780 qui
527 1738 767 1778 triumphalem
782 1737 841 1767 lno-

144 1799 262 1822 norem
278 1789 396 1831 adepti
410 1787 559 1819 fuerant.
599 1788 672 1819 Cic.
690 1787 733 1818 de
747 1786 844 1817 Orat.

146 1849 188 1871 n.
217 1843 254 1870 et
281 1847 342 1879 pro
378 1837 518 1868 Milone.
547 1836 636 1868 Plin.
668 1844 782 1867 xxxv.
811 1838 844 1866 2.

146 1889 240 1929 Lips.
255 1888 366 1919 Elect.
383 1896 408 1918 1.
424 1889 478 1918 29.

192 1941 231 1970 13
258 1935 515 1976 Rotundioribus]
535 1934 742 1968 Rotunditas
752 1932 847 1965 unio·

149 1996 208 2017 ιιι-,ε
224 1986 450 2019 commendat.
477 1985 566 2016 Plin.
580 1993 631 2016 rx·
646 1987 701 2016 35.
728 1985 738 2002 ⁴
754 1983 848 2015 Mar·

151 2035 334 2075 garitarum
345 2035 406 2066 dos
418 2035 526 2066 omnis
538 2035 572 2066 in
583 2034 744 2073 candore,
753 2043 848 2074 mag-

152 2083 319 2124 nitudine,

154 2134 262 2164 Erant
276 2138 390 2164 tomen
406 2133 508 2164 etiam
532 2133 689 2173 oblongae
712 2132 745 2162 in
771 2140 849 2172 pre·

152 2182 202 2213 tio
227 2182 436 2223 margaritae,
461 2181 730 2222 dicebanturque
758 2181 851 2212 elen-

152 2233 219 2272 chi,
243 2236 281 2264 et
304 2231 440 2264 auribus
455 2231 752 2272 appendebantur.
788 2230 851 2263 Ju-

153 2282 263 2315 venui.
278 2283 350 2314 Sat.
362 2290 411 2314 νι.
427 2285 502 2314 458.
541 2283 551 2300 ‘
570 2281 715 2313 Auribus
731 2285 850 2312 exten-

154 2333 199 2365 sis
214 2341 352 2372 magnos
375 2331 543 2365 commisit
565 2330 744 2363 elenchos?
779 2331 850 2362 Sat.

156 2393 197 2417 11.
211 2386 264 2416 61.
279 2388 288 2402 ¹
301 2382 489 2426 cylindros’
505 2386 613 2415 vocat.
646 2383 655 2399 ‘
672 2382 723 2413 Tu
747 2381 851 2422 nube,

157 2438 258 2475 atque
288 2438 378 2466 tace.
421 2434 563 2465 Douant
592 2442 720 2464 arcana
747 2433 852 2474 cylin-

157 2483 260 2516 droa!

201 2535 242 2565 14
265 2534 401 2576 Onusta]
423 2533 513 2565 Plin.
526 2542 605 2564 mox
627 2532 687 2564 cit.
721 2531 730 2548 ‘
746 2530 853 2562 Unio-

159 2591 219 2615 nes
239 2582 356 2624 digitis
383 2583 604 2624 suspendere,
627 2586 663 2614 et
686 2581 783 2614 binos
813 2590 853 2612 ac

162 2635 276 2667 temo·
283 2633 431 2675 auribus,
439 2633 650 2666 foeminarum
659 2632 766 2673 gloria
777 2629 854 2662 est!

163 2681 303 2715 Petron.
315 2683 326 2700 ‘
342 2683 524 2716 tribsccam
542 2683 758 2723 margaritam
768 2681 776 2694 ¹
798 2690 855 2721 ap·

165 2731 282 2772 pellat.
304 2731 436 2764 Seneca
446 2733 489 2765 de
499 2733 622 2766 Benef.
635 2742 702 2766 vu.
718 2735 750 2764 9.
773 2731 784 2748 ‘
796 2730 856 2763 vi-

165 2780 230 2812 deo
246 2780 385 2812 uniones
399 2790 466 2814 non
481 2783 629 2823 singulos
645 2782 784 2823 singulis
799 2790 856 2815 au-

167 2829 259 2862 ribus
283 2834 506 2870 comparatos.
544 2832 621 2865 Jam
644 2832 732 2863 enim
757 2840 855 2863 exer·

249 2881 366 2923 Delph.
379 2885 411 2914 et
423 2882 499 2914 Var.
514 2882 600 2915 ctas.

361 2084 455 2123 orbe,
494 2085 631 2122 laevore,
674 2081 852 2123 pondere.’

818 2883 935 2915 Horat.

896 1637 1014 1669 citatae
1040 1637 1202 1670 mulieres
1224 1637 1319 1669 oneri
1342 1636 1484 1670 ferendo
1506 1642 1598 1670 sunt.

897 1687 1096 1727 Junguntur
1118 1687 1210 1718 inter
1236 1696 1297 1724 se;
1321 1690 1358 1718 et
1382 1687 1523 1726 insuper
1541 1687 1598 1719 ulii

897 1736 966 1768 bini
979 1737 1315 1777 superimponuntur.
1340 1736 1416 1767 Nec
1432 1736 1513 1766 sutis
1529 1745 1600 1767 mu-

896 1785 1014 1817 liebris
1029 1785 1161 1817 insania
1185 1786 1275 1817 viros
1299 1785 1508 1826 subjecerat,
1534 1785 1600 1816 nisi

898 1835 978 1867 bina
993 1845 1032 1867 ac
1045 1840 1144 1867 terna
1160 1835 1367 1876 patrimonia
1381 1835 1518 1867 auribus
1533 1835 1599 1866 sin-

898 1885 987 1925 gulis
1003 1884 1273 1925 pependissent!

941 1933 1074 1974 Baucis]
1091 1934 1214 1966 Baccoe
1227 1933 1366 1975 proprie
1376 1936 1455 1964 sunt
1465 1931 1600 1964 fructus

897 1983 1001 2024 lauri,
1034 1983 1132 2024 oleae,
1164 1986 1230 2015 διο.
1262 1983 1306 2015 ob
1343 1982 1601 2014 similitudinem

899 2043 981 2066 vero
997 2043 1059 2075 pro
1075 2033 1256 2065 unionibus
1270 2037 1454 2075 ponuntur.
1500 2032 1600 2064 Pers.

898 2093 942 2116 ιι.
971 2087 1023 2116 66.
1047 2083 1187 2116 ambitio
1217 2088 1253 2116 et
1283 2083 1451 2122 mollities,
1479 2082 1602 2123 inquit,

901 2133 1020 2166 docuit
1036 2134 1175 2166 baccam
1192 2134 1332 2166 conchae
1351 2132 1483 2164 rasisse.

945 2186 985 2216 15
1012 2184 1097 2220 Quid
1107 2181 1124 2216 :²
1138 2184 1218 2224 quod
1226 2183 1324 2215 libelli
1339 2182 1450 2219 Stoici,
1461 2183 1531 2223 δῖα]
1555 2180 1603 2212 At

904 2232 998 2265 dices
1010 2237 1046 2265 te
1062 2243 1137 2264 esse
1154 2233 1316 2264 imbutam
1342 2232 1451 2263 literis
1471 2236 1506 2263 et
1525 2232 1604 2263 Phi-

903 2282 1058 2323 losophia
1073 2282 1279 2314 Stoicorum.
1323 2282 1463 2313 Scilicet
1480 2283 1542 2313 hoc
1557 2282 1604 2312 le-

903 2332 1051 2372 nocinio,
1065 2332 1128 2363 hac
1143 2331 1306 2364 illecebra
1328 2336 1447 2374 captas
1463 2341 1517 2363 me
1533 2335 1602 2362 stu-

905 2384 1059 2415 diosum:
1083 2393 1198 2415 verum
1219 2383 1300 2415 nihil
1325 2384 1477 2425 proficis,
1494 2382 1604 2423 inquit

906 2433 1082 2466 Horatius.
1094 2434 1348 2466 DeStoicorum
1361 2433 1495 2474 placitis
1505 2440 1602 2471 agam

905 2483 947 2515 ad
964 2492 990 2515 1.
1007 2483 1076 2514 Sat.
1093 2486 1125 2516 3.

950 2533 1039 2564 Inter
1056 2532 1217 2573 pulvillos]
1238 2532 1348 2571 Super
1365 2530 1519 2570 pulvinos
1541 2530 1605 2561 sci-

906 2583 990 2615 licet
1010 2582 1126 2614 lectuli
1152 2580 1364 2617 tricliniaris,
1390 2579 1606 2619 accubitorii,

909 2631 1152 2669 lucubratorii3
1178 2631 1212 2662 in
1234 2639 1300 2670 quo
1319 2633 1453 2660 veteres
1466 2630 1605 2661 lectioni

910 2687 945 2714 et
961 2680 1138 2722 scriptioni
1154 2680 1335 2711 vacabant.
1381 2679 1562 2711 Pers-Sat.
1581 2689 1605 2711 r.

911 2734 965 2763 53.
986 2731 996 2749 ‘
1010 2729 1171 2772 quicquid
1192 2729 1339 2771 denique
1360 2729 1460 2761 lectis
1476 2730 1605 2762 Scribi-

911 2786 968 2814 tur
982 2781 1016 2813 in
1033 2779 1173 2813 citreis:

953 2833 1079 2864 Cetera
1094 2830 1193 2870 hujus
1213 2829 1307 2861 Odes
1328 2829 1416 2861 absit
1433 2834 1470 2860 ut
1490 2830 1607 2871 expla-

1446 2884 1465 2912 2
1487 2882 1521 2912 Χ
