<?xml version="1.0" encoding="UTF-8"?>
<!DOCTYPE html PUBLIC "-//W3C//DTD XHTML 1.0 Transitional//EN"
    "http://www.w3.org/TR/xhtml1/DTD/xhtml1-transitional.dtd">
<html xmlns="http://www.w3.org/1999/xhtml" xml:lang="en" lang="en">
 <head>
  <title>
</title>
<meta http-equiv="Content-Type" content="text/html;charset=utf-8" />
  <meta name='ocr-system' content='tesseract 3.04.00' />
  <meta name='ocr-capabilities' content='ocr_page ocr_carea ocr_par ocr_line ocrx_word'/>
</head>
<body>
  <div class='ocr_page' id='page_1' title='image "./operazeune02horauoft_0394.png"; bbox 0 0 1930 3242; ppageno 0'>
   <div class='ocr_carea' id='block_1_1' title="bbox 320 265 403 306">
    <p class='ocr_par' dir='ltr' id='par_1_1' title="bbox 320 265 403 306">
     <span class='ocr_line' id='line_1_1' title="bbox 320 265 403 306; baseline -0.012 0"><span class='ocrx_word' id='word_1_1' title='bbox 320 265 403 306; x_wconf 83' lang='lat'>934</span> 
     </span>
    </p>
   </div>
   <div class='ocr_carea' id='block_1_2' title="bbox 322 362 991 419">
    <p class='ocr_par' dir='ltr' id='par_1_2' title="bbox 322 362 991 419">
     <span class='ocr_line' id='line_1_2' title="bbox 322 362 991 419; baseline -0.012 -12"><span class='ocrx_word' id='word_1_2' title='bbox 322 366 465 419; x_wconf 84' lang='lat' dir='ltr'><strong>Atque</strong></span> <span class='ocrx_word' id='word_1_3' title='bbox 486 366 635 406; x_wconf 82' lang='lat' dir='ltr'>acidas</span> <span class='ocrx_word' id='word_1_4' title='bbox 655 365 820 405; x_wconf 76' lang='lat' dir='ltr'>mavult</span> <span class='ocrx_word' id='word_1_5' title='bbox 838 362 991 402; x_wconf 89' lang='lat' dir='ltr'>inulas.</span> 
     </span>
    </p>
   </div>
   <div class='ocr_carea' id='block_1_3' title="bbox 320 426 1344 547">
    <p class='ocr_par' dir='ltr' id='par_1_3' title="bbox 320 426 1344 547">
     <span class='ocr_line' id='line_1_3' title="bbox 320 426 1344 484; baseline -0.005 -12"><span class='ocrx_word' id='word_1_6' title='bbox 320 431 556 484; x_wconf 85' lang='lat' dir='ltr'>Pauperies</span> <span class='ocrx_word' id='word_1_7' title='bbox 577 430 717 482; x_wconf 87' lang='lat' dir='ltr'>epulis</span> <span class='ocrx_word' id='word_1_8' title='bbox 740 439 904 477; x_wconf 77' lang='lat' dir='ltr'>regum:</span> <span class='ocrx_word' id='word_1_9' title='bbox 935 438 1032 466; x_wconf 85' lang='lat' dir='ltr'>nam</span> <span class='ocrx_word' id='word_1_10' title='bbox 1055 426 1214 466; x_wconf 84' lang='lat' dir='ltr'>vilibus</span> <span class='ocrx_word' id='word_1_11' title='bbox 1234 427 1344 476; x_wconf 89' lang='lat' dir='ltr'>ovis,</span> 
     </span>
     <span class='ocr_line' id='line_1_4' title="bbox 321 490 1078 547; baseline -0.011 -10"><span class='ocrx_word' id='word_1_12' title='bbox 321 497 554 547; x_wconf 89' lang='lat' dir='ltr'>Nigrisque</span> <span class='ocrx_word' id='word_1_13' title='bbox 575 498 639 534; x_wconf 86' lang='lat' dir='ltr'>est</span> <span class='ocrx_word' id='word_1_14' title='bbox 658 492 766 532; x_wconf 87' lang='lat' dir='ltr'>oleis</span> <span class='ocrx_word' id='word_1_15' title='bbox 789 490 917 530; x_wconf 88' lang='lat' dir='ltr'>hodie</span> <span class='ocrx_word' id='word_1_16' title='bbox 937 491 1078 531; x_wconf 88' lang='lat' dir='ltr'>locus.</span> 
     </span>
    </p>
   </div>
   <div class='ocr_carea' id='block_1_4' title="bbox 770 271 1253 313">
    <p class='ocr_par' dir='ltr' id='par_1_4' title="bbox 770 271 1253 313">
     <span class='ocr_line' id='line_1_5' title="bbox 770 271 1253 313; baseline -0.014 -7"><span class='ocrx_word' id='word_1_17' title='bbox 770 276 812 313; x_wconf 87' lang='lat' dir='ltr'>Q.</span> <span class='ocrx_word' id='word_1_18' title='bbox 842 276 904 305; x_wconf 85' lang='grc' dir='ltr'>ΗΟ</span> <span class='ocrx_word' id='word_1_19' title='bbox 914 274 1048 303; x_wconf 75' lang='lat' dir='ltr'>RATI!</span> <span class='ocrx_word' id='word_1_20' title='bbox 1083 271 1253 301; x_wconf 70' lang='lat' dir='ltr'>FhAcct</span> 
     </span>
    </p>
   </div>
   <div class='ocr_carea' id='block_1_5' title="bbox 1050 360 1588 405">
    <p class='ocr_par' dir='ltr' id='par_1_5' title="bbox 1050 360 1588 405">
     <span class='ocr_line' id='line_1_6' title="bbox 1050 360 1588 405; baseline 0.007 -5"><span class='ocrx_word' id='word_1_21' title='bbox 1050 360 1250 401; x_wconf 85' lang='lat' dir='ltr'><strong>Necdum</strong></span> <span class='ocrx_word' id='word_1_22' title='bbox 1272 362 1411 402; x_wconf 89' lang='lat' dir='ltr'>omnis</span> <span class='ocrx_word' id='word_1_23' title='bbox 1433 362 1588 405; x_wconf 81' lang='lat' dir='ltr'>abacta</span> 
     </span>
    </p>
   </div>
   <div class='ocr_carea' id='block_1_6' title="bbox 1137 429 1734 544">
    <p class='ocr_par' dir='ltr' id='par_1_6' title="bbox 1137 429 1734 544">
     <span class='ocr_line' id='line_1_7' title="bbox 1137 429 1734 544; baseline 0.005 -14"><span class='ocrx_word' id='word_1_24' title='bbox 1137 490 1270 531; x_wconf 88' lang='lat' dir='ltr'>Haud</span> <span class='ocrx_word' id='word_1_25' title='bbox 1288 492 1349 532; x_wconf 89' lang='lat' dir='ltr'>ita</span> <span class='ocrx_word' id='word_1_26' title='bbox 1367 491 1530 544; x_wconf 89' lang='lat' dir='ltr'><strong>pridem</strong></span> <span class='ocrx_word' id='word_1_27' title='bbox 1675 429 1734 470; x_wconf 67' lang='grc'>45</span> 
     </span>
    </p>
   </div>
   <div class='ocr_carea' id='block_1_7' title="bbox 320 556 1271 611">
    <p class='ocr_par' dir='ltr' id='par_1_7' title="bbox 320 556 1271 611">
     <span class='ocr_line' id='line_1_8' title="bbox 320 556 1271 611; baseline -0.005 -10"><span class='ocrx_word' id='word_1_28' title='bbox 320 560 498 601; x_wconf 67' lang='lat' dir='ltr'>Galloni</span> <span class='ocrx_word' id='word_1_29' title='bbox 517 557 727 611; x_wconf 85' lang='lat' dir='ltr'>praeconis</span> <span class='ocrx_word' id='word_1_30' title='bbox 746 560 838 596; x_wconf 85' lang='lat' dir='ltr'>erat</span> <span class='ocrx_word' id='word_1_31' title='bbox 856 556 1103 608; x_wconf 81' lang='lat' dir='ltr'>acipensere</span> <span class='ocrx_word' id='word_1_32' title='bbox 1123 568 1271 596; x_wconf 87' lang='lat' dir='ltr'>mensa</span> 
     </span>
    </p>
   </div>
   <div class='ocr_carea' id='block_1_8' title="bbox 319 679 1736 804">
    <p class='ocr_par' dir='ltr' id='par_1_8' title="bbox 319 679 1736 804">
     <span class='ocr_line' id='line_1_9' title="bbox 319 679 1734 722; baseline -0.003 -9"><span class='ocrx_word' id='word_1_33' title='bbox 319 683 426 719; x_wconf 81' lang='lat' dir='ltr'>chum;</span> <span class='ocrx_word' id='word_1_34' title='bbox 448 683 565 722; x_wconf 82' lang='lat' dir='ltr'>quando</span> <span class='ocrx_word' id='word_1_35' title='bbox 580 685 666 712; x_wconf 77' lang='lat' dir='ltr'>satur</span> <span class='ocrx_word' id='word_1_36' title='bbox 681 682 798 722; x_wconf 75' lang='lat' dir='ltr'>expetit</span> <span class='ocrx_word' id='word_1_37' title='bbox 814 691 905 721; x_wconf 78' lang='lat' dir='ltr'>rapas</span> <span class='ocrx_word' id='word_1_38' title='bbox 918 684 948 712; x_wconf 86' lang='lat' dir='ltr'>et</span> <span class='ocrx_word' id='word_1_39' title='bbox 962 681 1063 712; x_wconf 75' lang='lat' dir='ltr'>inulas</span> <span class='ocrx_word' id='word_1_40' title='bbox 1077 690 1172 712; x_wconf 76' lang='lat' dir='ltr'>acres.</span> <span class='ocrx_word' id='word_1_41' title='bbox 1220 681 1328 712; x_wconf 77' lang='lat' dir='ltr'>Verum</span> <span class='ocrx_word' id='word_1_42' title='bbox 1345 681 1441 711; x_wconf 79' lang='lat' dir='ltr'>omnis</span> <span class='ocrx_word' id='word_1_43' title='bbox 1452 680 1535 711; x_wconf 80' lang='lat' dir='ltr'>cibus</span> <span class='ocrx_word' id='word_1_44' title='bbox 1552 679 1642 710; x_wconf 76' lang='lat' dir='ltr'>vilior</span> <span class='ocrx_word' id='word_1_45' title='bbox 1659 688 1734 710; x_wconf 76' lang='lat' dir='ltr'>non-</span> 
     </span>
     <span class='ocr_line' id='line_1_10' title="bbox 320 721 1734 760; baseline -0.001 -7"><span class='ocrx_word' id='word_1_46' title='bbox 320 725 390 753; x_wconf 80' lang='lat' dir='ltr'>dum</span> <span class='ocrx_word' id='word_1_47' title='bbox 405 724 506 754; x_wconf 81' lang='lat' dir='ltr'>exulat</span> <span class='ocrx_word' id='word_1_48' title='bbox 520 733 539 752; x_wconf 78' lang='lat' dir='ltr'>a</span> <span class='ocrx_word' id='word_1_49' title='bbox 554 733 654 754; x_wconf 82' lang='lat' dir='ltr'>mensa</span> <span class='ocrx_word' id='word_1_50' title='bbox 669 724 809 754; x_wconf 81' lang='lat' dir='ltr'>divitum.</span> <span class='ocrx_word' id='word_1_51' title='bbox 855 723 978 753; x_wconf 82' lang='lat' dir='ltr'>Etenim</span> <span class='ocrx_word' id='word_1_52' title='bbox 991 722 1194 753; x_wconf 79' lang='lat' dir='ltr'>admittuntur</span> <span class='ocrx_word' id='word_1_53' title='bbox 1209 732 1264 752; x_wconf 84' lang='grc' dir='ltr'>ουα</span> <span class='ocrx_word' id='word_1_54' title='bbox 1286 726 1316 752; x_wconf 84' lang='lat' dir='ltr'>et</span> <span class='ocrx_word' id='word_1_55' title='bbox 1336 723 1422 752; x_wconf 78' lang='lat' dir='ltr'>olivoe</span> <span class='ocrx_word' id='word_1_56' title='bbox 1437 722 1558 760; x_wconf 81' lang='lat' dir='ltr'>m‘groe:</span> <span class='ocrx_word' id='word_1_57' title='bbox 1571 729 1665 760; x_wconf 80' lang='lat' dir='ltr'>neque</span> <span class='ocrx_word' id='word_1_58' title='bbox 1677 721 1734 750; x_wconf 78' lang='lat' dir='ltr'>du-</span> 
     </span>
     <span class='ocr_line' id='line_1_11' title="bbox 320 763 1736 804; baseline -0.001 -10"><span class='ocrx_word' id='word_1_59' title='bbox 320 766 390 795; x_wconf 82' lang='lat' dir='ltr'>dum</span> <span class='ocrx_word' id='word_1_60' title='bbox 415 764 552 795; x_wconf 82' lang='lat' dir='ltr'>Gallonii</span> <span class='ocrx_word' id='word_1_61' title='bbox 574 765 724 804; x_wconf 79' lang='lat' dir='ltr'>praecom&#39;s</span> <span class='ocrx_word' id='word_1_62' title='bbox 746 774 849 796; x_wconf 80' lang='lat' dir='ltr'>mensa</span> <span class='ocrx_word' id='word_1_63' title='bbox 871 763 1042 804; x_wconf 80' lang='lat' dir='ltr'>acipensere</span> <span class='ocrx_word' id='word_1_64' title='bbox 1064 763 1212 801; x_wconf 79' lang='lat' dir='ltr'>infumata</span> <span class='ocrx_word' id='word_1_65' title='bbox 1226 763 1307 801; x_wconf 80' lang='lat' dir='ltr'>suit.</span> <span class='ocrx_word' id='word_1_66' title='bbox 1352 763 1455 799; x_wconf 72' lang='lat' dir='ltr'>Quid?</span> <span class='ocrx_word' id='word_1_67' title='bbox 1489 764 1540 794; x_wconf 77' lang='grc' dir='ltr'>Δπ</span> <span class='ocrx_word' id='word_1_68' title='bbox 1558 765 1631 792; x_wconf 70' lang='lat' dir='ltr'>tunc</span> <span class='ocrx_word' id='word_1_69' title='bbox 1652 770 1736 792; x_wconf 75' lang='lat' dir='ltr'>mare</span> 
     </span>
    </p>
   </div>
   <div class='ocr_carea' id='block_1_9' title="bbox 961 855 1096 888">
    <p class='ocr_par' dir='ltr' id='par_1_9' title="bbox 961 855 1096 888">
     <span class='ocr_line' id='line_1_12' title="bbox 961 855 1096 888; baseline -0.015 0"><span class='ocrx_word' id='word_1_70' title='bbox 961 855 1096 888; x_wconf 77' lang='lat' dir='ltr'>NOTAE</span> 
     </span>
    </p>
   </div>
   <div class='ocr_carea' id='block_1_10' title="bbox 318 930 1010 2761">
    <p class='ocr_par' dir='ltr' id='par_1_10' title="bbox 318 930 1001 1067">
     <span class='ocr_line' id='line_1_13' title="bbox 319 930 999 973; baseline 0 -13"><span class='ocrx_word' id='word_1_71' title='bbox 319 934 375 960; x_wconf 85' lang='lat' dir='ltr'>tur</span> <span class='ocrx_word' id='word_1_72' title='bbox 389 930 480 969; x_wconf 85' lang='lat' dir='ltr'>cupit</span> <span class='ocrx_word' id='word_1_73' title='bbox 496 930 604 970; x_wconf 81' lang='lat' dir='ltr'>acida,</span> <span class='ocrx_word' id='word_1_74' title='bbox 618 941 728 971; x_wconf 81' lang='lat' dir='ltr'>rapas,</span> <span class='ocrx_word' id='word_1_75' title='bbox 750 932 865 971; x_wconf 84' lang='lat' dir='ltr'>inulas,</span> <span class='ocrx_word' id='word_1_76' title='bbox 883 931 999 973; x_wconf 83' lang='lat' dir='ltr'>quibus</span> 
     </span>
     <span class='ocr_line' id='line_1_14' title="bbox 319 979 1001 1019; baseline 0.004 -12"><span class='ocrx_word' id='word_1_77' title='bbox 319 979 490 1017; x_wconf 83' lang='lat' dir='ltr'>appetitus</span> <span class='ocrx_word' id='word_1_78' title='bbox 504 979 679 1019; x_wconf 73' lang='lat' dir='ltr'>excitetur,</span> <span class='ocrx_word' id='word_1_79' title='bbox 699 980 856 1010; x_wconf 82' lang='lat' dir='ltr'>discussis</span> <span class='ocrx_word' id='word_1_80' title='bbox 872 980 1001 1011; x_wconf 78' lang='lat' dir='ltr'>viscosa</span> 
     </span>
     <span class='ocr_line' id='line_1_15' title="bbox 318 1027 846 1067; baseline 0.006 -11"><span class='ocrx_word' id='word_1_81' title='bbox 318 1027 440 1066; x_wconf 83' lang='lat' dir='ltr'>pituita</span> <span class='ocrx_word' id='word_1_82' title='bbox 455 1027 632 1067; x_wconf 84' lang='lat' dir='ltr'>crudisque</span> <span class='ocrx_word' id='word_1_83' title='bbox 643 1028 846 1059; x_wconf 82' lang='lat' dir='ltr'>humoribus.</span> 
     </span>
    </p>

    <p class='ocr_par' dir='ltr' id='par_1_11' title="bbox 319 1074 1005 1260">
     <span class='ocr_line' id='line_1_16' title="bbox 362 1074 1000 1114; baseline 0.005 -11"><span class='ocrx_word' id='word_1_84' title='bbox 362 1074 500 1114; x_wconf 66' lang='lat' dir='ltr'>Rapum]</span> <span class='ocrx_word' id='word_1_85' title='bbox 537 1075 625 1106; x_wconf 84' lang='lat' dir='ltr'>Gan.</span> <span class='ocrx_word' id='word_1_86' title='bbox 650 1077 702 1106; x_wconf 78' lang='lat' dir='ltr'>des</span> <span class='ocrx_word' id='word_1_87' title='bbox 726 1086 823 1107; x_wconf 77' lang='lat' dir='ltr'>raves.</span> <span class='ocrx_word' id='word_1_88' title='bbox 867 1077 922 1107; x_wconf 89' lang='lat' dir='ltr'>De</span> <span class='ocrx_word' id='word_1_89' title='bbox 950 1076 1000 1106; x_wconf 86' lang='lat' dir='ltr'>his</span> 
     </span>
     <span class='ocr_line' id='line_1_17' title="bbox 319 1123 1000 1162; baseline 0.004 -11"><span class='ocrx_word' id='word_1_90' title='bbox 319 1123 414 1162; x_wconf 86' lang='lat' dir='ltr'>plura</span> <span class='ocrx_word' id='word_1_91' title='bbox 441 1127 553 1154; x_wconf 86' lang='lat' dir='ltr'>narrat</span> <span class='ocrx_word' id='word_1_92' title='bbox 579 1123 668 1154; x_wconf 85' lang='lat' dir='ltr'>Plin.</span> <span class='ocrx_word' id='word_1_93' title='bbox 693 1133 798 1155; x_wconf 84' lang='lat' dir='ltr'>xvui.</span> <span class='ocrx_word' id='word_1_94' title='bbox 825 1127 877 1155; x_wconf 79' lang='lat'>13.</span> <span class='ocrx_word' id='word_1_95' title='bbox 913 1123 1000 1154; x_wconf 84' lang='lat' dir='ltr'>Item</span> 
     </span>
     <span class='ocr_line' id='line_1_18' title="bbox 320 1171 1005 1212; baseline 0.001 -11"><span class='ocrx_word' id='word_1_96' title='bbox 320 1179 379 1202; x_wconf 88' lang='lat' dir='ltr'>xx.</span> <span class='ocrx_word' id='word_1_97' title='bbox 398 1174 428 1202; x_wconf 78' lang='lat'>3.</span> <span class='ocrx_word' id='word_1_98' title='bbox 463 1173 473 1189; x_wconf 83' lang='lat'><strong><em>⁴</em></strong></span> <span class='ocrx_word' id='word_1_99' title='bbox 493 1172 552 1202; x_wconf 82' lang='lat' dir='ltr'>Est</span> <span class='ocrx_word' id='word_1_100' title='bbox 575 1177 609 1203; x_wconf 92' lang='lat' dir='ltr'>et</span> <span class='ocrx_word' id='word_1_101' title='bbox 625 1181 705 1212; x_wconf 85' lang='lat' dir='ltr'>rapo</span> <span class='ocrx_word' id='word_1_102' title='bbox 720 1172 770 1204; x_wconf 88' lang='lat' dir='ltr'>vis</span> <span class='ocrx_word' id='word_1_103' title='bbox 787 1171 939 1212; x_wconf 87' lang='lat' dir='ltr'>medica‚&#39;</span> <span class='ocrx_word' id='word_1_104' title='bbox 954 1172 1005 1202; x_wconf 89' lang='lat' dir='ltr'>in-</span> 
     </span>
     <span class='ocr_line' id='line_1_19' title="bbox 320 1215 831 1260; baseline 0 -10"><span class='ocrx_word' id='word_1_105' title='bbox 320 1220 404 1260; x_wconf 86' lang='lat' dir='ltr'>quit.</span> <span class='ocrx_word' id='word_1_106' title='bbox 828 1215 831 1216; x_wconf 42' lang='lat'><em>⁷</em></span> 
     </span>
    </p>

    <p class='ocr_par' dir='ltr' id='par_1_12' title="bbox 319 1269 1004 1734">
     <span class='ocr_line' id='line_1_20' title="bbox 361 1269 1003 1309; baseline 0.002 -10"><span class='ocrx_word' id='word_1_107' title='bbox 361 1270 402 1299; x_wconf 77' lang='lat'>44</span> <span class='ocrx_word' id='word_1_108' title='bbox 425 1269 545 1309; x_wconf 72' lang='lat' dir='ltr'>Imaus]</span> <span class='ocrx_word' id='word_1_109' title='bbox 568 1269 656 1301; x_wconf 87' lang='lat' dir='ltr'>Gall.</span> <span class='ocrx_word' id='word_1_110' title='bbox 680 1271 718 1300; x_wconf 82' lang='lat' dir='ltr'>de</span> <span class='ocrx_word' id='word_1_111' title='bbox 746 1269 885 1301; x_wconf 63' lang='lat' dir='ltr'>l’aulnde.</span> <span class='ocrx_word' id='word_1_112' title='bbox 913 1269 1003 1300; x_wconf 59' lang='lat' dir='ltr'>Plina</span> 
     </span>
     <span class='ocr_line' id='line_1_21' title="bbox 320 1317 1004 1349; baseline 0.003 -3"><span class='ocrx_word' id='word_1_113' title='bbox 320 1320 443 1347; x_wconf 85' lang='lat' dir='ltr'>xix.5.</span> <span class='ocrx_word' id='word_1_114' title='bbox 475 1317 561 1348; x_wconf 84' lang='lat' dir='ltr'>Item</span> <span class='ocrx_word' id='word_1_115' title='bbox 589 1326 654 1348; x_wconf 85' lang='lat' dir='ltr'>xx.</span> <span class='ocrx_word' id='word_1_116' title='bbox 679 1322 711 1348; x_wconf 81' lang='lat'>5.</span> <span class='ocrx_word' id='word_1_117' title='bbox 739 1319 837 1349; x_wconf 86' lang='lat' dir='ltr'>inulae</span> <span class='ocrx_word' id='word_1_118' title='bbox 861 1319 1004 1349; x_wconf 86' lang='lat' dir='ltr'>virtutes</span> 
     </span>
     <span class='ocr_line' id='line_1_22' title="bbox 319 1363 1003 1404; baseline 0.003 -10"><span class='ocrx_word' id='word_1_119' title='bbox 319 1363 417 1395; x_wconf 79' lang='lat' dir='ltr'>affert</span> <span class='ocrx_word' id='word_1_120' title='bbox 431 1375 438 1395; x_wconf 93' lang='lat'><strong>:</strong></span> <span class='ocrx_word' id='word_1_121' title='bbox 464 1366 567 1404; x_wconf 83' lang='lat' dir='ltr'>priori</span> <span class='ocrx_word' id='word_1_122' title='bbox 583 1367 658 1396; x_wconf 90' lang='lat' dir='ltr'>loco</span> <span class='ocrx_word' id='word_1_123' title='bbox 672 1367 720 1397; x_wconf 81' lang='lat' dir='ltr'>sic</span> <span class='ocrx_word' id='word_1_124' title='bbox 736 1367 854 1398; x_wconf 80' lang='lat' dir='ltr'>habet:</span> <span class='ocrx_word' id='word_1_125' title='bbox 879 1369 889 1384; x_wconf 88' lang='lat'>‘</span> <span class='ocrx_word' id='word_1_126' title='bbox 903 1366 1003 1397; x_wconf 85' lang='lat' dir='ltr'>Ama-</span> 
     </span>
     <span class='ocr_line' id='line_1_23' title="bbox 320 1413 1003 1453; baseline 0.003 -11"><span class='ocrx_word' id='word_1_127' title='bbox 320 1413 387 1443; x_wconf 85' lang='lat' dir='ltr'>rior</span> <span class='ocrx_word' id='word_1_128' title='bbox 402 1413 489 1443; x_wconf 86' lang='lat' dir='ltr'>inula</span> <span class='ocrx_word' id='word_1_129' title='bbox 513 1423 573 1453; x_wconf 87' lang='lat' dir='ltr'>per</span> <span class='ocrx_word' id='word_1_130' title='bbox 593 1423 630 1444; x_wconf 90' lang='lat' dir='ltr'>se</span> <span class='ocrx_word' id='word_1_131' title='bbox 654 1415 824 1445; x_wconf 81' lang='lat' dir='ltr'>stomacho</span> <span class='ocrx_word' id='word_1_132' title='bbox 846 1414 1003 1444; x_wconf 90' lang='lat' dir='ltr'>inimicis-</span> 
     </span>
     <span class='ocr_line' id='line_1_24' title="bbox 320 1462 1002 1500; baseline 0 -8"><span class='ocrx_word' id='word_1_133' title='bbox 320 1462 417 1500; x_wconf 83' lang='lat' dir='ltr'>sima,</span> <span class='ocrx_word' id='word_1_134' title='bbox 429 1462 544 1492; x_wconf 87' lang='lat' dir='ltr'>eadem</span> <span class='ocrx_word' id='word_1_135' title='bbox 560 1462 712 1493; x_wconf 82' lang='lat' dir='ltr'>dulcibus</span> <span class='ocrx_word' id='word_1_136' title='bbox 734 1463 839 1492; x_wconf 86' lang='lat' dir='ltr'>mistis</span> <span class='ocrx_word' id='word_1_137' title='bbox 857 1462 1002 1493; x_wconf 85' lang='lat' dir='ltr'>saluber-</span> 
     </span>
     <span class='ocr_line' id='line_1_25' title="bbox 320 1510 1003 1542; baseline 0.003 -3"><span class='ocrx_word' id='word_1_138' title='bbox 320 1510 411 1540; x_wconf 86' lang='lat' dir='ltr'>rima.</span> <span class='ocrx_word' id='word_1_139' title='bbox 437 1511 594 1541; x_wconf 81' lang='lat' dir='ltr'>Pluribus</span> <span class='ocrx_word' id='word_1_140' title='bbox 610 1511 715 1541; x_wconf 89' lang='lat' dir='ltr'>modis</span> <span class='ocrx_word' id='word_1_141' title='bbox 725 1511 924 1542; x_wconf 76' lang='lat' dir='ltr'>austeritate</span> <span class='ocrx_word' id='word_1_142' title='bbox 937 1510 1003 1541; x_wconf 90' lang='lat' dir='ltr'>vic-</span> 
     </span>
     <span class='ocr_line' id='line_1_26' title="bbox 320 1558 1003 1598; baseline 0 -10"><span class='ocrx_word' id='word_1_143' title='bbox 320 1562 355 1588; x_wconf 84' lang='lat' dir='ltr'>ta</span> <span class='ocrx_word' id='word_1_144' title='bbox 367 1558 508 1597; x_wconf 81' lang='lat' dir='ltr'>gratiam</span> <span class='ocrx_word' id='word_1_145' title='bbox 519 1559 646 1588; x_wconf 88' lang='lat' dir='ltr'>invenit</span> <span class='ocrx_word' id='word_1_146' title='bbox 661 1580 668 1589; x_wconf 94' lang='lat'>.</span> <span class='ocrx_word' id='word_1_147' title='bbox 682 1580 690 1588; x_wconf 94' lang='lat'>.</span> <span class='ocrx_word' id='word_1_148' title='bbox 705 1581 713 1589; x_wconf 94' lang='lat'>.</span> <span class='ocrx_word' id='word_1_149' title='bbox 727 1579 735 1588; x_wconf 89' lang='lat'><em>.</em></span> <span class='ocrx_word' id='word_1_150' title='bbox 749 1558 903 1589; x_wconf 83' lang='lat' dir='ltr'>defectus</span> <span class='ocrx_word' id='word_1_151' title='bbox 919 1568 1003 1598; x_wconf 82' lang='lat' dir='ltr'>prae-</span> 
     </span>
     <span class='ocr_line' id='line_1_27' title="bbox 320 1606 1004 1645; baseline 0.001 -10"><span class='ocrx_word' id='word_1_152' title='bbox 320 1606 417 1645; x_wconf 88' lang='lat' dir='ltr'>cipue</span> <span class='ocrx_word' id='word_1_153' title='bbox 457 1606 616 1636; x_wconf 80' lang='lat' dir='ltr'>stomachi</span> <span class='ocrx_word' id='word_1_154' title='bbox 658 1606 799 1642; x_wconf 76' lang='lat' dir='ltr'>excitat,</span> <span class='ocrx_word' id='word_1_155' title='bbox 837 1607 1004 1636; x_wconf 79' lang='lat' dir='ltr'>illustrata</span> 
     </span>
     <span class='ocr_line' id='line_1_28' title="bbox 319 1652 1004 1695; baseline 0.001 -11"><span class='ocrx_word' id='word_1_156' title='bbox 319 1654 463 1684; x_wconf 85' lang='lat' dir='ltr'>maxime</span> <span class='ocrx_word' id='word_1_157' title='bbox 489 1654 590 1686; x_wconf 83' lang='lat' dir='ltr'>Juliae</span> <span class='ocrx_word' id='word_1_158' title='bbox 617 1652 778 1694; x_wconf 83' lang='lat' dir='ltr'>Augustae</span> <span class='ocrx_word' id='word_1_159' title='bbox 807 1654 1004 1695; x_wconf 87' lang='lat' dir='ltr'>quotidiano</span> 
     </span>
     <span class='ocr_line' id='line_1_29' title="bbox 321 1702 419 1734; baseline -0.01 0"><span class='ocrx_word' id='word_1_160' title='bbox 321 1702 419 1734; x_wconf 89' lang='lat' dir='ltr'>cibo.&#39;</span> 
     </span>
    </p>

    <p class='ocr_par' dir='ltr' id='par_1_13' title="bbox 318 1752 1004 2081">
     <span class='ocr_line' id='line_1_30' title="bbox 363 1752 1004 1792; baseline 0.002 -10"><span class='ocrx_word' id='word_1_161' title='bbox 363 1752 504 1782; x_wconf 88' lang='lat' dir='ltr'>Necdum</span> <span class='ocrx_word' id='word_1_162' title='bbox 517 1752 613 1783; x_wconf 83' lang='lat' dir='ltr'>omnis</span> <span class='ocrx_word' id='word_1_163' title='bbox 628 1752 734 1783; x_wconf 78' lang='lat' dir='ltr'>abacta</span> <span class='ocrx_word' id='word_1_164' title='bbox 744 1752 922 1792; x_wconf 82' lang='lat' dir='ltr'>Pauperies,</span> <span class='ocrx_word' id='word_1_165' title='bbox 936 1752 1004 1792; x_wconf 56' lang='grc' dir='ltr'>ξω]</span> 
     </span>
     <span class='ocr_line' id='line_1_31' title="bbox 321 1799 1004 1839; baseline 0.004 -10"><span class='ocrx_word' id='word_1_166' title='bbox 321 1799 395 1830; x_wconf 89' lang='lat' dir='ltr'>Cibi</span> <span class='ocrx_word' id='word_1_167' title='bbox 414 1801 576 1838; x_wconf 83' lang='lat' dir='ltr'>vulgares,</span> <span class='ocrx_word' id='word_1_168' title='bbox 588 1800 682 1838; x_wconf 86' lang='lat' dir='ltr'>viles,</span> <span class='ocrx_word' id='word_1_169' title='bbox 708 1801 884 1839; x_wconf 88' lang='lat' dir='ltr'>parabiles,</span> <span class='ocrx_word' id='word_1_170' title='bbox 896 1801 1004 1832; x_wconf 84' lang='lat' dir='ltr'>adhuc</span> 
     </span>
     <span class='ocr_line' id='line_1_32' title="bbox 318 1847 1002 1879; baseline -0.001 0"><span class='ocrx_word' id='word_1_171' title='bbox 318 1849 426 1879; x_wconf 87' lang='lat' dir='ltr'>locum</span> <span class='ocrx_word' id='word_1_172' title='bbox 437 1847 560 1878; x_wconf 87' lang='lat' dir='ltr'>habent</span> <span class='ocrx_word' id='word_1_173' title='bbox 571 1848 726 1878; x_wconf 84' lang='lat' dir='ltr'>inmensa</span> <span class='ocrx_word' id='word_1_174' title='bbox 737 1854 773 1879; x_wconf 92' lang='lat' dir='ltr'>et</span> <span class='ocrx_word' id='word_1_175' title='bbox 784 1849 942 1879; x_wconf 86' lang='lat' dir='ltr'>conviviis</span> <span class='ocrx_word' id='word_1_176' title='bbox 953 1849 1002 1878; x_wconf 83' lang='lat' dir='ltr'>di·</span> 
     </span>
     <span class='ocr_line' id='line_1_33' title="bbox 319 1896 1000 1936; baseline 0 -9"><span class='ocrx_word' id='word_1_177' title='bbox 319 1897 434 1927; x_wconf 86' lang='lat' dir='ltr'>vitum.</span> <span class='ocrx_word' id='word_1_178' title='bbox 472 1896 558 1926; x_wconf 87' lang='lat' dir='ltr'>Nam</span> <span class='ocrx_word' id='word_1_179' title='bbox 576 1905 639 1926; x_wconf 91' lang='lat' dir='ltr'>ova</span> <span class='ocrx_word' id='word_1_180' title='bbox 660 1901 763 1936; x_wconf 87' lang='lat' dir='ltr'>caput</span> <span class='ocrx_word' id='word_1_181' title='bbox 778 1906 880 1926; x_wconf 75' lang='lat' dir='ltr'>coenae</span> <span class='ocrx_word' id='word_1_182' title='bbox 901 1903 1000 1927; x_wconf 89' lang='lat' dir='ltr'>sunt:</span> 
     </span>
     <span class='ocr_line' id='line_1_34' title="bbox 319 1944 1001 1984; baseline -0.001 -9"><span class='ocrx_word' id='word_1_183' title='bbox 319 1949 355 1975; x_wconf 86' lang='lat' dir='ltr'>et</span> <span class='ocrx_word' id='word_1_184' title='bbox 369 1944 410 1975; x_wconf 84' lang='lat' dir='ltr'>ab</span> <span class='ocrx_word' id='word_1_185' title='bbox 423 1944 462 1974; x_wconf 82' lang='lat' dir='ltr'>iis</span> <span class='ocrx_word' id='word_1_186' title='bbox 478 1953 608 1983; x_wconf 82' lang='lat' dir='ltr'>semper</span> <span class='ocrx_word' id='word_1_187' title='bbox 624 1944 758 1974; x_wconf 86' lang='lat' dir='ltr'>ducitur</span> <span class='ocrx_word' id='word_1_188' title='bbox 771 1944 899 1974; x_wconf 88' lang='lat' dir='ltr'>initium</span> <span class='ocrx_word' id='word_1_189' title='bbox 921 1953 1001 1984; x_wconf 88' lang='lat' dir='ltr'>epu·</span> 
     </span>
     <span class='ocr_line' id='line_1_35' title="bbox 320 1992 1004 2025; baseline -0.001 -1"><span class='ocrx_word' id='word_1_190' title='bbox 320 1993 429 2025; x_wconf 79' lang='lat' dir='ltr'>laudi:</span> <span class='ocrx_word' id='word_1_191' title='bbox 453 1997 489 2023; x_wconf 89' lang='lat' dir='ltr'>ut</span> <span class='ocrx_word' id='word_1_192' title='bbox 513 1992 582 2023; x_wconf 82' lang='lat' dir='ltr'>dixi</span> <span class='ocrx_word' id='word_1_193' title='bbox 611 2001 636 2022; x_wconf 86' lang='lat'>1.</span> <span class='ocrx_word' id='word_1_194' title='bbox 656 1993 728 2024; x_wconf 87' lang='lat' dir='ltr'>Sat.</span> <span class='ocrx_word' id='word_1_195' title='bbox 751 1995 782 2023; x_wconf 84' lang='lat'>3.</span> <span class='ocrx_word' id='word_1_196' title='bbox 809 1997 840 2023; x_wconf 89' lang='grc'>6.</span> <span class='ocrx_word' id='word_1_197' title='bbox 868 1993 910 2023; x_wconf 89' lang='lat' dir='ltr'>ad</span> <span class='ocrx_word' id='word_1_198' title='bbox 933 1993 1004 2023; x_wconf 79' lang='lat' dir='ltr'>liaec</span> 
     </span>
     <span class='ocr_line' id='line_1_36' title="bbox 321 2041 913 2081; baseline 0 -9"><span class='ocrx_word' id='word_1_199' title='bbox 321 2042 443 2073; x_wconf 86' lang='lat' dir='ltr'>verba:</span> <span class='ocrx_word' id='word_1_200' title='bbox 467 2043 477 2058; x_wconf 90' lang='lat'>‘</span> <span class='ocrx_word' id='word_1_201' title='bbox 496 2041 537 2072; x_wconf 84' lang='lat' dir='ltr'>ab</span> <span class='ocrx_word' id='word_1_202' title='bbox 553 2051 615 2072; x_wconf 81' lang='lat' dir='ltr'>ovo</span> <span class='ocrx_word' id='word_1_203' title='bbox 632 2051 734 2081; x_wconf 89' lang='lat' dir='ltr'>usque</span> <span class='ocrx_word' id='word_1_204' title='bbox 747 2042 787 2072; x_wconf 91' lang='lat' dir='ltr'>ad</span> <span class='ocrx_word' id='word_1_205' title='bbox 804 2041 913 2072; x_wconf 87' lang='lat' dir='ltr'>mala.’</span> 
     </span>
    </p>

    <p class='ocr_par' dir='ltr' id='par_1_14' title="bbox 321 2089 1005 2171">
     <span class='ocr_line' id='line_1_37' title="bbox 361 2089 1005 2129; baseline -0.002 -8"><span class='ocrx_word' id='word_1_206' title='bbox 361 2093 403 2121; x_wconf 84' lang='grc'>46</span> <span class='ocrx_word' id='word_1_207' title='bbox 426 2089 540 2128; x_wconf 83' lang='lat' dir='ltr'>Nigris</span> <span class='ocrx_word' id='word_1_208' title='bbox 553 2089 642 2129; x_wconf 81' lang='lat' dir='ltr'>oleis]</span> <span class='ocrx_word' id='word_1_209' title='bbox 667 2090 792 2129; x_wconf 84' lang='lat' dir='ltr'>Nigror</span> <span class='ocrx_word' id='word_1_210' title='bbox 817 2090 850 2120; x_wconf 90' lang='lat' dir='ltr'>in</span> <span class='ocrx_word' id='word_1_211' title='bbox 873 2090 954 2121; x_wconf 87' lang='lat' dir='ltr'>oleis</span> <span class='ocrx_word' id='word_1_212' title='bbox 970 2094 1005 2120; x_wconf 92' lang='lat' dir='ltr'>et</span> 
     </span>
     <span class='ocr_line' id='line_1_38' title="bbox 321 2138 789 2171; baseline -0.004 0"><span class='ocrx_word' id='word_1_213' title='bbox 321 2140 392 2171; x_wconf 82' lang='lat' dir='ltr'>uvis</span> <span class='ocrx_word' id='word_1_214' title='bbox 408 2140 636 2169; x_wconf 84' lang='lat' dir='ltr'>maturitatem</span> <span class='ocrx_word' id='word_1_215' title='bbox 651 2138 789 2169; x_wconf 84' lang='lat' dir='ltr'>indicat.</span> 
     </span>
    </p>

    <p class='ocr_par' dir='ltr' id='par_1_15' title="bbox 320 2186 1010 2761">
     <span class='ocr_line' id='line_1_39' title="bbox 362 2186 1004 2228; baseline -0.003 -9"><span class='ocrx_word' id='word_1_216' title='bbox 362 2190 403 2219; x_wconf 82' lang='grc'>47</span> <span class='ocrx_word' id='word_1_217' title='bbox 428 2186 566 2226; x_wconf 66' lang='lat' dir='ltr'>Galloni]</span> <span class='ocrx_word' id='word_1_218' title='bbox 590 2187 623 2218; x_wconf 85' lang='lat' dir='ltr'>Is</span> <span class='ocrx_word' id='word_1_219' title='bbox 643 2187 753 2217; x_wconf 86' lang='lat' dir='ltr'>helluo</span> <span class='ocrx_word' id='word_1_220' title='bbox 776 2187 913 2228; x_wconf 86' lang='lat' dir='ltr'>insignis</span> <span class='ocrx_word' id='word_1_221' title='bbox 939 2187 1004 2227; x_wconf 87' lang='lat' dir='ltr'>pri-</span> 
     </span>
     <span class='ocr_line' id='line_1_40' title="bbox 321 2235 1007 2276; baseline -0.001 -9"><span class='ocrx_word' id='word_1_222' title='bbox 321 2245 392 2267; x_wconf 86' lang='lat' dir='ltr'>mus</span> <span class='ocrx_word' id='word_1_223' title='bbox 422 2236 579 2275; x_wconf 82' lang='lat' dir='ltr'>apposuit</span> <span class='ocrx_word' id='word_1_224' title='bbox 608 2235 836 2275; x_wconf 83' lang='lat' dir='ltr'>acipenserem</span> <span class='ocrx_word' id='word_1_225' title='bbox 863 2236 1007 2276; x_wconf 85' lang='lat' dir='ltr'>exquisi-</span> 
     </span>
     <span class='ocr_line' id='line_1_41' title="bbox 321 2284 1006 2324; baseline -0.003 -9"><span class='ocrx_word' id='word_1_226' title='bbox 321 2284 482 2316; x_wconf 82' lang='lat' dir='ltr'>tissimum</span> <span class='ocrx_word' id='word_1_227' title='bbox 499 2284 643 2323; x_wconf 86' lang='lat' dir='ltr'>piscem:</span> <span class='ocrx_word' id='word_1_228' title='bbox 668 2288 769 2324; x_wconf 87' lang='lat' dir='ltr'>atque</span> <span class='ocrx_word' id='word_1_229' title='bbox 792 2284 834 2314; x_wconf 92' lang='lat' dir='ltr'>ob</span> <span class='ocrx_word' id='word_1_230' title='bbox 851 2284 883 2314; x_wconf 92' lang='lat' dir='ltr'>id</span> <span class='ocrx_word' id='word_1_231' title='bbox 907 2294 926 2315; x_wconf 83' lang='lat' dir='ltr'>a</span> <span class='ocrx_word' id='word_1_232' title='bbox 943 2285 1006 2315; x_wconf 83' lang='lat' dir='ltr'>Lu-</span> 
     </span>
     <span class='ocr_line' id='line_1_42' title="bbox 322 2331 1006 2371; baseline 0.001 -9"><span class='ocrx_word' id='word_1_233' title='bbox 322 2332 399 2363; x_wconf 89' lang='lat' dir='ltr'>cilio</span> <span class='ocrx_word' id='word_1_234' title='bbox 415 2332 567 2371; x_wconf 79' lang='lat' dir='ltr'>carpitur</span> <span class='ocrx_word' id='word_1_235' title='bbox 580 2331 691 2362; x_wconf 81' lang='lat' dir='ltr'>Satira</span> <span class='ocrx_word' id='word_1_236' title='bbox 705 2341 764 2362; x_wconf 86' lang='lat' dir='ltr'>sua</span> <span class='ocrx_word' id='word_1_237' title='bbox 780 2341 827 2362; x_wconf 80' lang='lat' dir='ltr'>iv.</span> <span class='ocrx_word' id='word_1_238' title='bbox 843 2332 914 2362; x_wconf 80' lang='lat' dir='ltr'>istis</span> <span class='ocrx_word' id='word_1_239' title='bbox 933 2342 1006 2363; x_wconf 82' lang='lat' dir='ltr'>ver-</span> 
     </span>
     <span class='ocr_line' id='line_1_43' title="bbox 320 2379 1007 2420; baseline 0.001 -10"><span class='ocrx_word' id='word_1_240' title='bbox 320 2380 422 2415; x_wconf 82' lang='lat' dir='ltr'>sibus.</span> <span class='ocrx_word' id='word_1_241' title='bbox 441 2389 522 2420; x_wconf 86' lang='lat' dir='ltr'>quos</span> <span class='ocrx_word' id='word_1_242' title='bbox 535 2380 637 2410; x_wconf 89' lang='lat' dir='ltr'>etiam</span> <span class='ocrx_word' id='word_1_243' title='bbox 653 2379 758 2410; x_wconf 85' lang='lat' dir='ltr'>refert</span> <span class='ocrx_word' id='word_1_244' title='bbox 772 2380 890 2410; x_wconf 85' lang='lat' dir='ltr'>Cicero</span> <span class='ocrx_word' id='word_1_245' title='bbox 908 2389 949 2410; x_wconf 87' lang='grc' dir='ltr'><strong>ιι.</strong></span> <span class='ocrx_word' id='word_1_246' title='bbox 964 2380 1007 2411; x_wconf 90' lang='lat' dir='ltr'>de</span> 
     </span>
     <span class='ocr_line' id='line_1_44' title="bbox 322 2428 1008 2469; baseline 0 -10"><span class='ocrx_word' id='word_1_247' title='bbox 322 2429 457 2460; x_wconf 88' lang='lat' dir='ltr'>Finibus</span> <span class='ocrx_word' id='word_1_248' title='bbox 473 2438 505 2460; x_wconf 91' lang='lat' dir='ltr'>n.</span> <span class='ocrx_word' id='word_1_249' title='bbox 521 2431 572 2459; x_wconf 80' lang='lat'>24.</span> <span class='ocrx_word' id='word_1_250' title='bbox 617 2432 626 2446; x_wconf 80' lang='lat'>⁴</span> <span class='ocrx_word' id='word_1_251' title='bbox 644 2428 675 2459; x_wconf 90' lang='grc' dir='ltr'><strong>Ο</strong></span> <span class='ocrx_word' id='word_1_252' title='bbox 690 2429 804 2467; x_wconf 89' lang='lat' dir='ltr'>Publi,</span> <span class='ocrx_word' id='word_1_253' title='bbox 831 2439 850 2460; x_wconf 94' lang='lat' dir='ltr'>o</span> <span class='ocrx_word' id='word_1_254' title='bbox 874 2438 1008 2469; x_wconf 83' lang='lat' dir='ltr'>gurges,</span> 
     </span>
     <span class='ocr_line' id='line_1_45' title="bbox 323 2477 1008 2519; baseline -0.001 -10"><span class='ocrx_word' id='word_1_255' title='bbox 323 2477 470 2517; x_wconf 87' lang='lat' dir='ltr'>Galloni,</span> <span class='ocrx_word' id='word_1_256' title='bbox 485 2487 520 2508; x_wconf 87' lang='lat' dir='ltr'>es</span> <span class='ocrx_word' id='word_1_257' title='bbox 535 2477 632 2508; x_wconf 86' lang='lat' dir='ltr'>homo</span> <span class='ocrx_word' id='word_1_258' title='bbox 654 2478 765 2517; x_wconf 86' lang='lat' dir='ltr'>miser,</span> <span class='ocrx_word' id='word_1_259' title='bbox 785 2479 909 2519; x_wconf 87' lang='lat' dir='ltr'>inquit:</span> <span class='ocrx_word' id='word_1_260' title='bbox 933 2478 1008 2509; x_wconf 87' lang='lat' dir='ltr'>Coe-</span> 
     </span>
     <span class='ocr_line' id='line_1_46' title="bbox 322 2526 1008 2566; baseline 0.001 -10"><span class='ocrx_word' id='word_1_261' title='bbox 322 2526 409 2557; x_wconf 82' lang='lat' dir='ltr'>nasti</span> <span class='ocrx_word' id='word_1_262' title='bbox 425 2526 458 2556; x_wconf 90' lang='lat' dir='ltr'>in</span> <span class='ocrx_word' id='word_1_263' title='bbox 477 2526 545 2556; x_wconf 82' lang='lat' dir='ltr'>vita</span> <span class='ocrx_word' id='word_1_264' title='bbox 557 2535 722 2566; x_wconf 86' lang='lat' dir='ltr'>nunquam</span> <span class='ocrx_word' id='word_1_265' title='bbox 737 2526 836 2566; x_wconf 89' lang='lat' dir='ltr'>bene,</span> <span class='ocrx_word' id='word_1_266' title='bbox 852 2536 927 2557; x_wconf 89' lang='lat' dir='ltr'>cum</span> <span class='ocrx_word' id='word_1_267' title='bbox 940 2535 1008 2557; x_wconf 90' lang='lat' dir='ltr'>om-</span> 
     </span>
     <span class='ocr_line' id='line_1_47' title="bbox 323 2575 1009 2616; baseline 0.003 -12"><span class='ocrx_word' id='word_1_268' title='bbox 323 2575 379 2605; x_wconf 89' lang='lat' dir='ltr'>nia</span> <span class='ocrx_word' id='word_1_269' title='bbox 403 2575 436 2605; x_wconf 89' lang='lat' dir='ltr'>in</span> <span class='ocrx_word' id='word_1_270' title='bbox 469 2575 533 2606; x_wconf 86' lang='lat' dir='ltr'>ista</span> <span class='ocrx_word' id='word_1_271' title='bbox 557 2575 730 2606; x_wconf 85' lang='lat' dir='ltr'>Consumis</span> <span class='ocrx_word' id='word_1_272' title='bbox 760 2575 882 2616; x_wconf 82' lang='lat' dir='ltr'>squilla</span> <span class='ocrx_word' id='word_1_273' title='bbox 907 2579 1009 2616; x_wconf 81' lang='lat' dir='ltr'>atque</span> 
     </span>
     <span class='ocr_line' id='line_1_48' title="bbox 324 2622 1008 2662; baseline 0.001 -9"><span class='ocrx_word' id='word_1_274' title='bbox 324 2622 517 2662; x_wconf 86' lang='lat' dir='ltr'>acipensere</span> <span class='ocrx_word' id='word_1_275' title='bbox 533 2632 606 2653; x_wconf 86' lang='lat' dir='ltr'>cum</span> <span class='ocrx_word' id='word_1_276' title='bbox 621 2622 831 2654; x_wconf 83' lang='lat' dir='ltr'>decumano.’</span> <span class='ocrx_word' id='word_1_277' title='bbox 874 2623 960 2654; x_wconf 84' lang='lat' dir='ltr'>Ibid·</span> <span class='ocrx_word' id='word_1_278' title='bbox 975 2632 1008 2654; x_wconf 89' lang='lat' dir='ltr'>n.</span> 
     </span>
     <span class='ocr_line' id='line_1_49' title="bbox 323 2671 1010 2712; baseline 0.003 -12"><span class='ocrx_word' id='word_1_279' title='bbox 323 2673 376 2702; x_wconf 84' lang='grc'><strong>90.</strong></span> <span class='ocrx_word' id='word_1_280' title='bbox 419 2671 428 2687; x_wconf 91' lang='lat'>‘</span> <span class='ocrx_word' id='word_1_281' title='bbox 445 2671 511 2703; x_wconf 83' lang='lat' dir='ltr'>Qui</span> <span class='ocrx_word' id='word_1_282' title='bbox 523 2671 563 2701; x_wconf 86' lang='lat' dir='ltr'>ad</span> <span class='ocrx_word' id='word_1_283' title='bbox 581 2672 788 2712; x_wconf 85' lang='lat' dir='ltr'>voluptatem</span> <span class='ocrx_word' id='word_1_284' title='bbox 804 2672 911 2703; x_wconf 89' lang='lat' dir='ltr'>omnia</span> <span class='ocrx_word' id='word_1_285' title='bbox 922 2671 1010 2703; x_wconf 90' lang='lat' dir='ltr'>refe-</span> 
     </span>
     <span class='ocr_line' id='line_1_50' title="bbox 326 2718 1007 2761; baseline 0.004 -12"><span class='ocrx_word' id='word_1_286' title='bbox 326 2727 402 2750; x_wconf 85' lang='lat' dir='ltr'>rens</span> <span class='ocrx_word' id='word_1_287' title='bbox 423 2718 506 2749; x_wconf 85' lang='lat' dir='ltr'>vivit</span> <span class='ocrx_word' id='word_1_288' title='bbox 528 2723 564 2750; x_wconf 88' lang='lat' dir='ltr'>ut.</span> <span class='ocrx_word' id='word_1_289' title='bbox 587 2720 787 2761; x_wconf 83' lang='lat' dir='ltr'>Gallonius,’</span> <span class='ocrx_word' id='word_1_290' title='bbox 807 2722 869 2753; x_wconf 78' lang='lat' dir='ltr'>&amp;c-</span> <span class='ocrx_word' id='word_1_291' title='bbox 911 2721 1007 2752; x_wconf 86' lang='lat' dir='ltr'>Idem</span> 
     </span>
    </p>
   </div>
   <div class='ocr_carea' id='block_1_11' title="bbox 1053 927 1745 2760">
    <p class='ocr_par' dir='ltr' id='par_1_16' title="bbox 1053 927 1737 1105">
     <span class='ocr_line' id='line_1_51' title="bbox 1054 927 1737 969; baseline -0.007 -8"><span class='ocrx_word' id='word_1_292' title='bbox 1054 930 1120 961; x_wconf 86' lang='lat' dir='ltr'>Cic.</span> <span class='ocrx_word' id='word_1_293' title='bbox 1137 939 1197 969; x_wconf 90' lang='lat' dir='ltr'>pro</span> <span class='ocrx_word' id='word_1_294' title='bbox 1214 929 1352 962; x_wconf 87' lang='lat' dir='ltr'>Quintio</span> <span class='ocrx_word' id='word_1_295' title='bbox 1368 939 1399 960; x_wconf 89' lang='lat' dir='ltr'>n.</span> <span class='ocrx_word' id='word_1_296' title='bbox 1414 931 1466 959; x_wconf 81' lang='grc'>94.</span> <span class='ocrx_word' id='word_1_297' title='bbox 1499 928 1508 944; x_wconf 95' lang='lat'>‘</span> <span class='ocrx_word' id='word_1_298' title='bbox 1526 927 1604 967; x_wconf 77' lang='lat' dir='ltr'>Qui,</span> <span class='ocrx_word' id='word_1_299' title='bbox 1617 927 1737 958; x_wconf 83' lang='lat' dir='ltr'>relicta</span> 
     </span>
     <span class='ocr_line' id='line_1_52' title="bbox 1053 977 1735 1016; baseline -0.004 -8"><span class='ocrx_word' id='word_1_300' title='bbox 1053 979 1213 1008; x_wconf 89' lang='lat' dir='ltr'>bonorum</span> <span class='ocrx_word' id='word_1_301' title='bbox 1230 979 1372 1008; x_wconf 84' lang='lat' dir='ltr'>virorum</span> <span class='ocrx_word' id='word_1_302' title='bbox 1389 977 1575 1016; x_wconf 82' lang='lat' dir='ltr'>disciplina,</span> <span class='ocrx_word' id='word_1_303' title='bbox 1589 981 1624 1006; x_wconf 88' lang='lat' dir='ltr'>et</span> <span class='ocrx_word' id='word_1_304' title='bbox 1647 985 1735 1016; x_wconf 80' lang='lat' dir='ltr'>quae-</span> 
     </span>
     <span class='ocr_line' id='line_1_53' title="bbox 1053 1024 1736 1064; baseline -0.003 -8"><span class='ocrx_word' id='word_1_305' title='bbox 1053 1033 1139 1057; x_wconf 86' lang='lat' dir='ltr'>stum</span> <span class='ocrx_word' id='word_1_306' title='bbox 1157 1033 1191 1056; x_wconf 88' lang='lat' dir='ltr'>et</span> <span class='ocrx_word' id='word_1_307' title='bbox 1214 1031 1356 1056; x_wconf 87' lang='lat' dir='ltr'>sumtum</span> <span class='ocrx_word' id='word_1_308' title='bbox 1381 1025 1528 1056; x_wconf 87' lang='lat' dir='ltr'>Gallonii</span> <span class='ocrx_word' id='word_1_309' title='bbox 1553 1024 1646 1064; x_wconf 83' lang='lat' dir='ltr'>sequi</span> <span class='ocrx_word' id='word_1_310' title='bbox 1666 1033 1736 1054; x_wconf 83' lang='lat' dir='ltr'>ma-</span> 
     </span>
     <span class='ocr_line' id='line_1_54' title="bbox 1053 1074 1212 1105; baseline -0.006 0"><span class='ocrx_word' id='word_1_311' title='bbox 1053 1074 1212 1105; x_wconf 66' lang='lat' dir='ltr'>luerunt!</span> 
     </span>
    </p>

    <p class='ocr_par' dir='ltr' id='par_1_17' title="bbox 1054 1119 1745 2760">
     <span class='ocr_line' id='line_1_55' title="bbox 1095 1119 1737 1162; baseline -0.006 -9"><span class='ocrx_word' id='word_1_312' title='bbox 1095 1121 1296 1162; x_wconf 72' lang='lat' dir='ltr'>Acipemere]</span> <span class='ocrx_word' id='word_1_313' title='bbox 1318 1121 1507 1161; x_wconf 85' lang='lat' dir='ltr'>Acipenser</span> <span class='ocrx_word' id='word_1_314' title='bbox 1528 1120 1582 1151; x_wconf 84' lang='lat' dir='ltr'>vel</span> <span class='ocrx_word' id='word_1_315' title='bbox 1605 1119 1737 1160; x_wconf 85' lang='lat' dir='ltr'>acipen-</span> 
     </span>
     <span class='ocr_line' id='line_1_56' title="bbox 1055 1169 1737 1210; baseline -0.004 -9"><span class='ocrx_word' id='word_1_316' title='bbox 1055 1171 1110 1210; x_wconf 80' lang='lat' dir='ltr'>sis,</span> <span class='ocrx_word' id='word_1_317' title='bbox 1133 1172 1220 1202; x_wconf 85' lang='lat' dir='ltr'>Gall.</span> <span class='ocrx_word' id='word_1_318' title='bbox 1239 1172 1417 1208; x_wconf 75' lang='lat' dir='ltr'>Eturgeon5</span> <span class='ocrx_word' id='word_1_319' title='bbox 1440 1169 1538 1209; x_wconf 83' lang='lat' dir='ltr'>vulgo</span> <span class='ocrx_word' id='word_1_320' title='bbox 1555 1169 1670 1208; x_wconf 84' lang='lat' dir='ltr'>tursio,</span> <span class='ocrx_word' id='word_1_321' title='bbox 1683 1169 1737 1199; x_wconf 82' lang='lat' dir='ltr'>vel</span> 
     </span>
     <span class='ocr_line' id='line_1_57' title="bbox 1054 1218 1738 1259; baseline -0.004 -8"><span class='ocrx_word' id='word_1_322' title='bbox 1054 1221 1172 1259; x_wconf 87' lang='lat' dir='ltr'>sturio,</span> <span class='ocrx_word' id='word_1_323' title='bbox 1189 1220 1247 1250; x_wconf 90' lang='lat' dir='ltr'>sed</span> <span class='ocrx_word' id='word_1_324' title='bbox 1263 1228 1461 1259; x_wconf 88' lang='lat' dir='ltr'>perperam;</span> <span class='ocrx_word' id='word_1_325' title='bbox 1484 1218 1614 1249; x_wconf 85' lang='lat' dir='ltr'>Galeno</span> <span class='ocrx_word' id='word_1_326' title='bbox 1623 1219 1738 1256; x_wconf 78' lang='grc' dir='ltr'><strong>γαλαξ-</strong></span> 
     </span>
     <span class='ocr_line' id='line_1_58' title="bbox 1054 1263 1742 1307; baseline -0.006 -7"><span class='ocrx_word' id='word_1_327' title='bbox 1054 1269 1122 1301; x_wconf 71' lang='lat' dir='ltr'>ias:</span> <span class='ocrx_word' id='word_1_328' title='bbox 1148 1268 1349 1300; x_wconf 84' lang='lat' dir='ltr'>Rondeletio</span> <span class='ocrx_word' id='word_1_329' title='bbox 1371 1277 1413 1298; x_wconf 89' lang='lat' dir='ltr'>ex</span> <span class='ocrx_word' id='word_1_330' title='bbox 1427 1276 1549 1307; x_wconf 81' lang='lat' dir='ltr'>genere</span> <span class='ocrx_word' id='word_1_331' title='bbox 1569 1263 1742 1306; x_wconf 75' lang='lat' dir='ltr'>galeni-um</span> 
     </span>
     <span class='ocr_line' id='line_1_59' title="bbox 1055 1316 1740 1357; baseline -0.004 -8"><span class='ocrx_word' id='word_1_332' title='bbox 1055 1324 1125 1349; x_wconf 86' lang='lat' dir='ltr'>est:</span> <span class='ocrx_word' id='word_1_333' title='bbox 1153 1317 1249 1349; x_wconf 84' lang='lat' dir='ltr'>valde</span> <span class='ocrx_word' id='word_1_334' title='bbox 1276 1317 1443 1357; x_wconf 88' lang='lat' dir='ltr'>pretiosus</span> <span class='ocrx_word' id='word_1_335' title='bbox 1467 1321 1502 1347; x_wconf 87' lang='lat' dir='ltr'>et</span> <span class='ocrx_word' id='word_1_336' title='bbox 1524 1316 1664 1355; x_wconf 73' lang='lat' dir='ltr'>nobili83</span> <span class='ocrx_word' id='word_1_337' title='bbox 1686 1319 1740 1347; x_wconf 90' lang='lat' dir='ltr'>ut-</span> 
     </span>
     <span class='ocr_line' id='line_1_60' title="bbox 1055 1363 1739 1407; baseline -0.004 -10"><span class='ocrx_word' id='word_1_338' title='bbox 1055 1371 1134 1407; x_wconf 87' lang='lat' dir='ltr'>pote</span> <span class='ocrx_word' id='word_1_339' title='bbox 1160 1367 1216 1406; x_wconf 88' lang='lat' dir='ltr'>qui</span> <span class='ocrx_word' id='word_1_340' title='bbox 1233 1365 1391 1404; x_wconf 79' lang='lat' dir='ltr'>singulari</span> <span class='ocrx_word' id='word_1_341' title='bbox 1413 1374 1534 1404; x_wconf 80' lang='lat' dir='ltr'>pompa</span> <span class='ocrx_word' id='word_1_342' title='bbox 1556 1363 1739 1395; x_wconf 87' lang='lat' dir='ltr'>inferretur</span> 
     </span>
     <span class='ocr_line' id='line_1_61' title="bbox 1055 1412 1738 1444; baseline -0.003 0"><span class='ocrx_word' id='word_1_343' title='bbox 1055 1423 1177 1444; x_wconf 82' lang='lat' dir='ltr'>mensae</span> <span class='ocrx_word' id='word_1_344' title='bbox 1195 1413 1348 1443; x_wconf 87' lang='lat' dir='ltr'>divitum.</span> <span class='ocrx_word' id='word_1_345' title='bbox 1391 1413 1481 1442; x_wconf 81' lang='lat' dir='ltr'>Plin.</span> <span class='ocrx_word' id='word_1_346' title='bbox 1497 1420 1547 1443; x_wconf 81' lang='lat' dir='ltr'>ix.</span> <span class='ocrx_word' id='word_1_347' title='bbox 1565 1414 1614 1442; x_wconf 86' lang='grc'><strong>17.</strong></span> <span class='ocrx_word' id='word_1_348' title='bbox 1638 1414 1648 1430; x_wconf 87' lang='lat'>‘</span> <span class='ocrx_word' id='word_1_349' title='bbox 1664 1412 1738 1443; x_wconf 82' lang='lat' dir='ltr'>Pis-</span> 
     </span>
     <span class='ocr_line' id='line_1_62' title="bbox 1055 1461 1739 1500; baseline -0.003 -7"><span class='ocrx_word' id='word_1_350' title='bbox 1055 1463 1142 1493; x_wconf 89' lang='lat' dir='ltr'>cium</span> <span class='ocrx_word' id='word_1_351' title='bbox 1179 1462 1401 1492; x_wconf 86' lang='lat' dir='ltr'>nobilissimus</span> <span class='ocrx_word' id='word_1_352' title='bbox 1437 1461 1620 1500; x_wconf 59' lang='lat' dir='ltr'>acipensem</span> <span class='ocrx_word' id='word_1_353' title='bbox 1657 1470 1739 1491; x_wconf 85' lang='lat' dir='ltr'>unus</span> 
     </span>
     <span class='ocr_line' id='line_1_63' title="bbox 1056 1509 1740 1550; baseline -0.003 -8"><span class='ocrx_word' id='word_1_354' title='bbox 1056 1511 1199 1542; x_wconf 87' lang='lat' dir='ltr'>omnium</span> <span class='ocrx_word' id='word_1_355' title='bbox 1214 1511 1357 1550; x_wconf 83' lang='lat' dir='ltr'>squamis</span> <span class='ocrx_word' id='word_1_356' title='bbox 1380 1509 1422 1540; x_wconf 89' lang='lat' dir='ltr'>ad</span> <span class='ocrx_word' id='word_1_357' title='bbox 1444 1519 1480 1540; x_wconf 89' lang='lat' dir='ltr'>os</span> <span class='ocrx_word' id='word_1_358' title='bbox 1494 1509 1610 1547; x_wconf 84' lang='lat' dir='ltr'>versis,</span> <span class='ocrx_word' id='word_1_359' title='bbox 1621 1514 1740 1540; x_wconf 84' lang='lat' dir='ltr'>contra</span> 
     </span>
     <span class='ocr_line' id='line_1_64' title="bbox 1056 1557 1741 1599; baseline -0.003 -10"><span class='ocrx_word' id='word_1_360' title='bbox 1056 1568 1174 1599; x_wconf 84' lang='lat' dir='ltr'>aquam</span> <span class='ocrx_word' id='word_1_361' title='bbox 1201 1559 1311 1589; x_wconf 88' lang='lat' dir='ltr'>nando</span> <span class='ocrx_word' id='word_1_362' title='bbox 1338 1562 1429 1588; x_wconf 80' lang='lat' dir='ltr'>meat</span> <span class='ocrx_word' id='word_1_363' title='bbox 1443 1580 1450 1588; x_wconf 94' lang='lat'>.</span> <span class='ocrx_word' id='word_1_364' title='bbox 1468 1579 1477 1588; x_wconf 89' lang='lat'>.</span> <span class='ocrx_word' id='word_1_365' title='bbox 1491 1579 1499 1588; x_wconf 89' lang='lat'><strong>.</strong></span> <span class='ocrx_word' id='word_1_366' title='bbox 1515 1566 1610 1588; x_wconf 82' lang='lat' dir='ltr'>rarus</span> <span class='ocrx_word' id='word_1_367' title='bbox 1625 1557 1741 1588; x_wconf 86' lang='lat' dir='ltr'>inven-</span> 
     </span>
     <span class='ocr_line' id='line_1_65' title="bbox 1054 1605 1741 1645; baseline -0.004 -7"><span class='ocrx_word' id='word_1_368' title='bbox 1054 1607 1114 1638; x_wconf 64' lang='lat' dir='ltr'>tu!</span> <span class='ocrx_word' id='word_1_369' title='bbox 1146 1607 1300 1638; x_wconf 82' lang='lat' dir='ltr'>Macrob.</span> <span class='ocrx_word' id='word_1_370' title='bbox 1317 1615 1374 1637; x_wconf 88' lang='grc' dir='ltr'><strong>ιιι.</strong></span> <span class='ocrx_word' id='word_1_371' title='bbox 1397 1609 1448 1637; x_wconf 88' lang='grc'>16.</span> <span class='ocrx_word' id='word_1_372' title='bbox 1490 1606 1500 1622; x_wconf 92' lang='lat'>‘</span> <span class='ocrx_word' id='word_1_373' title='bbox 1517 1605 1591 1636; x_wconf 83' lang='lat' dir='ltr'>Nec</span> <span class='ocrx_word' id='word_1_374' title='bbox 1606 1605 1741 1645; x_wconf 75' lang='lat' dir='ltr'>acipen-</span> 
     </span>
     <span class='ocr_line' id='line_1_66' title="bbox 1054 1653 1740 1685; baseline 0 0"><span class='ocrx_word' id='word_1_375' title='bbox 1054 1665 1108 1685; x_wconf 91' lang='lat' dir='ltr'>ser</span> <span class='ocrx_word' id='word_1_376' title='bbox 1138 1655 1224 1685; x_wconf 82' lang='lat' dir='ltr'>illius</span> <span class='ocrx_word' id='word_1_377' title='bbox 1253 1655 1367 1685; x_wconf 87' lang='lat' dir='ltr'>saeculi</span> <span class='ocrx_word' id='word_1_378' title='bbox 1394 1653 1530 1684; x_wconf 84' lang='lat' dir='ltr'>delicias</span> <span class='ocrx_word' id='word_1_379' title='bbox 1556 1653 1664 1684; x_wconf 75' lang='lat' dir='ltr'>evasit</span> <span class='ocrx_word' id='word_1_380' title='bbox 1681 1675 1714 1685; x_wconf 92' lang='lat'>..</span> <span class='ocrx_word' id='word_1_381' title='bbox 1731 1675 1740 1685; x_wconf 86' lang='lat'><strong>.</strong></span> 
     </span>
     <span class='ocr_line' id='line_1_67' title="bbox 1056 1702 1740 1744; baseline -0.003 -9"><span class='ocrx_word' id='word_1_382' title='bbox 1056 1714 1122 1744; x_wconf 88' lang='lat' dir='ltr'>quo</span> <span class='ocrx_word' id='word_1_383' title='bbox 1145 1704 1178 1734; x_wconf 91' lang='lat' dir='ltr'>in</span> <span class='ocrx_word' id='word_1_384' title='bbox 1194 1704 1316 1734; x_wconf 89' lang='lat' dir='ltr'>honore</span> <span class='ocrx_word' id='word_1_385' title='bbox 1344 1702 1445 1734; x_wconf 82' lang='lat' dir='ltr'>fuerit</span> <span class='ocrx_word' id='word_1_386' title='bbox 1468 1703 1520 1734; x_wconf 81' lang='lat' dir='ltr'>liic</span> <span class='ocrx_word' id='word_1_387' title='bbox 1537 1702 1636 1742; x_wconf 71' lang='lat' dir='ltr'>piscis</span> <span class='ocrx_word' id='word_1_388' title='bbox 1651 1702 1740 1742; x_wconf 80' lang='lat' dir='ltr'>apud</span> 
     </span>
     <span class='ocr_line' id='line_1_68' title="bbox 1056 1750 1740 1791; baseline -0.004 -8"><span class='ocrx_word' id='word_1_389' title='bbox 1056 1753 1097 1783; x_wconf 89' lang='lat' dir='ltr'>P.</span> <span class='ocrx_word' id='word_1_390' title='bbox 1109 1752 1297 1791; x_wconf 84' lang='lat' dir='ltr'>Scipionem</span> <span class='ocrx_word' id='word_1_391' title='bbox 1310 1750 1504 1782; x_wconf 86' lang='lat' dir='ltr'>Africanum</span> <span class='ocrx_word' id='word_1_392' title='bbox 1517 1751 1609 1781; x_wconf 89' lang='lat' dir='ltr'>illum</span> <span class='ocrx_word' id='word_1_393' title='bbox 1621 1754 1656 1781; x_wconf 85' lang='lat' dir='ltr'>et</span> <span class='ocrx_word' id='word_1_394' title='bbox 1668 1750 1740 1781; x_wconf 89' lang='lat' dir='ltr'>Nu-</span> 
     </span>
     <span class='ocr_line' id='line_1_69' title="bbox 1056 1799 1739 1839; baseline 0 -9"><span class='ocrx_word' id='word_1_395' title='bbox 1056 1800 1254 1838; x_wconf 80' lang='lat' dir='ltr'>mantinum,</span> <span class='ocrx_word' id='word_1_396' title='bbox 1271 1800 1412 1839; x_wconf 81' lang='lat' dir='ltr'>accipite</span> <span class='ocrx_word' id='word_1_397' title='bbox 1430 1809 1472 1830; x_wconf 87' lang='lat' dir='ltr'>ex</span> <span class='ocrx_word' id='word_1_398' title='bbox 1486 1799 1595 1831; x_wconf 85' lang='lat' dir='ltr'>Cicer.</span> <span class='ocrx_word' id='word_1_399' title='bbox 1608 1799 1739 1838; x_wconf 74' lang='lat' dir='ltr'>Dialog-</span> 
     </span>
     <span class='ocr_line' id='line_1_70' title="bbox 1059 1847 1741 1888; baseline -0.001 -9"><span class='ocrx_word' id='word_1_400' title='bbox 1059 1849 1101 1879; x_wconf 88' lang='lat' dir='ltr'>de</span> <span class='ocrx_word' id='word_1_401' title='bbox 1126 1849 1221 1879; x_wconf 81' lang='lat' dir='ltr'>Fato.</span> <span class='ocrx_word' id='word_1_402' title='bbox 1260 1849 1345 1879; x_wconf 84' lang='lat' dir='ltr'>Nam</span> <span class='ocrx_word' id='word_1_403' title='bbox 1369 1858 1442 1879; x_wconf 88' lang='lat' dir='ltr'>cum</span> <span class='ocrx_word' id='word_1_404' title='bbox 1465 1852 1557 1879; x_wconf 87' lang='lat' dir='ltr'>esset</span> <span class='ocrx_word' id='word_1_405' title='bbox 1572 1847 1660 1888; x_wconf 81' lang='lat' dir='ltr'>apud</span> <span class='ocrx_word' id='word_1_406' title='bbox 1678 1848 1741 1879; x_wconf 80' lang='lat' dir='ltr'>La-</span> 
     </span>
     <span class='ocr_line' id='line_1_71' title="bbox 1059 1897 1742 1938; baseline 0.001 -11"><span class='ocrx_word' id='word_1_407' title='bbox 1059 1898 1207 1928; x_wconf 85' lang='lat' dir='ltr'>vernium</span> <span class='ocrx_word' id='word_1_408' title='bbox 1223 1897 1350 1936; x_wconf 90' lang='lat' dir='ltr'>Scipio,</span> <span class='ocrx_word' id='word_1_409' title='bbox 1372 1906 1500 1938; x_wconf 81' lang='lat' dir='ltr'>unaque</span> <span class='ocrx_word' id='word_1_410' title='bbox 1523 1897 1678 1935; x_wconf 80' lang='lat' dir='ltr'>Pontius,</span> <span class='ocrx_word' id='word_1_411' title='bbox 1694 1898 1742 1928; x_wconf 90' lang='lat' dir='ltr'>al-</span> 
     </span>
     <span class='ocr_line' id='line_1_72' title="bbox 1058 1945 1743 1986; baseline 0 -10"><span class='ocrx_word' id='word_1_412' title='bbox 1058 1946 1144 1976; x_wconf 87' lang='lat' dir='ltr'>latus</span> <span class='ocrx_word' id='word_1_413' title='bbox 1161 1950 1211 1976; x_wconf 78' lang='lat' dir='ltr'>est</span> <span class='ocrx_word' id='word_1_414' title='bbox 1227 1945 1315 1976; x_wconf 90' lang='lat' dir='ltr'>forte</span> <span class='ocrx_word' id='word_1_415' title='bbox 1328 1945 1477 1986; x_wconf 87' lang='lat' dir='ltr'>Scipioni</span> <span class='ocrx_word' id='word_1_416' title='bbox 1492 1946 1669 1986; x_wconf 81' lang='lat' dir='ltr'>acipenser</span> <span class='ocrx_word' id='word_1_417' title='bbox 1685 1946 1743 1986; x_wconf 88' lang='lat' dir='ltr'>qui</span> 
     </span>
     <span class='ocr_line' id='line_1_73' title="bbox 1056 1994 1743 2035; baseline 0.003 -12"><span class='ocrx_word' id='word_1_418' title='bbox 1056 1994 1231 2024; x_wconf 87' lang='lat' dir='ltr'>admodum</span> <span class='ocrx_word' id='word_1_419' title='bbox 1258 2003 1332 2024; x_wconf 82' lang='lat' dir='ltr'>raro</span> <span class='ocrx_word' id='word_1_420' title='bbox 1358 1995 1508 2034; x_wconf 87' lang='lat' dir='ltr'>capitur:</span> <span class='ocrx_word' id='word_1_421' title='bbox 1532 1994 1588 2024; x_wconf 86' lang='lat' dir='ltr'>sed</span> <span class='ocrx_word' id='word_1_422' title='bbox 1606 1998 1659 2025; x_wconf 87' lang='lat' dir='ltr'>est</span> <span class='ocrx_word' id='word_1_423' title='bbox 1675 1994 1743 2035; x_wconf 86' lang='lat' dir='ltr'>pis-</span> 
     </span>
     <span class='ocr_line' id='line_1_74' title="bbox 1056 2043 1742 2084; baseline -0.001 -9"><span class='ocrx_word' id='word_1_424' title='bbox 1056 2043 1104 2075; x_wconf 91' lang='lat' dir='ltr'>cis</span> <span class='ocrx_word' id='word_1_425' title='bbox 1119 2043 1270 2083; x_wconf 86' lang='lat' dir='ltr'>inprimis</span> <span class='ocrx_word' id='word_1_426' title='bbox 1285 2043 1406 2074; x_wconf 85' lang='lat' dir='ltr'>nobilis</span> <span class='ocrx_word' id='word_1_427' title='bbox 1423 2065 1432 2075; x_wconf 92' lang='lat'><strong><em>.</em></strong></span> <span class='ocrx_word' id='word_1_428' title='bbox 1445 2063 1455 2072; x_wconf 85' lang='lat'><strong>.</strong></span> <span class='ocrx_word' id='word_1_429' title='bbox 1469 2065 1478 2074; x_wconf 87' lang='lat'><strong>.</strong></span> <span class='ocrx_word' id='word_1_430' title='bbox 1489 2043 1662 2084; x_wconf 80' lang='lat' dir='ltr'>acipenser</span> <span class='ocrx_word' id='word_1_431' title='bbox 1677 2043 1742 2075; x_wconf 84' lang='lat' dir='ltr'>iste</span> 
     </span>
     <span class='ocr_line' id='line_1_75' title="bbox 1055 2092 1744 2132; baseline 0.001 -9"><span class='ocrx_word' id='word_1_432' title='bbox 1055 2101 1235 2132; x_wconf 89' lang='lat' dir='ltr'>paucorum</span> <span class='ocrx_word' id='word_1_433' title='bbox 1261 2092 1428 2122; x_wconf 87' lang='lat' dir='ltr'>hominum</span> <span class='ocrx_word' id='word_1_434' title='bbox 1443 2096 1495 2123; x_wconf 88' lang='lat' dir='ltr'>est</span> <span class='ocrx_word' id='word_1_435' title='bbox 1512 2114 1521 2124; x_wconf 89' lang='lat'><strong>.</strong></span> <span class='ocrx_word' id='word_1_436' title='bbox 1538 2113 1549 2123; x_wconf 89' lang='lat'><strong>.</strong></span> <span class='ocrx_word' id='word_1_437' title='bbox 1566 2113 1574 2122; x_wconf 87' lang='lat'>.</span> <span class='ocrx_word' id='word_1_438' title='bbox 1591 2113 1601 2122; x_wconf 85' lang='lat'><em>.</em></span> <span class='ocrx_word' id='word_1_439' title='bbox 1614 2101 1633 2123; x_wconf 77' lang='lat' dir='ltr'>a</span> <span class='ocrx_word' id='word_1_440' title='bbox 1647 2101 1744 2124; x_wconf 87' lang='lat' dir='ltr'>coro-.</span> 
     </span>
     <span class='ocr_line' id='line_1_76' title="bbox 1057 2140 1743 2172; baseline 0.001 -1"><span class='ocrx_word' id='word_1_441' title='bbox 1057 2140 1144 2171; x_wconf 81' lang='lat' dir='ltr'>natis</span> <span class='ocrx_word' id='word_1_442' title='bbox 1160 2140 1318 2171; x_wconf 86' lang='lat' dir='ltr'>ministris</span> <span class='ocrx_word' id='word_1_443' title='bbox 1332 2150 1408 2171; x_wconf 89' lang='lat' dir='ltr'>cum</span> <span class='ocrx_word' id='word_1_444' title='bbox 1422 2141 1560 2172; x_wconf 84' lang='lat' dir='ltr'>tibicine</span> <span class='ocrx_word' id='word_1_445' title='bbox 1571 2140 1743 2172; x_wconf 86' lang='lat' dir='ltr'>introferri</span> 
     </span>
     <span class='ocr_line' id='line_1_77' title="bbox 1055 2189 1741 2230; baseline 0 -10"><span class='ocrx_word' id='word_1_446' title='bbox 1055 2189 1170 2220; x_wconf 86' lang='lat' dir='ltr'>solitus</span> <span class='ocrx_word' id='word_1_447' title='bbox 1199 2209 1207 2217; x_wconf 94' lang='lat'><strong>.</strong></span> <span class='ocrx_word' id='word_1_448' title='bbox 1226 2210 1234 2218; x_wconf 91' lang='lat'><strong>.</strong></span> <span class='ocrx_word' id='word_1_449' title='bbox 1252 2211 1260 2219; x_wconf 97' lang='lat'>.</span> <span class='ocrx_word' id='word_1_450' title='bbox 1278 2211 1287 2219; x_wconf 91' lang='lat'><strong><em>.</em></strong></span> <span class='ocrx_word' id='word_1_451' title='bbox 1311 2189 1382 2220; x_wconf 79' lang='lat' dir='ltr'>haec</span> <span class='ocrx_word' id='word_1_452' title='bbox 1409 2189 1638 2221; x_wconf 86' lang='lat' dir='ltr'>Sammonicus</span> <span class='ocrx_word' id='word_1_453' title='bbox 1665 2198 1741 2230; x_wconf 88' lang='lat' dir='ltr'>pro·</span> 
     </span>
     <span class='ocr_line' id='line_1_78' title="bbox 1057 2236 1740 2277; baseline 0.001 -10"><span class='ocrx_word' id='word_1_454' title='bbox 1057 2236 1139 2267; x_wconf 87' lang='lat' dir='ltr'>dens</span> <span class='ocrx_word' id='word_1_455' title='bbox 1166 2237 1413 2267; x_wconf 80' lang='lat' dir='ltr'>venerationem</span> <span class='ocrx_word' id='word_1_456' title='bbox 1438 2247 1503 2277; x_wconf 87' lang='lat' dir='ltr'>qua</span> <span class='ocrx_word' id='word_1_457' title='bbox 1519 2238 1619 2276; x_wconf 85' lang='lat' dir='ltr'>piscis</span> <span class='ocrx_word' id='word_1_458' title='bbox 1639 2237 1740 2268; x_wconf 72' lang='lat' dir='ltr'>habe·</span> 
     </span>
     <span class='ocr_line' id='line_1_79' title="bbox 1057 2285 1741 2324; baseline 0 -8"><span class='ocrx_word' id='word_1_459' title='bbox 1057 2285 1169 2324; x_wconf 83' lang='lat' dir='ltr'>batur,</span> <span class='ocrx_word' id='word_1_460' title='bbox 1192 2289 1229 2315; x_wconf 89' lang='lat' dir='ltr'>ut</span> <span class='ocrx_word' id='word_1_461' title='bbox 1243 2294 1262 2314; x_wconf 81' lang='lat' dir='ltr'>a</span> <span class='ocrx_word' id='word_1_462' title='bbox 1278 2285 1445 2315; x_wconf 76' lang='lat' dir='ltr'>coronatis</span> <span class='ocrx_word' id='word_1_463' title='bbox 1469 2285 1649 2315; x_wconf 86' lang='lat' dir='ltr'>inferretur</span> <span class='ocrx_word' id='word_1_464' title='bbox 1665 2294 1741 2316; x_wconf 86' lang='lat' dir='ltr'>cum</span> 
     </span>
     <span class='ocr_line' id='line_1_80' title="bbox 1059 2331 1742 2372; baseline 0 -8"><span class='ocrx_word' id='word_1_465' title='bbox 1059 2332 1204 2364; x_wconf 84' lang='lat' dir='ltr'>tibicinis</span> <span class='ocrx_word' id='word_1_466' title='bbox 1220 2337 1333 2370; x_wconf 78' lang='lat' dir='ltr'>cantu,</span> <span class='ocrx_word' id='word_1_467' title='bbox 1343 2331 1484 2372; x_wconf 76' lang='lat' dir='ltr'>quadam</span> <span class='ocrx_word' id='word_1_468' title='bbox 1496 2332 1600 2363; x_wconf 87' lang='lat' dir='ltr'>veluti</span> <span class='ocrx_word' id='word_1_469' title='bbox 1614 2342 1678 2364; x_wconf 90' lang='lat' dir='ltr'>non</span> <span class='ocrx_word' id='word_1_470' title='bbox 1691 2334 1742 2364; x_wconf 93' lang='lat' dir='ltr'>di-</span> 
     </span>
     <span class='ocr_line' id='line_1_81' title="bbox 1059 2380 1743 2420; baseline 0.001 -7"><span class='ocrx_word' id='word_1_471' title='bbox 1059 2383 1208 2413; x_wconf 78' lang='lat' dir='ltr'>liciarum</span> <span class='ocrx_word' id='word_1_472' title='bbox 1220 2380 1278 2411; x_wconf 87' lang='lat' dir='ltr'>sed</span> <span class='ocrx_word' id='word_1_473' title='bbox 1290 2380 1430 2411; x_wconf 84' lang='lat' dir='ltr'>numinis</span> <span class='ocrx_word' id='word_1_474' title='bbox 1444 2380 1589 2420; x_wconf 88' lang='lat' dir='ltr'>pompa.&#39;</span> <span class='ocrx_word' id='word_1_475' title='bbox 1617 2381 1743 2414; x_wconf 73' lang='lat' dir='ltr'>Athen.</span> 
     </span>
     <span class='ocr_line' id='line_1_82' title="bbox 1061 2429 1742 2470; baseline 0.001 -8"><span class='ocrx_word' id='word_1_476' title='bbox 1061 2441 1109 2463; x_wconf 86' lang='grc' dir='ltr'><strong>ιν.</strong></span> <span class='ocrx_word' id='word_1_477' title='bbox 1124 2436 1156 2463; x_wconf 81' lang='grc'><strong>6.</strong></span> <span class='ocrx_word' id='word_1_478' title='bbox 1189 2433 1199 2449; x_wconf 91' lang='lat'><em>‘</em></span> <span class='ocrx_word' id='word_1_479' title='bbox 1218 2431 1280 2461; x_wconf 84' lang='lat' dir='ltr'>His</span> <span class='ocrx_word' id='word_1_480' title='bbox 1302 2434 1444 2470; x_wconf 76' lang='lat' dir='ltr'>praeerat</span> <span class='ocrx_word' id='word_1_481' title='bbox 1465 2429 1666 2462; x_wconf 81' lang='lat' dir='ltr'>fortissimus</span> <span class='ocrx_word' id='word_1_482' title='bbox 1682 2432 1742 2463; x_wconf 87' lang='lat' dir='ltr'>im-</span> 
     </span>
     <span class='ocr_line' id='line_1_83' title="bbox 1061 2478 1742 2520; baseline 0.003 -10"><span class='ocrx_word' id='word_1_483' title='bbox 1061 2485 1196 2520; x_wconf 79' lang='lat' dir='ltr'>perator</span> <span class='ocrx_word' id='word_1_484' title='bbox 1229 2478 1415 2518; x_wconf 79' lang='lat' dir='ltr'>acipenser,</span> <span class='ocrx_word' id='word_1_485' title='bbox 1454 2478 1592 2518; x_wconf 85' lang='lat' dir='ltr'>insignis</span> <span class='ocrx_word' id='word_1_486' title='bbox 1628 2479 1742 2512; x_wconf 70' lang='lat' dir='ltr'>hacta:</span> 
     </span>
     <span class='ocr_line' id='line_1_84' title="bbox 1061 2527 1743 2569; baseline 0.003 -11"><span class='ocrx_word' id='word_1_487' title='bbox 1061 2537 1158 2569; x_wconf 89' lang='lat' dir='ltr'>quem</span> <span class='ocrx_word' id='word_1_488' title='bbox 1178 2527 1240 2558; x_wconf 84' lang='lat' dir='ltr'>etsi</span> <span class='ocrx_word' id='word_1_489' title='bbox 1258 2527 1327 2566; x_wconf 81' lang='lat' dir='ltr'>jam</span> <span class='ocrx_word' id='word_1_490' title='bbox 1352 2531 1443 2557; x_wconf 83' lang='lat' dir='ltr'>satur</span> <span class='ocrx_word' id='word_1_491' title='bbox 1466 2532 1603 2566; x_wconf 85' lang='lat' dir='ltr'>gustare</span> <span class='ocrx_word' id='word_1_492' title='bbox 1626 2537 1743 2568; x_wconf 84' lang='lat' dir='ltr'>percu-</span> 
     </span>
     <span class='ocr_line' id='line_1_85' title="bbox 1061 2574 1742 2617; baseline 0.004 -11"><span class='ocrx_word' id='word_1_493' title='bbox 1061 2576 1151 2617; x_wconf 89' lang='lat' dir='ltr'>pivi:</span> <span class='ocrx_word' id='word_1_494' title='bbox 1185 2574 1349 2606; x_wconf 78' lang='lat' dir='ltr'>ambrosia</span> <span class='ocrx_word' id='word_1_495' title='bbox 1374 2579 1466 2605; x_wconf 77' lang='lat' dir='ltr'>certe</span> <span class='ocrx_word' id='word_1_496' title='bbox 1493 2575 1520 2606; x_wconf 83' lang='lat' dir='ltr'>is</span> <span class='ocrx_word' id='word_1_497' title='bbox 1547 2575 1626 2607; x_wconf 78' lang='lat' dir='ltr'>milii</span> <span class='ocrx_word' id='word_1_498' title='bbox 1652 2577 1742 2608; x_wconf 82' lang='lat' dir='ltr'>visus</span> 
     </span>
     <span class='ocr_line' id='line_1_86' title="bbox 1062 2623 1744 2664; baseline 0.001 -8"><span class='ocrx_word' id='word_1_499' title='bbox 1062 2624 1135 2656; x_wconf 66' lang='lat' dir='ltr'>est!</span> <span class='ocrx_word' id='word_1_500' title='bbox 1174 2632 1234 2655; x_wconf 86' lang='lat' dir='ltr'>vn.</span> <span class='ocrx_word' id='word_1_501' title='bbox 1262 2625 1313 2654; x_wconf 83' lang='lat'>12.</span> <span class='ocrx_word' id='word_1_502' title='bbox 1357 2624 1366 2640; x_wconf 94' lang='lat'>‘</span> <span class='ocrx_word' id='word_1_503' title='bbox 1384 2623 1490 2655; x_wconf 82' lang='lat' dir='ltr'>Quem</span> <span class='ocrx_word' id='word_1_504' title='bbox 1513 2625 1744 2664; x_wconf 84' lang='lat' dir='ltr'>acipenserem</span> 
     </span>
     <span class='ocr_line' id='line_1_87' title="bbox 1062 2671 1744 2710; baseline 0 -6"><span class='ocrx_word' id='word_1_505' title='bbox 1062 2677 1181 2704; x_wconf 79' lang='lat' dir='ltr'>vocant</span> <span class='ocrx_word' id='word_1_506' title='bbox 1198 2671 1348 2710; x_wconf 82' lang='lat' dir='ltr'>Romani,</span> <span class='ocrx_word' id='word_1_507' title='bbox 1361 2681 1436 2702; x_wconf 90' lang='lat' dir='ltr'>cum</span> <span class='ocrx_word' id='word_1_508' title='bbox 1461 2671 1551 2702; x_wconf 85' lang='lat' dir='ltr'>tibiis</span> <span class='ocrx_word' id='word_1_509' title='bbox 1565 2677 1600 2703; x_wconf 80' lang='lat' dir='ltr'>et</span> <span class='ocrx_word' id='word_1_510' title='bbox 1614 2674 1744 2704; x_wconf 82' lang='lat' dir='ltr'>coronis</span> 
     </span>
     <span class='ocr_line' id='line_1_88' title="bbox 1059 2719 1745 2760; baseline 0.004 -9"><span class='ocrx_word' id='word_1_511' title='bbox 1059 2719 1299 2760; x_wconf 86' lang='lat' dir='ltr'>circumferunt</span> <span class='ocrx_word' id='word_1_512' title='bbox 1313 2720 1345 2751; x_wconf 87' lang='lat' dir='ltr'>in</span> <span class='ocrx_word' id='word_1_513' title='bbox 1362 2719 1485 2759; x_wconf 72' lang='lat' dir='ltr'>coenis;</span> <span class='ocrx_word' id='word_1_514' title='bbox 1507 2721 1673 2753; x_wconf 77' lang='lat' dir='ltr'>coronatis</span> <span class='ocrx_word' id='word_1_515' title='bbox 1681 2722 1745 2759; x_wconf 72' lang='lat' dir='ltr'>eti,-</span> 
     </span>
    </p>
   </div>
  </div>
 </body>
</html>
