1930 3242
373 274 456 317 898

372 378 588 431 Impediat
609 381 750 421 verbis
770 380 914 419 lassas
934 379 1212 419 onerantibus
1232 392 1382 421 aures:

837 291 879 326 Q.
912 288 1117 319 HORATH
1154 288 1325 318 FLACC!

1736 384 1790 424 10

371 443 428 484 Et
449 457 647 485 sermone
669 456 781 496 opus
802 447 870 482 est
890 442 1020 483 modo
1041 443 1167 492 tristi,
1189 456 1308 498 saepe
1328 446 1513 498 jocoso3

371 510 637 550 Defendente
658 509 793 548 vicem
815 508 944 548 modo
966 509 1147 549 rhetoris
1169 513 1298 563 atque
1319 511 1480 563 po'etae,

369 574 586 615 Interdum
607 574 772 621 urbani,
793 574 1010 625 parcentis
1033 575 1211 625 viribus,
1231 579 1361 629 atque

370 638 650 679 Extenuantis
669 650 745 678 eas
765 639 981 680 consulto.

1043 639 1295 682 Ridiculum
1313 642 1401 682 acri

371 705 542 745 Fortius
561 707 605 743 et
624 704 776 744 melius
796 717 971 757 magnas
992 706 1245 759 plerumque
1263 711 1382 748 secat
1402 720 1483 748 res.
1737 709 1791 749 15

368 827 468 856 volvat
481 825 666 857 dictionibus
678 837 767 859 aures
781 827 1004 868 offendentibus
1017 828 1277 867 etsatigantibus.
1323 829 1402 860 Item
1418 830 1588 870 requiritur
1601 839 1698 861 sermo
1711 840 1792 861 nunc

366 875 500 905 severus,
515 877 594 898 nunc
608 869 729 907 hilaris,
744 870 899 900 sustinens
918 870 999 900 vices
1012 871 1190 909 quandoque
1201 871 1332 901 rhetoris
1347 881 1382 901 αι·
1393 871 1502 911 poe'tae,
1517 872 1594 902 alia.-
1612 871 1724 909 faceti,
1739 872 1792 911 qui

368 907 446 938 vires
461 910 607 950 continet,
619 914 648 940 et
664 911 733 942 illus
747 912 819 942 data
830 921 921 951 opera
931 912 1086 942 diminuit,
1113 912 1204 943 Certe
1219 921 1267 943 res
1280 922 1408 952 magnas
1416 913 1577 953 aliquando
1584 913 1723 951 jocosum
1737 915 1791 944 de·

961 993 1096 1006 eeeeee

1099 994 1196 1006 ooooo

367 1062 442 1084 cum
465 1054 739 1095 interrogatione,
762 1061 796 1087 ut
819 1061 916 1096 putat
938 1057 1043 1089 Gesn.
1047 1060 1129 1088 —14
1152 1058 1361 1088 Extenuant&
1373 1068 1446 1098 opus
1462 1067 1544 1088 unus
1559 1058 1649 1090 Han.
1693 1059 1792 1090 Exte-

365 1096 491 1127 nuantis
505 1106 555 1127 eas
568 1099 735 1128 consuetum
749 1098 863 1129 Zarot.
866 1101 947 1129 —15
974 1099 1096 1129 Fortius
1112 1108 1148 1130 dc
1169 1099 1277 1130 melius
1297 1099 1438 1139 Cnning.
1453 1099 1575 1131 Sanad.
1591 1104 1626 1130 et
1641 1100 1790 1131 Francis.

1014 1194 1044 1225 N
1051 1193 1152 1227 OTAE

364 1261 485 1293 nempe
500 1252 638 1284 laudans
653 1253 834 1294 ingenium,
851 1264 925 1286 cum
939 1254 980 1286 de
993 1265 1053 1287 sua

365 1302 436 1334 vita.
459 1302 659 1343 casibusque
685 1313 820 1335 suorum
847 1309 1052 1336 commenta-

365 1353 430 1383 rios
455 1352 639 1391 scriberet3
677 1353 810 1384 aiebat:
842 1355 852 1371 ⁴
872 1354 968 1394 Opus
998 1359 1052 1386 est

365 1403 444 1433 dare
469 1407 503 1433 te
526 1412 662 1442 operam
681 1412 722 1433 ne
743 1403 884 1434 moleste
900 1403 1051 1434 scribas.'

365 1451 504 1481 Sueton.
529 1450 650 1482 Octav.
674 1460 748 1491 cap.
767 1453 819 1483 86.
851 1452 959 1483 Tacit.
982 1451 1052 1482 An-

364 1500 431 1531 nal.
448 1508 500 1531 iv.

409 1551 448 1579 12
485 1548 575 1578 Modo
596 1548 732 1579 rhetoris
753 1551 843 1588 atque
862 1549 972 1588 poetae,
996 1549 1049 1580 In-

364 1597 485 1626 terdum
498 1596 623 1635 urbani]
647 1596 823 1634 Horatius,
835 1597 970 1636 egregie
992 1606 1052 1628 suo

363 1654 468 1684 more,
488 1649 557 1675 tres
580 1644 662 1675 istas
688 1644 829 1675 virtutes
853 1645 994 1685 requirit
1017 1647 1051 1676 iu

364 1692 620 1733 satirograph03
643 1691 806 1723 defendat
826 1692 934 1724 vicem
950 1694 960 1711 ⁴
979 1693 1054 1723 rhe-

365 1741 472 1782 toris‚'
493 1741 697 1782 argumentis
723 1741 925 1781 pugnando;
950 1741 960 1758 ⁴
974 1740 1052 1782 poe-

364 1790 434 1829 tae,'
449 1791 606 1821 solertem
623 1794 658 1821 et
672 1796 787 1830 aptam
802 1789 982 1822 dictionem
997 1790 1053 1822 ad-

363 1839 530 1878 hibendo;
557 1841 567 1857 ‘
587 1839 725 1878 urbani(
752 1839 876 1870 salibus
904 1844 940 1870 et
963 1840 1052 1879 jocis

364 1888 518 1929 quaedam
528 1888 630 1919 etiam
642 1888 758 1928 gravia
769 1887 976 1918 traducendo
988 1889 1052 1918 sol-

364 1936 551 1977 vendoque.
597 1937 668 1968 Cic.
692 1936 734 1967 de
761 1936 862 1967 Orat.
890 1945 913 1967 r.
939 1945 972 1967 n.
999 1940 1049 1969 17.

363 1991 374 2005 ⁴
390 1986 544 2018 Accedat
562 1986 655 2026 lepos
678 1985 827 2026 quidam,
840 1984 1050 2027 facetiaeque,

365 2039 400 2067 et
415 2035 561 2066 eruditio
577 2035 682 2065 libero
699 2034 813 2074 digna,
828 2034 1051 2075 celeritasque

365 2088 401 2114 et
416 2083 564 2115 brevitas
587 2082 812 2122 respondendi
834 2087 868 2113 et
889 2083 1051 2114 lacessen-

365 2133 413 2172 di,
442 2133 557 2164 subtili
586 2135 763 2164 venustate
799 2136 835 2163 et
864 2131 1051 2163 urbanitate

364 2180 569 2221 conjuncta!

407 2232 446 2260 13
462 2229 624 2262 Parce-ntis
634 2230 765 2270 viribus]
775 2230 1049 2270 Sapienter,con·

365 2279 467 2316 sulm,
478 2278 609 2317 callide,
625 2279 750 2318 stylum
771 2289 882 2310 acrem
898 2279 1050 2320 aliquan-

365 2327 408 2358 do
424 2327 635 2366 coercentis3
654 2337 762 2368 neque
783 2338 915 2368 semper
931 2328 1051 2359 acerbe

365 2376 642 2408 excandescentis
653 2381 713 2407 aut
725 2377 892 2408 mordicus
904 2377 1047 2408 laceran-

366 2426 422 2456 tis.
468 2426 513 2456 Et
536 2424 599 2455 boc
624 2425 696 2456 vitii
717 2425 863 2456 habebat
891 2426 1050 2467 Lucilius,

365 2473 423 2515 qui
438 2473 559 2514 passim
574 2474 584 2490 ‘
601 2482 679 2504 ense
694 2474 787 2505 velut
797 2474 915 2505 stricto
930 2474 1051 2506 ardens

363 2523 512 2554 infremit
525 2522 547 2553 :’
569 2523 724 2555 Juvenal.
740 2523 808 2555 Sat.
825 2532 848 2554 ι.
865 2526 936 2555 165.
951 2528 1050 2564 atque

365 2573 554 2603 auditorem
569 2572 616 2602 ita
631 2571 732 2603 dente
756 2573 878 2613 carpit,
899 2577 936 2604 ut
950 2573 1050 2604 etiam

366 2622 566 2660 ‘genuinum
596 2620 756 2662 frangat!
801 2622 898 2653 Pers.
925 2622 996 2652 Sat.
1024 2630 1049 2652 1.

366 2674 439 2702 115.
476 2671 602 2702 Noster
623 2676 755 2710 contra,
781 2675 819 2703 ut
844 2671 891 2702 ait
914 2670 1050 2703 Persius

364 2719 445 2751 ibid.
481 2721 490 2738 ‘
508 2719 619 2751 Omne
649 2719 743 2751 vafer
775 2720 890 2752 vitium
926 2717 1049 2750 ridenti

366 2769 506 2800 Flaccus
533 2768 640 2799 amico
669 2769 803 2808 Tangit,
829 2773 863 2799 et
886 2767 1048 2798 admissus

1105 1255 1231 1286 circum
1255 1255 1441 1296 praecordia
1455 1256 1553 1295 ludit,
1569 1255 1718 1287 Callidus
1733 1265 1791 1287 ex·

1104 1313 1202 1335 cusso
1218 1305 1375 1345 populum
1390 1304 1594 1344 suspendere
1611 1304 1716 1336 naso!

1146 1356 1186 1384 14
1200 1353 1378 1384 Ridiculum
1389 1353 1454 1384 acri
1462 1353 1603 1392 Fortius,
1613 1353 1684 1394 ⁸5⁶2]
1700 1352 1791 1384 Non·

1102 1410 1271 1441 nunquam
1293 1411 1402 1432 sermo
1426 1402 1552 1441 hilaris,
1569 1401 1711 1440 facetus,
1727 1402 1791 1431 sal·

1102 1459 1169 1484 sus,
1185 1449 1324 1481 festivus
1341 1450 1415 1490 plus
1433 1450 1521 1480 valet
1535 1453 1570 1479 et
1579 1447 1683 1480 efficit
1692 1458 1789 1490 quam

1102 1498 1292 1537 vehemens,
1300 1498 1420 1538 gravis,
1429 1507 1578 1538 pugnax,
1586 1497 1790 1536 dicax‚acer·

1103 1547 1174 1578 bus.
1219 1547 1286 1578 Hic
1309 1547 1395 1578 enim
1421 1546 1648 1578 adversarium
1669 1546 1793 1585 irritat,

1103 1600 1137 1625 et
1155 1596 1241 1626 vires
1264 1605 1366 1626 novas
1389 1596 1549 1635 colligere
1565 1595 1730 1635 impellit3
1754 1599 1791 1626 at

1102 1646 1159 1676 ille
1175 1646 1269 1687 qnasi
1285 1655 1403 1676 nervos
1418 1645 1575 1680 succidit,
1587 1654 1627 1676 ac
1643 1650 1791 1685 proster-

1103 1695 1163 1725 nit.
1207 1694 1348 1734 Gorgias
1365 1693 1548 1725 Leontinus
1568 1693 1716 1732 dicebat,
1737 1702 1791 1724 res

1107 1752 1242 1774 severas
1257 1743 1338 1781 risu,
1353 1743 1454 1773 risum
1469 1741 1571 1773 rebus
1585 1741 1710 1773 severis
1725 1741 1790 1772 dis-

1106 1792 1196 1824 cuti:
1219 1802 1261 1823 ex
1284 1792 1425 1823 Aristot.
1441 1791 1464 1822 l.
1481 1799 1536 1822 nr.
1561 1790 1604 1821 de
1625 1789 1710 1821 Arte
1730 1790 1791 1821 Di·

1105 1839 1216 1871 cendi.
1230 1841 1319 1871 Gell.
1331 1849 1395 1871 ΧΠ.
1408 1843 1458 1870 12.
1469 1839 1518 1870 ita
1527 1837 1664 1869 scribit:
1679 1837 1689 1856 ‘
1702 1838 1789 1870 Haec

1104 1897 1236 1928 quoque
1259 1887 1434 1927 disciplina
1455 1886 1622 1917 rhetorica
1642 1890 1707 1922 est,
1723 1889 1793 1918 cal·

1105 1936 1172 1966 lide
1189 1940 1224 1967 et
1238 1945 1313 1967 cum
1329 1939 1404 1966 astu
1428 1944 1480 1966 res
1495 1934 1688 1966 criminosas
1703 1935 1790 1966 citra

1104 1985 1290 2024 periculum
1316 1983 1489 2015 confiteri:
1515 1987 1550 2014 ut
1573 1983 1602 2013 si
1619 1982 1790 2023 objectum

1104 2032 1148 2062 sit
1177 2037 1275 2072 turpe
1306 2032 1445 2073 aliquid,
1471 2031 1560 2071 quod
1589 2031 1704 2072 negari
1723 2041 1790 2063 non

1103 2085 1218 2121 queat,
1228 2080 1598 2121 responsionejoculari
1609 2080 1726 2112 eludas
1739 2103 1748 2112 .
1760 2103 1768 2113 .
1780 2103 1790 2113 .

1103 2129 1158 2160 Ita
1183 2130 1315 2169 Cicero,
1344 2130 1469 2161 urbano
1494 2129 1674 2171 facetoque
1697 2128 1790 2160 dicto

1102 2180 1201 2212 diluit
1223 2180 1257 2210 id
1280 2181 1368 2220 quod
1393 2179 1532 2211 inficiari
1550 2188 1615 2210 non
1633 2178 1790 2219 poten-etl

1101 2230 1164 2260 &c.
1209 2228 1348 2259 Scilicet
1365 2238 1440 2259 cum
1465 2238 1484 2259 a
1508 2228 1594 2260 Pub.
1615 2227 1716 2268 Sylla,
1730 2227 1788 2267 qui

1102 2282 1171 2308 tum
1198 2285 1273 2308 reus
1295 2281 1383 2315 erat,
1407 2277 1582 2316 pecuniam
1600 2278 1728 2312 mutuo,
1743 2274 1787 2306 ad

1103 2326 1276 2358 emendam
1293 2326 1326 2356 in
1342 2326 1468 2366 palatio
1484 2325 1628 2363 domum,
1640 2323 1787 2363 accepit-

1102 2381 1177 2414 set;
1210 2381 1309 2416 atque
1327 2375 1400 2406 haec
1426 2374 1457 2405 ei
1482 2372 1788 2413 exprobrarentur;

1103 2430 1279 2466 utrumque
1307 2423 1450 2455 firmiter
1477 2421 1636 2462 negavit:
1683 2426 1786 2462 atque

1104 2481 1187 2514 tum,
1201 2474 1318 2514 inquit,
1339 2481 1452 2503 verum
1477 2471 1521 2502 sit
1542 2470 1712 2512 accepisse
1733 2479 1787 2502 me

1102 2523 1288 2564 pecuniam,
1310 2522 1336 2552 si
1361 2521 1493 2552 domum
1516 2528 1640 2550 emero.
1687 2518 1732 2550 At
1749 2528 1786 2550 re

1102 2570 1241 2603 subinde
1255 2570 1400 2611 prodita,
1415 2573 1570 2608 exutaque
1586 2568 1695 2604 domo.
1710 2577 1785 2599 cnm

1102 2621 1165 2652 boc
1180 2619 1388 2651 mendacium
1413 2619 1445 2648 in
1469 2621 1587 2648 senatu
1607 2617 1639 2648 ei
1667 2616 1708 2648 ab
1723 2617 1785 2647 ini-

1101 2668 1194 2700 micis
1210 2668 1425 2708 objiceretur,
1447 2666 1519 2697 risit
1538 2666 1630 2705 satis,
1650 2674 1785 2706 respon-

1101 2716 1238 2758 ditque:
1254 2717 1263 2734 ‘
1283 2717 1404 2747 Parum
1416 2719 1509 2746 certe
1525 2713 1666 2746 consulti
1680 2713 1785 2744 homi-

1100 2765 1158 2797 nes
1174 2766 1266 2806 estis,
1284 2766 1340 2806 qui
1354 2763 1528 2805 ignoratis,
1550 2762 1723 2805 prudentis
1746 2765 1782 2794 et
