1904 3256
347 281 431 323 6:36
815 298 857 333 Q.
890 295 1095 325 noRAzrii
1129 294 1298 324 FLAcc1

627 388 796 439 Injecit,
818 387 1063 438 emovitque
1082 387 1252 439 culpas,

685 452 740 491 Et
760 456 921 492 veteres
941 453 1163 492 revocavit
1182 457 1321 501 artes3

573 519 658 559 Per
678 531 786 571 quas
808 517 1008 558 Latinum
1029 530 1181 558 nomen
1199 522 1241 558 et
1259 518 1385 558 Italae

577 584 756 624 Crevere
777 583 901 631 vires,
921 582 1124 635 famaque
1144 586 1187 624 et
1207 583 1357 636 imperi

628 649 835 689 Porrecta
853 649 1058 701 majestas
1078 649 1133 689 ad
1154 652 1290 689 ortum

684 714 799 754 Solis
821 715 876 754 ab
902 714 1116 767 Hesperio
1137 714 1285 755 cubili.

1708 650 1763 690 15

349 829 487 870 ciplinas,
502 829 607 869 quibus
632 839 736 860 nomen
755 829 924 860 Romanum
945 838 1071 869 opesque
1093 829 1195 860 Italioe
1217 829 1400 870 amplificata
1421 834 1501 867 sunt,
1522 833 1613 869 atque
1637 828 1763 868 Imperii

347 872 449 909 gloria
466 871 657 911 potentiaque
670 870 708 901 ab
727 871 845 902 Occasu
859 871 898 901 ud
916 870 1074 901 Orientem
1093 874 1138 901 est
1158 875 1338 911 propagata.
1380 871 1520 911 Augusto
1539 870 1763 910 Rempublicnm

944 963 1164 975 eeeeeeeeeee

350 1023 389 1062 L,
404 1024 504 1055 edidit
520 1025 694 1057 ,lant—11
718 1025 841 1066 Injecit,
866 1025 1035 1065 amovitque
1051 1027 1197 1057 nonnulli
1223 1026 1338 1058 Lamb.
1354 1031 1390 1057 et
1403 1026 1504 1066 Cruq.
1519 1025 1660 1056 Mentel.
1675 1025 1763 1063 Lips.

349 1068 381 1095 4.
406 1066 528 1096 Venet.
550 1069 642 1097 1492.
669 1067 808 1098 Locuer.
823 1067 901 1097 Asc.
923 1067 1039 1099 Basill.
1065 1069 1155 1100 Mur.
1172 1068 1269 1099 Fabr.
1293 1068 1408 1106 steph.
1431 1067 1546 1098 Heins.
1562 1067 1663 1104 Rutg.
1680 1065 1763 1096 Fab.

352 1107 470 1137 Dacer.
493 1108 676 1147 dimovitque
691 1108 868 1138 Pulmanni
884 1107 999 1138 Hunn.
1014 1118 1098 1138 unus
1113 1109 1214 1149 Cruq.
1234 1113 1303 1139 tres
1317 1109 1446 1139 Bersm.
1465 1108 1554 1147 Lips.
1570 1110 1600 1138 3.
1625 1109 1719 1139 Dens.
1734 1109 1763 1136 1.

349 1148 537 1186 demitque
548 1149 637 1186 Lips.
648 1151 679 1179 2.
690 1149 862 1188 domuitque
873 1149 971 1179 Dess.
979 1152 1010 1179 2.
1022 1150 1190 1188 emovitque
1206 1149 1284 1180 Aer.
1293 1150 1477 1180 comment.
1487 1150 1588 1188 Crnq.
1597 1148 1663 1179 duo
1671 1149 1766 1178 Vatt.

349 1187 561 1219 Jann.T0m.
578 1189 690 1219 Nicot.
705 1189 796 1220 Cler.
818 1199 872 1228 ap.
897 1189 1016 1220 Lamb.
1041 1190 1106 1220 duo
1131 1190 1274 1220 Blandd.
1291 1191 1394 1229 Cruq.
1419 1190 1530 1229 plures
1550 1194 1585 1220 et
1610 1189 1765 1219 meliores

349 1229 445 1259 'rm-r.
461 1228 638 1259 Pulmanni
655 1229 786 1261 Gembl.
802 1232 832 1260 1.
849 1233 880 1260 2.
904 1230 1027 1261 Beller.
1048 1235 1082 1260 et
1099 1230 1230 1261 Diestli.
1253 1231 1350 1261 Gott.
1367 1231 1458 1270 Lips.
1475 1234 1504 1261 l.
1526 1238 1545 1259 a
1560 1239 1603 1261 m.
1619 1239 1644 1259 s.
1666 1230 1764 1260 Fran.

351 1269 494 1300 Helmst.
519 1269 605 1301 Altt.
630 1270 748 1301 Venet.
773 1273 864 1301 1478.
884 1270 1036 1302 Medion.
1058 1271 1146 1302 Flor.
1165 1271 1279 1302 Lamb.
1298 1271 1398 1312 Cruq.
1419 1272 1513 1302 Torr.
1534 1271 1634 1301 Baxt.
1655 1271 1765 1301 Bentl.

351 1310 435 1340 Cun.
451 1310 527 1342 San.
545 1315 580 1342 et
601 1311 679 1343 Jon.
701 1312 783 1342 ‘Est
803 1311 891 1342 haud
913 1312 1013 1343 dubie
1031 1313 1228 1352 exquisitius
1254 1312 1354 1343 etiam
1378 1318 1413 1343 et
1437 1311 1602 1343 efficacius
1617 1312 1767 1342 verbum.

351 1352 509 1382 Ceterum
533 1358 609 1392 post
631 1362 676 1382 vs.
693 1355 744 1384 ll.
768 1353 800 1382 in
823 1352 898 1383 cod.
920 1353 1012 1392 Lips.
1031 1357 1059 1385 1.
1082 1355 1114 1384 in
1142 1358 1335 1384 contextum
1359 1354 1471 1384 intulit
1495 1360 1613 1392 stupor
1637 1352 1766 1383 librarii

349 1393 536 1430 glossema:
561 1394 571 1410 ‘
584 1402 625 1423 ne
642 1394 840 1424 serviremus
857 1393 1061 1433 voluptati.”
1082 1395 1254 1426 aaut-13
1275 1395 1400 1425 Latium
1414 1404 1522 1425 numen
1538 1395 1629 1433 Lips.
1642 1397 1675 1426 4.
1698 1394 1766 1424 Ita-

349 1433 401 1462 12·ae
416 1433 505 1473 Lips.
523 1437 552 1464 l.
568 1437 599 1465 2.
614 1437 646 1464 4.
669 1435 765 1465 Dess.
782 1437 813 1465 1.
827 1439 860 1464 et
878 1435 1102 1475 Franeq.——l4
1126 1436 1219 1466 Dess.
1232 1436 1418 1473 affiniaque
1432 1439 1472 1466 et.
1515 1436 1670 1475 Quinque
1685 1435 1765 1465 Tor·

349 1478 438 1504 rent.
455 1479 521 1505 tres
535 1475 665 1506 Bersm.
687 1479 722 1505 et
746 1475 838 1514 Lips.
857 1478 885 1505 l.
899 1479 931 1507 2.
947 1478 977 1506 4.
991 1477 1204 1515 imperii.-15
1229 1477 1387 1507 Nonnulli
1406 1476 1519 1507 Lamb.
1539 1477 1633 1508 Harl.
1645 1479 1675 1507 l.
1690 1478 1720 1506 2.
1733 1478 1764 1506 ³.

348 1518 380 1546 4.
395 1518 426 1546 6.
441 1525 523 1546 unus
539 1517 640 1556 Cruq.
656 1516 764 1548 Pulm.
780 1516 912 1548 Gembl.
930 1520 958 1547 l.
973 1520 1005 1548 2.
1034 1518 1155 1549 Beller.
1169 1523 1204 1549 et
1222 1518 1352 1548 Diesth.
1369 1527 1451 1548 unus
1470 1519 1599 1549 Bersni.
1616 1518 1766 1558 plerique

348 1557 460 1587 Bentl.
475 1557 563 1588 Altt.
586 1558 694 1596 Lipss.
716 1558 859 1588 Mentel.
878 1558 975 1588 Fran.
991 1559 1128 1590 Venett.
1145 1562 1238 1590 1478.
1253 1562 1346 1590 1492.
1373 1559 1511 1590 Locher.
1527 1559 1665 1590 Ascens.
1680 1559 1765 1589 Cun.

349 1602 385 1628 et
397 1598 474 1628 San.
488 1602 583 1629 ortus.
626 1599 786 1629 Nonnulli
802 1599 919 1630 Lamb.
935 1600 1104 1640 antiquiss.
1120 1601 1240 1631 Bland.
1253 1604 1300 1640 et,
1317 1605 1442 1639 praeter
1454 1610 1565 1640 unum,
1581 1601 1684 1630 ceteri
1697 1609 1766 1630 om·

349 1648 408 1669 nes
436 1640 538 1679 Cruq.
565 1639 740 1670 Pulmanni
768 1639 882 1670 Hnnn.
908 1640 974 1671 duo
1003 1641 1132 1672 Bersm.
1157 1642 1300 1673 Bentleii
1326 1641 1439 1672 Graev.
1466 1651 1486 1672 a
1511 1651 1555 1671 m.
1583 1650 1634 1680 pr.
1662 1641 1764 1672 Dess.

349 1680 496 1710 Helmst.
521 1680 637 1711 Basili.
662 1681 759 1711 Fabr.
783 1681 871 1711 Mur.
898 1681 1015 1712 Heius.
1041 1683 1157 1722 Steph.
1178 1684 1279 1722 Rutg.
1303 1684 1384 1714 Fab.
1401 1683 1523 1714 Dacer.
1539 1683 1639 1713 Baxt.
1655 1681 1766 1712 Bentl-

348 1721 426 1752 Jon.
438 1721 528 1760 Jani,
544 1722 682 1761 Bipont.
700 1722 835 1752 Mitsch.
850 1722 990 1754 Wetzel.
1002 1723 1137 1754 Wakef.
1154 1729 1189 1755 et
1204 1723 1307 1755 Kidd.
1320 1727 1430 1755 ortum.
1461 1726 1470 1742 ‘
1486 1723 1591 1754 Aures
1605 1723 1691 1754 haurd
1705 1723 1765 1753 ‹lu-

350 1762 405 1793 bie
427 1763 458 1794 h.
476 1763 498 1793 l.
522 1762 709 1803 praeferunt
730 1766 830 1794 ortum
841 1773 855 1800 ‚·
877 1765 959 1795 alias
983 1765 1028 1795 nil
1051 1765 1226 1796 admodum
1248 1765 1400 1797 interest.
1422 1769 1491 1796 orta
1505 1765 1648 1806 quinque
1669 1764 1764 1796 Torr-

988 1857 1127 1889 NOTAE

391 1930 430 1958 11
455 1928 635 1967 Emovitque
655 1928 774 1968 culpas]
797 1927 937 1959 Sueton.
962 1927 1031 1965 Orc·

349 1980 418 2007 tav.
434 1985 507 2016 cap.
520 1979 572 2008 34.
608 1980 617 1994 ‘
633 1978 740 2016 Leges
765 1976 973 2015 retractavit,
996 1980 1033 2007 et

350 2024 508 2064 quasdam
531 2034 572 2055 ex
592 2025 722 2065 integro
737 2025 868 2056 sanxit:
892 2030 930 2055 nt
945 2035 1032 2055 snm-

349 2075 502 2112 tuariam,
524 2075 566 2105 de
588 2075 776 2115 adulteriis,
791 2075 832 2106 de
855 2074 1031 2115 pudicitia,

349 2122 391 2154 de
417 2123 555 2162 ambitu,
577 2123 618 2154 de
643 2123 839 2155 maritandis
863 2123 1032 2155 ordinibus

352 2191 486 2202 ......
507 2171 659 2202 divortiis
689 2171 822 2203 modum
854 2172 1033 2212 imposuit‚'

349 2221 412 2250 &c.
436 2220 521 2250 Vide
534 2225 568 2251 et
584 2229 657 2260 cap.
671 2222 723 2251 42.
738 2222 803 2252 &c.

392 2271 432 2299 12
450 2267 575 2299 Veteres
587 2270 739 2300 revocavit
752 2272 836 2300 artes
843 2280 856 2307 ‚·
868 2269 932 2301 Per
946 2279 1032 2309 quas,

349 2316 418 2356 tra]
442 2316 573 2348 Priscas
589 2317 743 2356 virtutes,
765 2318 974 2358 religionem,
997 2318 1033 2349 fi-

350 2365 438 2404 dem,
452 2365 632 2406 jusffliam,
655 2366 921 2406 temperantiam,
947 2367 1033 2406 pati-

350 2414 484 2454 entiam,
499 2423 560 2455 per
570 2424 652 2455 quas
663 2415 759 2455 primi
774 2415 913 2446 Romani
928 2415 1032 2446 hosti-

350 2463 412 2494 bus
426 2462 651 2494 formidabiles
662 2463 802 2502 perinde
814 2469 913 2504 atque
929 2463 1031 2495 admi-

350 2511 473 2542 rabiles
488 2510 709 2552 amabilesque
724 2511 924 2544 extiterunt.
947 2512 1031 2542 Vell.

350 2561 488 2591 Patere.
523 2561 533 2578 ⁴
550 2560 659 2592 Finita
675 2560 829 2591 vicesimo
844 2569 929 2591 anno
944 2559 1032 2592 bella

351 2609 612 2650 civilia,sepulta
621 2614 772 2650 externa,
782 2615 940 2641 revocata
952 2620 1032 2651 pax,

351 2659 480 2696 sopitus
496 2658 616 2698 ubique
640 2668 802 2690 armornm
818 2658 924 2699 furor,
937 2661 1032 2690 resti-

351 2710 423 2736 tuta
447 2707 493 2736 vis
516 2707 657 2747 legibus,
677 2708 815 2748 judiciis
839 2708 1030 2746 auctoritas,

352 2755 490 2802 Senatui
516 2755 687 2797 majestas,
714 2762 748 2788 et
771 2756 882 2798 prisca
912 2756 968 2788 illa
996 2762 1030 2788 et

1084 1929 1223 1970 antiqua
1238 1929 1447 1970 Reipublicae
1464 1930 1572 1962 forma
1587 1934 1744 1962 revocata
1757 1941 1765 1961 :

1085 1977 1186 2009 rediit
1200 1979 1309 2009 cultus
1326 1979 1428 2019 agris,
1451 1979 1554 2010 sacris
1578 1979 1692 2017 honos,
1713 1989 1765 2011 se·

1084 2027 1210 2058 curitas
1231 2027 1428 2063 hominibus,
1451 2032 1546 2059 certa
1568 2029 1688 2069 cuique
1714 2037 1766 2059 re-

1084 2084 1156 2106 rum
1178 2085 1312 2106 suarum
1334 2077 1519 2117 possessio:
1542 2077 1633 2116 leges
1655 2086 1766 2109 emen-

1084 2124 1173 2155 datae
1190 2124 1333 2165 utiliter,
1346 2125 1423 2156 latae
1439 2125 1642 2164 salubriter‚'
1659 2127 1723 2157 &c.

1127 2175 1166 2204 14
1188 2172 1302 2212 Imperi
1325 2173 1473 2204 Porrecto
1495 2173 1638 2212 majestas
1657 2175 1698 2204 ad
1714 2183 1765 2204 or-

1083 2224 1159 2260 tum,
1180 2221 1249 2262 ἕξω]
1275 2223 1285 2239 ⁴
1303 2220 1475 2262 Augustus
1497 2222 1538 2254 ab
1563 2221 1704 2252 Oriente
1729 2223 1764 2253 in

1084 2269 1318 2308 Occidentem,
1342 2280 1361 2300 a
1385 2270 1632 2310 Septemtrione
1645 2271 1676 2300 in
1691 2270 1764 2301 Me-

1082 2318 1212 2354 ridiem,
1233 2327 1272 2349 ac
1293 2327 1354 2358 per
1375 2322 1481 2349 totum
1506 2318 1635 2350 Oceani
1658 2318 1765 2350 circu-

1082 2367 1162 2406 lum,
1177 2366 1304 2398 cunctis
1319 2367 1471 2407 gentibus
1492 2375 1556 2398 una
1577 2375 1660 2407 poce
1675 2376 1764 2398 com-

1083 2417 1214 2455 positis,
1238 2415 1317 2448 Jani
1333 2419 1447 2456 portas
1469 2415 1570 2446 tertio
1594 2415 1666 2456 ipse
1683 2420 1763 2448 tunc

1085 2466 1216 2504 clausit,
1231 2475 1312 2506 quas
1328 2474 1368 2495 ex
1383 2474 1424 2496 eo
1437 2474 1497 2505 per
1506 2464 1680 2497 duodecim
1691 2465 1764 2497 fere

1086 2523 1188 2545 annos
1213 2513 1417 2554 quietissimo
1442 2522 1575 2553 semper
1593 2513 1766 2545 obseratas

1087 2563 1157 2594 otio
1181 2563 1251 2603 ipsa
1275 2562 1375 2593 etiam
1399 2562 1515 2602 rubigo
1535 2562 1766 2603 consignavit.¹

1088 2611 1187 2643 Oros.
1203 2610 1261 2642 lib.
1276 2619 1323 2642 v1.
1338 2611 1396 2642 cit.

1126 2662 1164 2690 15
1187 2661 1239 2690 Aa
1259 2663 1358 2690 ortum
1381 2659 1464 2690 Solis
1485 2658 1523 2689 ab
1549 2659 1698 2699 Hesperio
1711 2669 1763 2691 cu-

1083 2707 1152 2747 biti]
1167 2708 1223 2739 Sol
1238 2708 1315 2739 dum
1325 2708 1461 2748 occidit,
1472 2708 1642 2740 Atlantico
1653 2709 1763 2741 Ocea-

1083 2767 1124 2789 no
1147 2758 1313 2798 conditur,
1337 2763 1372 2790 et
1396 2758 1489 2798 quasi
1511 2758 1691 2800 requiescit
1711 2767 1762 2790 cu·
