1904 3256
637 280 912 312 sannionum
947 279 1041 319 Lara.
1075 280 1106 310 ι.
1137 271 1179 311 2.
1547 269 1632 312 791

182 376 343 427 Officit,
365 376 528 418 evitare
545 375 563 415 ’ἲ
595 375 756 416 bonam
777 373 1016 428 deperdere
1036 373 1212 424 famam,

181 443 294 484 Rem
315 443 454 497 patris
472 442 695 491 oblimare,
714 441 881 482 malum
900 446 972 482 est
991 441 1271 495 ubicumque.

180 508 260 550 Est
278 510 323 551 iu
343 513 558 558 matrona,
578 508 758 558 ancilla,
781 521 1000 562 peccesve
1020 509 1203 562 toga-ta?

177 574 341 617 Villius
361 576 407 617 in
427 575 594 617 Fausta
614 575 748 629 Syllae
771 588 913 628 gener,
931 575 1016 617 hoc
1038 575 1169 616 miser
1185 588 1270 616 uuo

179 641 371 684 Nomine
390 643 620 696 deceptus,
641 655 798 696 poenas
819 643 942 684 dedit
963 655 1104 697 usque
1124 655 1344 697 superque

180 707 326 759 Quam
345 710 456 751 satis
475 715 568 762 est3
600 711 760 763 pugnis
780 722 942 760 caesus,
964 710 1167 764 ferroque
1187 710 1356 764 petitus
1375 723 1387 761 ;

1330 438 1452 491 Quid
1472 440 1602 482 inter-

1572 644 1630 685 65

175 849 234 880 qne
246 839 425 881 ubicumque
435 843 522 872 nocet
532 845 544 872 P
564 843 693 881 perdere
704 842 811 873 bonam
824 841 1099 882 existirmtbraem,
1111 842 1286 882 dilapidare
1299 841 1531 883 patrimonium,
1551 851 1630 873 nem-

170 891 230 922 pcr
243 883 356 914 malum
371 887 430 915 est.
478 883 563 918 Quid
577 884 674 920 refert
688 887 795 915 utrum
808 894 914 924 pecces
929 884 962 914 in
976 887 1131 920 matrona,
1145 895 1185 915 un
1200 885 1235 915 in
1251 884 1408 922 libertina,
1423 894 1464 915 «m
1484 884 1518 915 in
1532 894 1628 916 mere-

175 924 275 956 trice?
324 925 437 957 Villius
453 925 552 966 Sylla>
563 935 673 966 gener,
686 926 800 964 infelix
811 936 847 957 eo
861 928 1019 957 duntaxat
1034 927 1158 958 nomine
1173 927 1296 967 illusus,
1309 927 1346 957 ob
1359 926 1510 958 Faustam
1521 937 1628 967 penas

172 966 232 998 luit
246 969 410 1000 necandum
424 971 455 999 et
468 968 553 999 ultra
567 968 724 1008 meritum,
736 969 855 1009 pugnis
867 972 1025 1008 contusus,
1044 972 1075 1000 ct
1090 970 1180 1007 ferro
1196 970 1374 1010 appetitum
1396 968 1510 1007 <iectus
1529 970 1630 1009 domo,

781 1075 798 1086 0
803 1073 1018 1086 ΜΙΜΟ

173 1137 350 1178 disperdere
363 1138 583 1175 samam—63
607 1141 617 1157 ‘
632 1140 819 1178 Remmius,
844 1140 1052 1172 auctoritate
1079 1140 1301 1182 quorumdam
1328 1139 1504 1175 librorum,
1531 1147 1631 1180 repo-

172 1179 240 1210 suit
251 1189 393 1219 peccesne
407 1190 468 1221 pro
481 1191 646 1221 peccewoe
669 1182 758 1223 quod
782 1188 896 1214 tamen
922 1183 1019 1214 nobis
1046 1182 1248 1214 tantundem
1271 1182 1420 1214 videtur,
1465 1180 1629 1213 Librariis

172 1221 256 1261 ipsis
271 1222 353 1252 nihil
369 1228 442 1253 erat
459 1224 556 1263 pensi
571 1233 675 1265 super
690 1225 750 1256 tali
767 1224 936 1256 materia!
960 1225 1064 1257 Baxt.
1107 1225 1162 1256 Ita
1179 1226 1282 1256 etiam
1300 1225 1417 1256 Lamb.
1434 1228 1470 1256 et
1486 1224 1628 1255 chabor.

171 1262 388 1304 improbante
405 1265 755 1298 Zenn.-64.Fulvius
767 1267 802 1298 in
819 1267 939 1298 Fausta
963 1267 1053 1308 conj.
1075 1267 1192 1298 Bentl.
1207 1276 1306 1308 quem
1324 1267 1411 1298 vide.
1463 1266 1577 1298 Villius
1594 1266 1629 1297 in

174 1305 215 1337 F.
233 1304 268 1336 S.
280 1314 393 1345 genere
408 1307 459 1338 vir
473 1308 608 1348 quidam
624 1308 756 1348 doetus,
779 1309 950 1351 (Jortiuus
967 1310 1112 1341 Nostras
1128 1308 1244 1350 puto,)
1260 1309 1294 1340 iu
1313 1309 1415 1341 Obss.
1428 1308 1530 1341 Misc.
1550 1314 1627 1340 t.11.

173 1357 208 1388 p.
220 1349 363 1379 δελ-66
380 1349 401 1379 ,·
418 1349 525 1389 Lego,
539 1351 642 1386 Quam
654 1353 743 1391 satis,
755 1355 789 1382 et
800 1352 929 1391 pugnis.
955 1352 1002 1382 Et
1016 1351 1104 1382 enim
1118 1351 1271 1382 additum
1288 1352 1330 1382 ad
1347 1352 1500 1383 dolorem
1515 1350 1631 1392 expri-

171 1389 330 1421 mendum
345 1395 462 1431 aptum
479 1397 542 1422 est.
585 1393 675 1423 Illud
690 1397 804 1424 autem
819 1397 868 1424 est
882 1401 947 1424 non
963 1394 1072 1424 solum
1096 1393 1273 1424 commode
1288 1397 1405 1434 potest
1419 1393 1553 1433 abesse,
1568 1391 1628 1424 sed

170 1434 207 1462 et
220 1439 339 1472 parum
355 1433 531 1464 commode
548 1433 723 1474 adjicitur,
736 1443 814 1465 eum
831 1434 970 1465 verbum
984 1435 1072 1465 dedit
1088 1434 1316 1474 praecesserit.
1362 1434 1464 1468 Quod
1487 1435 1515 1465 si
1538 1438 1568 1466 et
1591 1435 1626 1466 in

169 1472 383 1506 mnataudi
399 1483 535 1506 causam
553 1477 699 1517 quaeris;
723 1482 900 1507 corrector
922 1476 1196 1517 conjunctionem
1219 1476 1393 1509 abundare
1415 1477 1627 1517 existimans,

824 1583 965 1615 NOTAE

209 1659 252 1689 62
277 1657 363 1693 Quid
376 1657 518 1694 interest,
532 1658 604 1699 Sym]
638 1659 690 1690 Ex
706 1658 867 1700 opinione

167 1707 360 1741 Stoicorum
378 1709 472 1750 paria
487 1718 560 1741 esse
575 1710 705 1751 quaevis
721 1715 867 1751 peccata

165 1757 365 1793 dicentium.

207 1811 250 1841 63
274 1809 315 1841 In
337 1812 494 1850 matu-mm,
511 1810 637 1851 ancilla,
656 1818 798 1851 peccesne
817 1812 866 1841 to-

162 1859 257 1901 gata]
271 1861 355 1892 Tres
363 1860 488 1901 gradus
498 1861 636 1902 peccati
647 1861 768 1892 statuit
777 1859 865 1892 Poe·-

166 1915 226 1950 ta3
247 1910 282 1942 in
303 1914 470 1949 matrona,
487 1910 521 1941 in
543 1910 718 1950 libertina,
738 1911 773 1941 in
797 1920 864 1942 me-

165 1960 304 1993 retrice.
346 1960 421 1992 Has
447 1960 572 2002 triplex
599 1960 704 1992 vestis
728 1961 864 1992 coloris-

167 2019 234 2052 que
261 2019 366 2052 genus
393 2011 640 2052 distinguebat.
694 2011 863 2043 Matronae

167 2059 256 2090 atol-
276 2059 424 2091 eandida
448 2059 698 2093 induebantur:
731 2061 863 2092 ancillae

165 2108 238 2140 rive
252 2108 422 2140 tibertinae
432 2113 513 2150 toga
528 2110 620 2150 pulla
633 2120 642 2141 ε
665 2111 864 2143 meretrices

167 2159 239 2191 coa
264 2165 324 2191 seu
349 2159 531 2200 pellucida.
580 2160 680 2192 Errat
695 2165 794 2192 vetus
808 2161 864 2193 In-

166 2207 300 2250 terpres
326 2208 378 2240 his
403 2209 595 2241 attribuens
618 2210 708 2252 quod
735 2216 810 2243 erat
829 2212 865 2243 li-

163 2258 397 2298 bertinarum,
421 2259 470 2290 ait
490 2268 613 2301 nempe
635 2261 864 2293 meretriciam

162 2312 277 2350 togam
295 2309 420 2350 pullam
443 2307 561 2349 fuisse,
583 2310 674 2351 quod
692 2310 862 2343 refellitur

164 2360 218 2391 vel
239 2369 282 2390 ex
302 2359 459 2400 sequenti
475 2363 587 2400 textu,
610 2360 644 2395 id
672 2361 762 2402 quod
783 2371 860 2392 mox

162 2409 232 2441 dixi
261 2410 470 2442 stabiliente.
526 2411 636 2442 Porro
661 2417 714 2443 est
744 2422 860 2453 operae

161 2459 308 2501 pretium
345 2460 529 2492 observare
565 2466 750 2502 matronas,
784 2472 860 2504 quae

162 2508 320 2542 adulterii
348 2510 516 2543 mnvictae
548 2521 569 2542 a
595 2512 674 2543 viris
702 2512 861 2553 repudia-

162 2557 299 2599 bantur,
312 2561 397 2592 stola
411 2560 557 2593 candida
574 2562 691 2594 solitas
715 2563 804 2599 exui.
825 2568 862 2594 et

165 2612 243 2647 toga
255 2610 385 2649 vestiri,
394 2611 588 2651 ignominiae
605 2622 717 2644 causa.
742 2614 750 2630 ‘
764 2613 862 2644 stola

164 2657 310 2699 plebeiis
325 2662 475 2701 quamvis
496 2662 645 2694 honestis
673 2672 737 2694 non
758 2662 861 2694 daba-

165 2714 242 2746 tur;
263 2708 428 2749 siquidem
457 2710 621 2743 l'atriciae
650 2718 687 2744 et
714 2713 860 2753 grandes

165 2762 248 2788 natu
262 2762 385 2788 matres
406 2768 479 2790 eam
505 2760 706 2794 deferebant
723 2763 858 2794 lionoris

162 2815 277 2838 causa.
332 2807 414 2838 Erat
443 2808 530 2840 enirn
560 2811 601 2841 ad
637 2812 722 2844 imos
752 2814 857 2854 pedes

920 1656 1027 1698 fluxa,
1050 1667 1150 1699 quam
1180 1658 1298 1689 instita
1327 1661 1492 1689 contexta
1519 1658 1624 1690 ambi-

920 1707 1004 1738 bat.’
1027 1707 1169 1743 Contra,
1182 1707 1192 1723 ‘
1205 1707 1407 1738 meretrices
1424 1711 1535 1748 togam
1547 1708 1626 1740 sub·

921 1756 1135 1798 ductiorem,'
1160 1760 1196 1788 et
1222 1756 1311 1788 virili
1340 1756 1483 1788 similem
1509 1762 1626 1798 gesta-

921 1807 1016 1839 bant.
1062 1807 1163 1839 Alex.
1180 1806 1223 1839 ab
1235 1806 1337 1839 Alex.
1354 1816 1388 1839 v·
1405 1810 1458 1839 18.
1481 1808 1623 1839 Festus:

919 1859 929 1876 ‘
946 1863 1118 1890 matronas
1132 1857 1368 1899 appellabant,
1383 1857 1506 1898 quibus
1517 1858 1623 1889 stolas

918 1907 1067 1940 habendi
1085 1908 1144 1950 jus
1159 1907 1256 1940 erat:
1301 1907 1392 1939 Non.
1404 1907 1562 1939 Marcell.
1579 1917 1622 1939 ex

919 1959 1090 1995 Varrone,
1112 1960 1214 2000 ‘toga
1239 1967 1417 1990 commune
1443 1959 1623 1990 vestimen-

919 2015 1003 2049 tum,
1018 2009 1178 2041 diurnum
1202 2013 1238 2041 et
1255 2015 1459 2041 nocturnum
1474 2021 1484 2048 ς
1507 2011 1622 2041 mulie·

917 2059 991 2100 bre,
1006 2064 1044 2091 et
1057 2059 1182 2092 virile!

959 2112 1002 2142 64
1030 2110 1146 2142 Vinius
1173 2110 1208 2141 in
1234 2110 1356 2142 Fausta
1383 2109 1480 2151 Syllae
1509 2109 1621 2150 gener]

917 2160 1094 2192 Villiorum
1109 2160 1238 2192 familia
1250 2161 1368 2192 Romae
1384 2159 1517 2192 nobilis.
1552 2161 1620 2191 Vil-

917 2210 980 2242 lius
1005 2212 1073 2243 iste
1097 2221 1164 2243 non
1194 2221 1314 2243 revera
1341 2221 1458 2252 gener,
1486 2212 1545 2243 sed
1577 2212 1619 2243 ob

917 2260 1227 2303 frequentissimam
1255 2271 1332 2294 cum
1359 2263 1486 2294 Fau‘sta
1514 2262 1618 2303 Syllae.

916 2310 987 2343 filia
1002 2312 1284 2344 consuetudinem
1301 2313 1350 2343 ita
1373 2318 1530 2344 vocatur:
1559 2321 1617 2342 seu

916 2361 1007 2402 quod
1023 2371 1097 2393 eam
1115 2371 1254 2393 uxorem
1270 2361 1334 2393 sibi
1356 2361 1428 2392 fore
1449 2367 1616 2402 speraret.

916 2410 1016 2442 Unde
1033 2411 1210 2454 sequitur:
1235 2412 1291 2443 hoc
1302 2412 1397 2443 miser
1409 2422 1469 2442 nno
1483 2411 1618 2442 Nomine

916 2462 1069 2502 deceptus.
1114 2462 1245 2494 Grandi
1262 2463 1393 2493 scilicet
1408 2462 1556 2499 nomine,
1573 2471 1615 2492 ex

917 2512 1058 2553 antiqua
1074 2512 1270 2553 Scipionum
1291 2515 1412 2551 gente:
1436 2520 1455 2541 a
1474 2520 1616 2552 quorum

915 2563 1066 2594 moribus
1081 2573 1120 2594 ac
1144 2562 1327 2594 virtutibus
1343 2561 1493 2602 degener
1512 2562 1616 2603 Sylla,

915 2614 1133 2652 magistratus
1145 2617 1271 2651 tamen,
1285 2613 1515 2653 Quaesturam,
1527 2614 1616 2646 Con-

915 2662 1075 2699 sulatum,
1091 2656 1329 2702 Dictaturam,
1349 2673 1389 2694 ac
1411 2663 1545 2694 demum
1562 2669 1615 2706 ty-

914 2712 1103 2752 rannidem,
1128 2713 1344 2754 pessumdata
1369 2714 1454 2755 Rep.
1470 2724 1615 2756 occupa-

915 2764 976 2796 vit.
1022 2764 1092 2797 Cic.
1104 2765 1136 2796 iu
1154 2765 1253 2804 Verr.
