<?xml version="1.0" encoding="UTF-8"?>
<!DOCTYPE html PUBLIC "-//W3C//DTD XHTML 1.0 Transitional//EN"
    "http://www.w3.org/TR/xhtml1/DTD/xhtml1-transitional.dtd">
<html xmlns="http://www.w3.org/1999/xhtml" xml:lang="en" lang="en">
 <head>
  <title>
</title>
<meta http-equiv="Content-Type" content="text/html;charset=utf-8" />
  <meta name='ocr-system' content='tesseract 3.04.00' />
  <meta name='ocr-capabilities' content='ocr_page ocr_carea ocr_par ocr_line ocrx_word'/>
</head>
<body>
  <div class='ocr_page' id='page_1' title='image "./operazeune02horauoft_0589.png"; bbox 0 0 1890 3256; ppageno 0'>
   <div class='ocr_carea' id='block_1_1' title="bbox 606 290 1250 330">
    <p class='ocr_par' dir='ltr' id='par_1_1' title="bbox 606 290 1250 330">
     <span class='ocr_line' id='line_1_1' title="bbox 606 290 1250 330; baseline -0.002 -2"><span class='ocrx_word' id='word_1_1' title='bbox 606 297 957 328; x_wconf 63' lang='lat' dir='ltr'>erls‘romnum</span> <span class='ocrx_word' id='word_1_2' title='bbox 992 298 1086 328; x_wconf 76' lang='lat' dir='ltr'>Lm.</span> <span class='ocrx_word' id='word_1_3' title='bbox 1118 299 1148 328; x_wconf 84' lang='lat'>1.</span> <span class='ocrx_word' id='word_1_4' title='bbox 1182 290 1250 330; x_wconf 88' lang='lat'>10.</span> 
     </span>
    </p>
   </div>
   <div class='ocr_carea' id='block_1_2' title="bbox 1530 267 1652 332">
    <p class='ocr_par' dir='ltr' id='par_1_2' title="bbox 1530 267 1652 332">
     <span class='ocr_line' id='line_1_2' title="bbox 1530 267 1652 332; baseline 0 0"><span class='ocrx_word' id='word_1_5' title='bbox 1530 267 1652 332; x_wconf 62' lang='lat'><strong>‘1129</strong></span> 
     </span>
    </p>
   </div>
   <div class='ocr_carea' id='block_1_3' title="bbox 196 393 1387 582">
    <p class='ocr_par' dir='ltr' id='par_1_3' title="bbox 196 393 1387 582">
     <span class='ocr_line' id='line_1_3' title="bbox 197 393 1253 448; baseline 0.003 -14"><span class='ocrx_word' id='word_1_6' title='bbox 197 393 342 436; x_wconf 82' lang='lat' dir='ltr'>Multa</span> <span class='ocrx_word' id='word_1_7' title='bbox 360 393 537 448; x_wconf 88' lang='lat' dir='ltr'>quidem</span> <span class='ocrx_word' id='word_1_8' title='bbox 558 394 669 444; x_wconf 83' lang='lat' dir='ltr'><strong>dixi,</strong></span> <span class='ocrx_word' id='word_1_9' title='bbox 691 407 769 436; x_wconf 87' lang='lat' dir='ltr'>cur</span> <span class='ocrx_word' id='word_1_10' title='bbox 789 398 1030 436; x_wconf 83' lang='lat' dir='ltr'>excusatus</span> <span class='ocrx_word' id='word_1_11' title='bbox 1057 394 1223 437; x_wconf 83' lang='lat' dir='ltr'>abirem</span> <span class='ocrx_word' id='word_1_12' title='bbox 1239 408 1253 436; x_wconf 73' lang='grc' dir='ltr'>ε</span> 
     </span>
     <span class='ocr_line' id='line_1_4' title="bbox 196 461 1250 516; baseline 0.001 -14"><span class='ocrx_word' id='word_1_13' title='bbox 196 461 287 503; x_wconf 90' lang='lat' dir='ltr'>Sed</span> <span class='ocrx_word' id='word_1_14' title='bbox 308 461 448 511; x_wconf 89' lang='lat' dir='ltr'>timui,</span> <span class='ocrx_word' id='word_1_15' title='bbox 469 474 570 503; x_wconf 88' lang='lat' dir='ltr'>mea</span> <span class='ocrx_word' id='word_1_16' title='bbox 590 474 643 502; x_wconf 91' lang='lat' dir='ltr'>ne</span> <span class='ocrx_word' id='word_1_17' title='bbox 664 461 846 503; x_wconf 81' lang='lat' dir='ltr'>finxisse</span> <span class='ocrx_word' id='word_1_18' title='bbox 868 461 1036 503; x_wconf 87' lang='lat' dir='ltr'>minora</span> <span class='ocrx_word' id='word_1_19' title='bbox 1056 466 1250 516; x_wconf 85' lang='lat' dir='ltr'>putarer,</span> 
     </span>
     <span class='ocr_line' id='line_1_5' title="bbox 198 527 1387 582; baseline 0 -13"><span class='ocrx_word' id='word_1_20' title='bbox 198 527 510 570; x_wconf 86' lang='lat' dir='ltr'><strong>Dissimulator</strong></span> <span class='ocrx_word' id='word_1_21' title='bbox 529 527 627 581; x_wconf 90' lang='lat' dir='ltr'>opis</span> <span class='ocrx_word' id='word_1_22' title='bbox 648 529 862 582; x_wconf 75' lang='lat' dir='ltr'>propriae,</span> <span class='ocrx_word' id='word_1_23' title='bbox 883 529 991 570; x_wconf 92' lang='lat' dir='ltr'>mihi</span> <span class='ocrx_word' id='word_1_24' title='bbox 1011 529 1276 571; x_wconf 86' lang='lat' dir='ltr'>commodus</span> <span class='ocrx_word' id='word_1_25' title='bbox 1296 530 1387 570; x_wconf 89' lang='lat' dir='ltr'>uni.</span> 
     </span>
    </p>
   </div>
   <div class='ocr_carea' id='block_1_4' title="bbox 196 594 1232 717">
    <p class='ocr_par' dir='ltr' id='par_1_4' title="bbox 196 594 1232 717">
     <span class='ocr_line' id='line_1_6' title="bbox 196 594 1232 650; baseline 0 -12"><span class='ocrx_word' id='word_1_26' title='bbox 196 595 274 638; x_wconf 89' lang='lat' dir='ltr'>Sic</span> <span class='ocrx_word' id='word_1_27' title='bbox 296 607 394 648; x_wconf 88' lang='lat' dir='ltr'>ego,</span> <span class='ocrx_word' id='word_1_28' title='bbox 414 594 592 648; x_wconf 85' lang='lat' dir='ltr'>majoris</span> <span class='ocrx_word' id='word_1_29' title='bbox 612 594 786 648; x_wconf 82' lang='lat' dir='ltr'>fugiens</span> <span class='ocrx_word' id='word_1_30' title='bbox 807 597 1048 650; x_wconf 84' lang='lat' dir='ltr'>opprobria</span> <span class='ocrx_word' id='word_1_31' title='bbox 1068 596 1232 650; x_wconf 75' lang='lat' dir='ltr'>culpae,</span> 
     </span>
     <span class='ocr_line' id='line_1_7' title="bbox 197 661 1101 717; baseline 0.001 -13"><span class='ocrx_word' id='word_1_32' title='bbox 197 662 375 704; x_wconf 85' lang='lat' dir='ltr'>Frontis</span> <span class='ocrx_word' id='word_1_33' title='bbox 396 661 452 704; x_wconf 81' lang='lat' dir='ltr'>ad</span> <span class='ocrx_word' id='word_1_34' title='bbox 472 662 651 704; x_wconf 86' lang='lat' dir='ltr'>urbanae</span> <span class='ocrx_word' id='word_1_35' title='bbox 670 661 882 704; x_wconf 87' lang='lat' dir='ltr'>descendi</span> <span class='ocrx_word' id='word_1_36' title='bbox 903 664 1101 717; x_wconf 84' lang='lat' dir='ltr'>praemia.</span> 
     </span>
    </p>
   </div>
   <div class='ocr_carea' id='block_1_5' title="bbox 1161 598 1651 714">
    <p class='ocr_par' dir='ltr' id='par_1_5' title="bbox 1161 598 1651 714">
     <span class='ocr_line' id='line_1_8' title="bbox 1595 598 1651 640; baseline 0.036 -2"><span class='ocrx_word' id='word_1_37' title='bbox 1595 598 1651 640; x_wconf 87' lang='grc'>10</span> 
     </span>
     <span class='ocr_line' id='line_1_9' title="bbox 1161 661 1364 714; baseline 0 -10"><span class='ocrx_word' id='word_1_38' title='bbox 1161 661 1299 714; x_wconf 84' lang='lat' dir='ltr'>Quod</span> <span class='ocrx_word' id='word_1_39' title='bbox 1325 663 1364 704; x_wconf 87' lang='lat' dir='ltr'>si</span> 
     </span>
    </p>
   </div>
   <div class='ocr_carea' id='block_1_6' title="bbox 196 729 1423 851">
    <p class='ocr_par' dir='ltr' id='par_1_6' title="bbox 196 729 1423 851">
     <span class='ocr_line' id='line_1_10' title="bbox 199 729 1264 785; baseline -0.001 -14"><span class='ocrx_word' id='word_1_40' title='bbox 199 729 460 784; x_wconf 87' lang='lat' dir='ltr'>Depositum</span> <span class='ocrx_word' id='word_1_41' title='bbox 482 729 640 770; x_wconf 86' lang='lat' dir='ltr'>laudas</span> <span class='ocrx_word' id='word_1_42' title='bbox 661 731 719 771; x_wconf 92' lang='lat' dir='ltr'>ob</span> <span class='ocrx_word' id='word_1_43' title='bbox 740 731 874 772; x_wconf 82' lang='lat' dir='ltr'>amici</span> <span class='ocrx_word' id='word_1_44' title='bbox 887 730 1018 785; x_wconf 88' lang='lat' dir='ltr'>jussa</span> <span class='ocrx_word' id='word_1_45' title='bbox 1038 730 1264 784; x_wconf 88' lang='lat' dir='ltr'>pudorem,</span> 
     </span>
     <span class='ocr_line' id='line_1_11' title="bbox 196 795 1423 851; baseline -0.002 -12"><span class='ocrx_word' id='word_1_46' title='bbox 196 797 353 839; x_wconf 84' lang='lat' dir='ltr'>Scribe</span> <span class='ocrx_word' id='word_1_47' title='bbox 371 795 437 837; x_wconf 85' lang='lat' dir='ltr'>tui</span> <span class='ocrx_word' id='word_1_48' title='bbox 458 796 598 849; x_wconf 85' lang='lat' dir='ltr'>gregis</span> <span class='ocrx_word' id='word_1_49' title='bbox 618 796 749 847; x_wconf 88' lang='lat' dir='ltr'>hunc,</span> <span class='ocrx_word' id='word_1_50' title='bbox 768 802 812 838; x_wconf 88' lang='lat' dir='ltr'>et</span> <span class='ocrx_word' id='word_1_51' title='bbox 831 796 990 840; x_wconf 86' lang='lat' dir='ltr'>fortem</span> <span class='ocrx_word' id='word_1_52' title='bbox 1011 796 1137 839; x_wconf 88' lang='lat' dir='ltr'>crede</span> <span class='ocrx_word' id='word_1_53' title='bbox 1157 797 1423 851; x_wconf 82' lang='lat' dir='ltr'>bonumque.</span> 
     </span>
    </p>
   </div>
   <div class='ocr_carea' id='block_1_7' title="bbox 185 917 1654 1087">
    <p class='ocr_par' dir='ltr' id='par_1_7' title="bbox 185 917 1654 1087">
     <span class='ocr_line' id='line_1_12' title="bbox 194 917 1654 960; baseline 0.001 -11"><span class='ocrx_word' id='word_1_54' title='bbox 194 926 305 951; x_wconf 71' lang='lat' dir='ltr'>mm.</span> <span class='ocrx_word' id='word_1_55' title='bbox 348 917 396 949; x_wconf 71' lang='lat' dir='ltr'>At</span> <span class='ocrx_word' id='word_1_56' title='bbox 410 918 529 950; x_wconf 74' lang='lat' dir='ltr'>verim</span> <span class='ocrx_word' id='word_1_57' title='bbox 541 927 610 951; x_wconf 80' lang='lat' dir='ltr'>sum</span> <span class='ocrx_word' id='word_1_58' title='bbox 626 928 664 950; x_wconf 83' lang='lat' dir='ltr'>ne</span> <span class='ocrx_word' id='word_1_59' title='bbox 679 919 801 950; x_wconf 73' lang='lat' dir='ltr'>viderer</span> <span class='ocrx_word' id='word_1_60' title='bbox 815 919 964 950; x_wconf 77' lang='lat' dir='ltr'>minorem</span> <span class='ocrx_word' id='word_1_61' title='bbox 978 919 1153 951; x_wconf 72' lang='lat' dir='ltr'>exhibuisse</span> <span class='ocrx_word' id='word_1_62' title='bbox 1167 930 1265 952; x_wconf 81' lang='lat' dir='ltr'>meam</span> <span class='ocrx_word' id='word_1_63' title='bbox 1280 920 1512 956; x_wconf 75' lang='lat' dir='ltr'>auctoritatem,</span> <span class='ocrx_word' id='word_1_64' title='bbox 1527 929 1654 960; x_wconf 75' lang='lat' dir='ltr'>eamque</span> 
     </span>
     <span class='ocr_line' id='line_1_13' title="bbox 194 959 1654 1002; baseline 0.001 -11"><span class='ocrx_word' id='word_1_65' title='bbox 194 959 327 992; x_wconf 71' lang='lat' dir='ltr'>voluisse</span> <span class='ocrx_word' id='word_1_66' title='bbox 340 960 505 1002; x_wconf 77' lang='lat' dir='ltr'>occultare,</span> <span class='ocrx_word' id='word_1_67' title='bbox 519 965 555 992; x_wconf 77' lang='lat' dir='ltr'>ut</span> <span class='ocrx_word' id='word_1_68' title='bbox 572 960 650 992; x_wconf 77' lang='lat' dir='ltr'>mihi</span> <span class='ocrx_word' id='word_1_69' title='bbox 663 962 723 992; x_wconf 75' lang='lat' dir='ltr'>soli</span> <span class='ocrx_word' id='word_1_70' title='bbox 738 962 827 993; x_wconf 77' lang='lat' dir='ltr'>utilis</span> <span class='ocrx_word' id='word_1_71' title='bbox 839 961 956 999; x_wconf 82' lang='lat' dir='ltr'>sorem.</span> <span class='ocrx_word' id='word_1_72' title='bbox 1002 962 1114 1002; x_wconf 77' lang='lat' dir='ltr'>Itaque</span> <span class='ocrx_word' id='word_1_73' title='bbox 1129 972 1186 1001; x_wconf 75' lang='lat' dir='ltr'>ego</span> <span class='ocrx_word' id='word_1_74' title='bbox 1199 963 1342 995; x_wconf 75' lang='lat' dir='ltr'>devitans</span> <span class='ocrx_word' id='word_1_75' title='bbox 1355 962 1513 1002; x_wconf 73' lang='lat' dir='ltr'>gravioris</span> <span class='ocrx_word' id='word_1_76' title='bbox 1534 962 1654 1002; x_wconf 72' lang='lat' dir='ltr'>peccati</span> 
     </span>
     <span class='ocr_line' id='line_1_14' title="bbox 185 1003 1654 1051; baseline 0.001 -18"><span class='ocrx_word' id='word_1_77' title='bbox 185 1004 312 1051; x_wconf 57' lang='grc' dir='ltr'>συνέφη,</span> <span class='ocrx_word' id='word_1_78' title='bbox 326 1003 435 1034; x_wconf 74' lang='lat' dir='ltr'>deceni</span> <span class='ocrx_word' id='word_1_79' title='bbox 449 1005 490 1034; x_wconf 81' lang='lat' dir='ltr'>ad</span> <span class='ocrx_word' id='word_1_80' title='bbox 509 1005 640 1043; x_wconf 72' lang='lat' dir='ltr'>speciem</span> <span class='ocrx_word' id='word_1_81' title='bbox 655 1004 766 1035; x_wconf 78' lang='lat' dir='ltr'>urbani</span> <span class='ocrx_word' id='word_1_82' title='bbox 780 1005 894 1035; x_wconf 75' lang='lat' dir='ltr'>vultus.</span> <span class='ocrx_word' id='word_1_83' title='bbox 942 1005 1031 1043; x_wconf 80' lang='lat' dir='ltr'>Ergo</span> <span class='ocrx_word' id='word_1_84' title='bbox 1045 1005 1074 1035; x_wconf 77' lang='lat' dir='ltr'>si</span> <span class='ocrx_word' id='word_1_85' title='bbox 1094 1005 1205 1045; x_wconf 71' lang='lat' dir='ltr'>probas</span> <span class='ocrx_word' id='word_1_86' title='bbox 1219 1007 1298 1046; x_wconf 83' lang='lat' dir='ltr'>quod</span> <span class='ocrx_word' id='word_1_87' title='bbox 1313 1005 1529 1037; x_wconf 82' lang='lat' dir='ltr'>verecundiam</span> <span class='ocrx_word' id='word_1_88' title='bbox 1542 1003 1654 1044; x_wconf 78' lang='lat' dir='ltr'>abjeci,</span> 
     </span>
     <span class='ocr_line' id='line_1_15' title="bbox 194 1045 1398 1087; baseline 0.005 -11"><span class='ocrx_word' id='word_1_89' title='bbox 194 1045 291 1082; x_wconf 66' lang='lat' dir='ltr'>amici</span> <span class='ocrx_word' id='word_1_90' title='bbox 305 1046 416 1085; x_wconf 73' lang='lat' dir='ltr'>gratia</span> <span class='ocrx_word' id='word_1_91' title='bbox 423 1055 437 1082; x_wconf 76' lang='grc'>,-</span> <span class='ocrx_word' id='word_1_92' title='bbox 459 1045 539 1077; x_wconf 78' lang='lat' dir='ltr'>hunc</span> <span class='ocrx_word' id='word_1_93' title='bbox 553 1046 619 1078; x_wconf 83' lang='lat' dir='ltr'>tuis</span> <span class='ocrx_word' id='word_1_94' title='bbox 633 1055 787 1087; x_wconf 73' lang='lat' dir='ltr'>aggrega,</span> <span class='ocrx_word' id='word_1_95' title='bbox 800 1050 830 1077; x_wconf 80' lang='lat' dir='ltr'>et</span> <span class='ocrx_word' id='word_1_96' title='bbox 845 1047 994 1078; x_wconf 76' lang='lat' dir='ltr'>existima</span> <span class='ocrx_word' id='word_1_97' title='bbox 1006 1047 1134 1087; x_wconf 81' lang='lat' dir='ltr'>probum</span> <span class='ocrx_word' id='word_1_98' title='bbox 1149 1051 1180 1080; x_wconf 84' lang='lat' dir='ltr'>et</span> <span class='ocrx_word' id='word_1_99' title='bbox 1195 1051 1398 1082; x_wconf 70' lang='lat' dir='ltr'>constantem.</span> 
     </span>
    </p>
   </div>
   <div class='ocr_carea' id='block_1_8' title="bbox 801 1139 1043 1152">
    <p class='ocr_par' dir='ltr' id='par_1_8' title="bbox 801 1139 1043 1152">
     <span class='ocr_line' id='line_1_16' title="bbox 801 1139 1043 1152; baseline -0.004 0"><span class='ocrx_word' id='word_1_100' title='bbox 801 1139 1043 1152; x_wconf 58' lang='lat' dir='ltr'>O‘OmOO‘OOO</span> 
     </span>
    </p>
   </div>
   <div class='ocr_carea' id='block_1_9' title="bbox 196 1216 950 1261">
    <p class='ocr_par' dir='ltr' id='par_1_9' title="bbox 196 1216 950 1261">
     <span class='ocr_line' id='line_1_17' title="bbox 196 1216 950 1261; baseline 0.003 -12"><span class='ocrx_word' id='word_1_101' title='bbox 196 1219 283 1251; x_wconf 68' lang='lat'><strong>*2-10</strong></span> <span class='ocrx_word' id='word_1_102' title='bbox 306 1216 541 1254; x_wconf 85' lang='lat' dir='ltr'>Schoenborn.</span> <span class='ocrx_word' id='word_1_103' title='bbox 557 1220 589 1250; x_wconf 81' lang='lat'>2.</span> <span class='ocrx_word' id='word_1_104' title='bbox 613 1217 746 1258; x_wconf 79' lang='lat' dir='ltr'>fugiens</span> <span class='ocrx_word' id='word_1_105' title='bbox 759 1221 790 1250; x_wconf 80' lang='lat' dir='ltr'>et</span> <span class='ocrx_word' id='word_1_106' title='bbox 808 1218 950 1261; x_wconf 78' lang='lat' dir='ltr'>propria.</span> 
     </span>
    </p>
   </div>
   <div class='ocr_carea' id='block_1_10' title="bbox 856 1303 998 1336">
    <p class='ocr_par' dir='ltr' id='par_1_10' title="bbox 856 1303 998 1336">
     <span class='ocr_line' id='line_1_18' title="bbox 856 1303 998 1336; baseline 0.007 -1"><span class='ocrx_word' id='word_1_107' title='bbox 856 1303 888 1335; x_wconf 92' lang='lat' dir='ltr'>N</span> <span class='ocrx_word' id='word_1_108' title='bbox 893 1303 998 1336; x_wconf 81' lang='lat' dir='ltr'>OTAE</span> 
     </span>
    </p>
   </div>
   <div class='ocr_carea' id='block_1_11' title="bbox 196 1366 902 2007">
    <p class='ocr_par' dir='ltr' id='par_1_11' title="bbox 196 1366 900 1508">
     <span class='ocr_line' id='line_1_19' title="bbox 239 1366 899 1409; baseline 0.002 -11"><span class='ocrx_word' id='word_1_109' title='bbox 239 1368 259 1398; x_wconf 81' lang='grc'><strong>7</strong></span> <span class='ocrx_word' id='word_1_110' title='bbox 286 1366 352 1398; x_wconf 81' lang='lat' dir='ltr'>Cur</span> <span class='ocrx_word' id='word_1_111' title='bbox 375 1371 541 1400; x_wconf 73' lang='lat' dir='ltr'>excusatus</span> <span class='ocrx_word' id='word_1_112' title='bbox 563 1367 696 1409; x_wconf 78' lang='lat' dir='ltr'>abirem]</span> <span class='ocrx_word' id='word_1_113' title='bbox 726 1367 782 1400; x_wconf 84' lang='lat' dir='ltr'>Ne</span> <span class='ocrx_word' id='word_1_114' title='bbox 809 1377 899 1399; x_wconf 89' lang='lat' dir='ltr'>com-</span> 
     </span>
     <span class='ocr_line' id='line_1_20' title="bbox 196 1417 900 1458; baseline 0.004 -11"><span class='ocrx_word' id='word_1_115' title='bbox 196 1417 434 1449; x_wconf 80' lang='lat' dir='ltr'>mendatitiam</span> <span class='ocrx_word' id='word_1_116' title='bbox 463 1417 550 1450; x_wconf 80' lang='lat' dir='ltr'>hanc</span> <span class='ocrx_word' id='word_1_117' title='bbox 581 1418 770 1458; x_wconf 80' lang='lat' dir='ltr'>Epistulam</span> <span class='ocrx_word' id='word_1_118' title='bbox 796 1418 839 1449; x_wconf 87' lang='lat' dir='ltr'>ad</span> <span class='ocrx_word' id='word_1_119' title='bbox 864 1423 900 1451; x_wconf 83' lang='lat' dir='ltr'>te</span> 
     </span>
     <span class='ocr_line' id='line_1_21' title="bbox 197 1466 879 1508; baseline 0.003 -10"><span class='ocrx_word' id='word_1_120' title='bbox 197 1466 397 1506; x_wconf 77' lang='lat' dir='ltr'>scriberem,</span> <span class='ocrx_word' id='word_1_121' title='bbox 412 1466 544 1508; x_wconf 90' lang='lat' dir='ltr'>tibique</span> <span class='ocrx_word' id='word_1_122' title='bbox 556 1468 721 1500; x_wconf 84' lang='lat' dir='ltr'>molestus</span> <span class='ocrx_word' id='word_1_123' title='bbox 732 1468 879 1500; x_wconf 86' lang='lat' dir='ltr'>viderer.</span> 
     </span>
    </p>

    <p class='ocr_par' dir='ltr' id='par_1_12' title="bbox 197 1516 899 1608">
     <span class='ocr_line' id='line_1_22' title="bbox 239 1516 899 1559; baseline 0.002 -11"><span class='ocrx_word' id='word_1_124' title='bbox 239 1519 261 1548; x_wconf 87' lang='grc'><strong>8</strong></span> <span class='ocrx_word' id='word_1_125' title='bbox 283 1517 359 1548; x_wconf 80' lang='lat' dir='ltr'>Mea</span> <span class='ocrx_word' id='word_1_126' title='bbox 373 1516 512 1559; x_wconf 74' lang='lat' dir='ltr'>finxisse</span> <span class='ocrx_word' id='word_1_127' title='bbox 535 1517 671 1558; x_wconf 78' lang='lat' dir='ltr'>minora]</span> <span class='ocrx_word' id='word_1_128' title='bbox 695 1517 899 1549; x_wconf 84' lang='lat' dir='ltr'>Exhibuisse</span> 
     </span>
     <span class='ocr_line' id='line_1_23' title="bbox 197 1565 761 1608; baseline 0.004 -11"><span class='ocrx_word' id='word_1_129' title='bbox 197 1565 307 1601; x_wconf 84' lang='lat' dir='ltr'>minus</span> <span class='ocrx_word' id='word_1_130' title='bbox 323 1575 424 1607; x_wconf 81' lang='lat' dir='ltr'>posse</span> <span class='ocrx_word' id='word_1_131' title='bbox 439 1576 493 1598; x_wconf 88' lang='lat' dir='ltr'>me</span> <span class='ocrx_word' id='word_1_132' title='bbox 509 1576 608 1608; x_wconf 83' lang='lat' dir='ltr'>quam</span> <span class='ocrx_word' id='word_1_133' title='bbox 624 1567 761 1607; x_wconf 83' lang='lat' dir='ltr'>possim.</span> 
     </span>
    </p>

    <p class='ocr_par' dir='ltr' id='par_1_13' title="bbox 198 1615 901 1755">
     <span class='ocr_line' id='line_1_24' title="bbox 238 1615 898 1659; baseline 0.002 -11"><span class='ocrx_word' id='word_1_134' title='bbox 238 1619 260 1648; x_wconf 85' lang='grc'>9</span> <span class='ocrx_word' id='word_1_135' title='bbox 279 1615 374 1658; x_wconf 79' lang='lat' dir='ltr'>Opis]</span> <span class='ocrx_word' id='word_1_136' title='bbox 389 1617 514 1658; x_wconf 75' lang='lat' dir='ltr'>Vir-gil.</span> <span class='ocrx_word' id='word_1_137' title='bbox 524 1617 658 1648; x_wconf 84' lang='lat' dir='ltr'>AEneid.</span> <span class='ocrx_word' id='word_1_138' title='bbox 672 1619 783 1649; x_wconf 75' lang='lat'><strong>1.604.</strong></span> <span class='ocrx_word' id='word_1_139' title='bbox 802 1622 811 1637; x_wconf 82' lang='lat'>⁸</span> <span class='ocrx_word' id='word_1_140' title='bbox 822 1627 898 1659; x_wconf 86' lang='lat' dir='ltr'>gra-</span> 
     </span>
     <span class='ocr_line' id='line_1_25' title="bbox 198 1666 901 1709; baseline 0.003 -12"><span class='ocrx_word' id='word_1_141' title='bbox 198 1670 251 1698; x_wconf 84' lang='lat' dir='ltr'>tes</span> <span class='ocrx_word' id='word_1_142' title='bbox 279 1667 478 1708; x_wconf 82' lang='lat' dir='ltr'>persolvere</span> <span class='ocrx_word' id='word_1_143' title='bbox 501 1666 620 1709; x_wconf 79' lang='lat' dir='ltr'>dignas</span> <span class='ocrx_word' id='word_1_144' title='bbox 645 1668 724 1700; x_wconf 86' lang='lat' dir='ltr'>Non</span> <span class='ocrx_word' id='word_1_145' title='bbox 747 1667 821 1709; x_wconf 80' lang='lat' dir='ltr'>opis</span> <span class='ocrx_word' id='word_1_146' title='bbox 846 1672 901 1700; x_wconf 87' lang='lat' dir='ltr'>est</span> 
     </span>
     <span class='ocr_line' id='line_1_26' title="bbox 198 1715 755 1755; baseline 0.005 -9"><span class='ocrx_word' id='word_1_147' title='bbox 198 1719 341 1755; x_wconf 68' lang='lat' dir='ltr'>nosti-m,</span> <span class='ocrx_word' id='word_1_148' title='bbox 354 1715 469 1749; x_wconf 65' lang='lat' dir='ltr'>Dido)</span> <span class='ocrx_word' id='word_1_149' title='bbox 751 1740 755 1742; x_wconf 73' lang='grc'><strong>-</strong></span> 
     </span>
    </p>

    <p class='ocr_par' dir='ltr' id='par_1_14' title="bbox 197 1763 901 1909">
     <span class='ocr_line' id='line_1_27' title="bbox 241 1763 900 1808; baseline 0 -10"><span class='ocrx_word' id='word_1_150' title='bbox 241 1765 331 1799; x_wconf 70' lang='lat' dir='ltr'>Mihi</span> <span class='ocrx_word' id='word_1_151' title='bbox 365 1767 540 1798; x_wconf 71' lang='lat' dir='ltr'>commodus</span> <span class='ocrx_word' id='word_1_152' title='bbox 571 1767 643 1808; x_wconf 82' lang='lat' dir='ltr'>uni]</span> <span class='ocrx_word' id='word_1_153' title='bbox 683 1763 783 1800; x_wconf 64' lang='lat' dir='ltr'>Quod</span> <span class='ocrx_word' id='word_1_154' title='bbox 819 1776 900 1799; x_wconf 84' lang='lat' dir='ltr'>sane</span> 
     </span>
     <span class='ocr_line' id='line_1_28' title="bbox 198 1814 901 1856; baseline 0.003 -10"><span class='ocrx_word' id='word_1_155' title='bbox 198 1814 416 1848; x_wconf 83' lang='lat' dir='ltr'>invidiosum.</span> <span class='ocrx_word' id='word_1_156' title='bbox 463 1817 550 1849; x_wconf 84' lang='lat' dir='ltr'>Nam</span> <span class='ocrx_word' id='word_1_157' title='bbox 566 1826 608 1848; x_wconf 86' lang='lat' dir='ltr'>ex</span> <span class='ocrx_word' id='word_1_158' title='bbox 627 1817 788 1856; x_wconf 81' lang='lat' dir='ltr'>Platone,</span> <span class='ocrx_word' id='word_1_159' title='bbox 802 1817 901 1849; x_wconf 86' lang='lat' dir='ltr'>homo</span> 
     </span>
     <span class='ocr_line' id='line_1_29' title="bbox 197 1865 877 1909; baseline 0.003 -12"><span class='ocrx_word' id='word_1_160' title='bbox 197 1874 264 1898; x_wconf 86' lang='lat' dir='ltr'>non</span> <span class='ocrx_word' id='word_1_161' title='bbox 279 1865 345 1897; x_wconf 87' lang='lat' dir='ltr'>sibi</span> <span class='ocrx_word' id='word_1_162' title='bbox 358 1867 433 1906; x_wconf 82' lang='lat' dir='ltr'>soli,</span> <span class='ocrx_word' id='word_1_163' title='bbox 446 1868 506 1898; x_wconf 80' lang='lat' dir='ltr'>sed</span> <span class='ocrx_word' id='word_1_164' title='bbox 523 1867 597 1899; x_wconf 80' lang='lat' dir='ltr'>aliis</span> <span class='ocrx_word' id='word_1_165' title='bbox 615 1877 750 1909; x_wconf 88' lang='lat' dir='ltr'>quoque</span> <span class='ocrx_word' id='word_1_166' title='bbox 766 1871 877 1900; x_wconf 77' lang='lat' dir='ltr'>natus.</span> 
     </span>
    </p>

    <p class='ocr_par' dir='ltr' id='par_1_15' title="bbox 199 1916 902 2007">
     <span class='ocr_line' id='line_1_30' title="bbox 245 1916 902 1959; baseline 0.003 -13"><span class='ocrx_word' id='word_1_167' title='bbox 245 1918 284 1947; x_wconf 88' lang='lat'>10</span> <span class='ocrx_word' id='word_1_168' title='bbox 310 1916 445 1956; x_wconf 69' lang='lat' dir='ltr'>quoris</span> <span class='ocrx_word' id='word_1_169' title='bbox 458 1917 623 1958; x_wconf 76' lang='lat' dir='ltr'>opprobria</span> <span class='ocrx_word' id='word_1_170' title='bbox 644 1918 757 1959; x_wconf 73' lang='lat' dir='ltr'>culpae]</span> <span class='ocrx_word' id='word_1_171' title='bbox 793 1917 902 1949; x_wconf 87' lang='lat' dir='ltr'>Dissi-</span> 
     </span>
     <span class='ocr_line' id='line_1_31' title="bbox 199 1966 902 2007; baseline 0.003 -10"><span class='ocrx_word' id='word_1_172' title='bbox 199 1966 432 2007; x_wconf 79' lang='lat' dir='ltr'>mulationem,</span> <span class='ocrx_word' id='word_1_173' title='bbox 448 1966 622 2004; x_wconf 80' lang='lat' dir='ltr'>invidiam,</span> <span class='ocrx_word' id='word_1_174' title='bbox 639 1967 743 1999; x_wconf 89' lang='lat' dir='ltr'>solius</span> <span class='ocrx_word' id='word_1_175' title='bbox 753 1967 820 1999; x_wconf 92' lang='lat' dir='ltr'>mei</span> <span class='ocrx_word' id='word_1_176' title='bbox 834 1972 902 1999; x_wconf 84' lang='lat' dir='ltr'>stu-</span> 
     </span>
    </p>
   </div>
   <div class='ocr_carea' id='block_1_12' title="bbox 953 1368 1658 2000">
    <p class='ocr_par' dir='ltr' id='par_1_16' title="bbox 954 1368 1277 1401">
     <span class='ocr_line' id='line_1_32' title="bbox 954 1368 1277 1401; baseline 0.006 -2"><span class='ocrx_word' id='word_1_177' title='bbox 954 1368 1048 1400; x_wconf 86' lang='lat' dir='ltr'>dium</span> <span class='ocrx_word' id='word_1_178' title='bbox 1065 1373 1101 1401; x_wconf 90' lang='lat' dir='ltr'>et</span> <span class='ocrx_word' id='word_1_179' title='bbox 1115 1378 1277 1401; x_wconf 83' lang='lat' dir='ltr'>amorem.</span> 
     </span>
    </p>

    <p class='ocr_par' dir='ltr' id='par_1_17' title="bbox 953 1418 1658 1810">
     <span class='ocr_line' id='line_1_33' title="bbox 998 1418 1655 1460; baseline 0 -10"><span class='ocrx_word' id='word_1_180' title='bbox 998 1422 1037 1450; x_wconf 90' lang='lat'>11</span> <span class='ocrx_word' id='word_1_181' title='bbox 1064 1420 1194 1451; x_wconf 75' lang='lat' dir='ltr'>Frontis</span> <span class='ocrx_word' id='word_1_182' title='bbox 1207 1421 1248 1451; x_wconf 81' lang='lat' dir='ltr'>ad</span> <span class='ocrx_word' id='word_1_183' title='bbox 1262 1418 1406 1459; x_wconf 80' lang='lat' dir='ltr'>urbanae]</span> <span class='ocrx_word' id='word_1_184' title='bbox 1427 1418 1536 1459; x_wconf 86' lang='lat' dir='ltr'>Solet,</span> <span class='ocrx_word' id='word_1_185' title='bbox 1546 1418 1604 1460; x_wconf 90' lang='lat' dir='ltr'>qui</span> <span class='ocrx_word' id='word_1_186' title='bbox 1620 1419 1655 1450; x_wconf 78' lang='lat' dir='ltr'>in</span> 
     </span>
     <span class='ocr_line' id='line_1_34' title="bbox 954 1467 1657 1511; baseline -0.001 -11"><span class='ocrx_word' id='word_1_187' title='bbox 954 1470 1039 1501; x_wconf 87' lang='lat' dir='ltr'>urbe</span> <span class='ocrx_word' id='word_1_188' title='bbox 1054 1470 1162 1511; x_wconf 86' lang='lat' dir='ltr'>degit,</span> <span class='ocrx_word' id='word_1_189' title='bbox 1179 1479 1254 1502; x_wconf 83' lang='lat' dir='ltr'>esse</span> <span class='ocrx_word' id='word_1_190' title='bbox 1269 1470 1450 1500; x_wconf 78' lang='lat' dir='ltr'>humanior</span> <span class='ocrx_word' id='word_1_191' title='bbox 1464 1473 1570 1510; x_wconf 80' lang='lat' dir='ltr'>atque</span> <span class='ocrx_word' id='word_1_192' title='bbox 1585 1467 1657 1499; x_wconf 86' lang='lat' dir='ltr'>offi-</span> 
     </span>
     <span class='ocr_line' id='line_1_35' title="bbox 954 1518 1658 1560; baseline -0.003 -9"><span class='ocrx_word' id='word_1_193' title='bbox 954 1519 1102 1559; x_wconf 83' lang='lat' dir='ltr'>ciosior;</span> <span class='ocrx_word' id='word_1_194' title='bbox 1133 1525 1254 1552; x_wconf 85' lang='lat' dir='ltr'>contra</span> <span class='ocrx_word' id='word_1_195' title='bbox 1280 1519 1427 1551; x_wconf 82' lang='lat' dir='ltr'>rusticus</span> <span class='ocrx_word' id='word_1_196' title='bbox 1444 1523 1481 1551; x_wconf 89' lang='lat' dir='ltr'>et</span> <span class='ocrx_word' id='word_1_197' title='bbox 1497 1518 1658 1560; x_wconf 77' lang='lat' dir='ltr'>agrestis,</span> 
     </span>
     <span class='ocr_line' id='line_1_36' title="bbox 953 1568 1657 1611; baseline -0.004 -9"><span class='ocrx_word' id='word_1_198' title='bbox 953 1569 1067 1602; x_wconf 82' lang='lat' dir='ltr'>fronte</span> <span class='ocrx_word' id='word_1_199' title='bbox 1082 1576 1118 1602; x_wconf 88' lang='lat' dir='ltr'>et</span> <span class='ocrx_word' id='word_1_200' title='bbox 1139 1571 1252 1602; x_wconf 85' lang='lat' dir='ltr'>verbis</span> <span class='ocrx_word' id='word_1_201' title='bbox 1275 1570 1442 1611; x_wconf 79' lang='lat' dir='ltr'>asperior.</span> <span class='ocrx_word' id='word_1_202' title='bbox 1486 1568 1555 1600; x_wconf 87' lang='lat' dir='ltr'>Alii</span> <span class='ocrx_word' id='word_1_203' title='bbox 1561 1568 1657 1606; x_wconf 80' lang='lat' dir='ltr'>fron·</span> 
     </span>
     <span class='ocr_line' id='line_1_37' title="bbox 953 1616 1658 1659; baseline -0.004 -8"><span class='ocrx_word' id='word_1_204' title='bbox 953 1623 1016 1651; x_wconf 73' lang='lat' dir='ltr'>tem</span> <span class='ocrx_word' id='word_1_205' title='bbox 1031 1619 1180 1651; x_wconf 80' lang='lat' dir='ltr'>urbanam</span> <span class='ocrx_word' id='word_1_206' title='bbox 1196 1620 1470 1659; x_wconf 83' lang='lat' dir='ltr'>interpretantur</span> <span class='ocrx_word' id='word_1_207' title='bbox 1487 1616 1658 1658; x_wconf 80' lang='lat' dir='ltr'>perfricti-</span> 
     </span>
     <span class='ocr_line' id='line_1_38' title="bbox 954 1666 1657 1709; baseline -0.004 -8"><span class='ocrx_word' id='word_1_208' title='bbox 954 1679 1061 1709; x_wconf 90' lang='lat' dir='ltr'>orem,</span> <span class='ocrx_word' id='word_1_209' title='bbox 1076 1669 1306 1707; x_wconf 79' lang='lat' dir='ltr'>audaciorem,</span> <span class='ocrx_word' id='word_1_210' title='bbox 1327 1669 1436 1699; x_wconf 87' lang='lat' dir='ltr'>minus</span> <span class='ocrx_word' id='word_1_211' title='bbox 1457 1666 1657 1709; x_wconf 82' lang='lat' dir='ltr'>pudentem.</span> 
     </span>
     <span class='ocr_line' id='line_1_39' title="bbox 958 1717 1656 1760; baseline -0.004 -9"><span class='ocrx_word' id='word_1_212' title='bbox 958 1719 1066 1751; x_wconf 80' lang='lat' dir='ltr'>Favet</span> <span class='ocrx_word' id='word_1_213' title='bbox 1080 1719 1170 1760; x_wconf 89' lang='lat' dir='ltr'>quod</span> <span class='ocrx_word' id='word_1_214' title='bbox 1187 1729 1264 1750; x_wconf 90' lang='lat' dir='ltr'>mox</span> <span class='ocrx_word' id='word_1_215' title='bbox 1283 1718 1458 1760; x_wconf 80' lang='lat' dir='ltr'>sequitur:</span> <span class='ocrx_word' id='word_1_216' title='bbox 1481 1721 1491 1735; x_wconf 91' lang='lat'>‘</span> <span class='ocrx_word' id='word_1_217' title='bbox 1509 1717 1656 1759; x_wconf 85' lang='lat' dir='ltr'>Deposi-</span> 
     </span>
     <span class='ocr_line' id='line_1_40' title="bbox 956 1769 1228 1810; baseline -0.004 -9"><span class='ocrx_word' id='word_1_218' title='bbox 956 1773 1026 1801; x_wconf 90' lang='lat' dir='ltr'>tum</span> <span class='ocrx_word' id='word_1_219' title='bbox 1040 1769 1228 1810; x_wconf 87' lang='lat' dir='ltr'>pudorem.&#39;</span> 
     </span>
    </p>

    <p class='ocr_par' dir='ltr' id='par_1_18' title="bbox 954 1815 1658 2000">
     <span class='ocr_line' id='line_1_41' title="bbox 998 1815 1656 1859; baseline -0.005 -8"><span class='ocrx_word' id='word_1_220' title='bbox 998 1822 1040 1851; x_wconf 81' lang='lat'>12</span> <span class='ocrx_word' id='word_1_221' title='bbox 1066 1819 1157 1855; x_wconf 77' lang='lat' dir='ltr'>Quod</span> <span class='ocrx_word' id='word_1_222' title='bbox 1180 1819 1208 1850; x_wconf 85' lang='lat' dir='ltr'>si</span> <span class='ocrx_word' id='word_1_223' title='bbox 1231 1818 1421 1859; x_wconf 71' lang='lat' dir='ltr'>Depositum</span> <span class='ocrx_word' id='word_1_224' title='bbox 1441 1818 1563 1856; x_wconf 77' lang='lat' dir='ltr'>laudas,</span> <span class='ocrx_word' id='word_1_225' title='bbox 1583 1815 1656 1858; x_wconf 58' lang='grc' dir='ltr'>ξω]</span> 
     </span>
     <span class='ocr_line' id='line_1_42' title="bbox 954 1867 1657 1910; baseline -0.003 -10"><span class='ocrx_word' id='word_1_226' title='bbox 954 1869 990 1900; x_wconf 91' lang='lat' dir='ltr'>Si</span> <span class='ocrx_word' id='word_1_227' title='bbox 1020 1869 1138 1900; x_wconf 84' lang='lat' dir='ltr'>laudas</span> <span class='ocrx_word' id='word_1_228' title='bbox 1164 1869 1253 1910; x_wconf 88' lang='lat' dir='ltr'>quod</span> <span class='ocrx_word' id='word_1_229' title='bbox 1281 1868 1386 1900; x_wconf 84' lang='lat' dir='ltr'>malui</span> <span class='ocrx_word' id='word_1_230' title='bbox 1408 1867 1500 1909; x_wconf 79' lang='lat' dir='ltr'>apud</span> <span class='ocrx_word' id='word_1_231' title='bbox 1523 1871 1559 1899; x_wconf 86' lang='lat' dir='ltr'>te</span> <span class='ocrx_word' id='word_1_232' title='bbox 1584 1875 1657 1898; x_wconf 85' lang='lat' dir='ltr'>esse</span> 
     </span>
     <span class='ocr_line' id='line_1_43' title="bbox 955 1916 1658 1959; baseline -0.004 -8"><span class='ocrx_word' id='word_1_233' title='bbox 955 1918 1194 1959; x_wconf 80' lang='lat' dir='ltr'>confidentior,</span> <span class='ocrx_word' id='word_1_234' title='bbox 1212 1928 1312 1959; x_wconf 86' lang='lat' dir='ltr'>quam</span> <span class='ocrx_word' id='word_1_235' title='bbox 1329 1917 1438 1949; x_wconf 81' lang='lat' dir='ltr'>videri</span> <span class='ocrx_word' id='word_1_236' title='bbox 1454 1925 1574 1959; x_wconf 87' lang='lat' dir='ltr'>parum</span> <span class='ocrx_word' id='word_1_237' title='bbox 1589 1916 1658 1949; x_wconf 88' lang='lat' dir='ltr'>sin·</span> 
     </span>
     <span class='ocr_line' id='line_1_44' title="bbox 957 1967 1400 2000; baseline -0.002 -1"><span class='ocrx_word' id='word_1_238' title='bbox 957 1978 1055 2000; x_wconf 85' lang='lat' dir='ltr'>cerus</span> <span class='ocrx_word' id='word_1_239' title='bbox 1072 1978 1111 1999; x_wconf 84' lang='lat' dir='ltr'>ac</span> <span class='ocrx_word' id='word_1_240' title='bbox 1130 1967 1242 1999; x_wconf 84' lang='lat' dir='ltr'>fidelis</span> <span class='ocrx_word' id='word_1_241' title='bbox 1259 1967 1400 1999; x_wconf 84' lang='lat' dir='ltr'>amicus.</span> 
     </span>
    </p>
   </div>
   <div class='ocr_carea' id='block_1_13' title="bbox 725 2128 1138 2171">
    <p class='ocr_par' dir='ltr' id='par_1_19' title="bbox 725 2128 1138 2171">
     <span class='ocr_line' id='line_1_45' title="bbox 725 2128 1138 2171; baseline -0.005 0"><span class='ocrx_word' id='word_1_242' title='bbox 725 2128 1036 2171; x_wconf 87' lang='lat' dir='ltr'><strong>EPISTOLA</strong></span> <span class='ocrx_word' id='word_1_243' title='bbox 1071 2128 1138 2169; x_wconf 91' lang='lat' dir='ltr'>X.</span> 
     </span>
    </p>
   </div>
   <div class='ocr_carea' id='block_1_14' title="bbox 632 2237 1228 2269">
    <p class='ocr_par' dir='ltr' id='par_1_20' title="bbox 632 2237 1228 2269">
     <span class='ocr_line' id='line_1_46' title="bbox 632 2237 1228 2269; baseline 0 -1"><span class='ocrx_word' id='word_1_244' title='bbox 632 2238 700 2268; x_wconf 82' lang='lat' dir='ltr'>AD</span> <span class='ocrx_word' id='word_1_245' title='bbox 733 2238 931 2269; x_wconf 82' lang='lat' dir='ltr'><strong>FUSGUM</strong></span> <span class='ocrx_word' id='word_1_246' title='bbox 965 2237 1228 2268; x_wconf 78' lang='lat' dir='ltr'>ARrs&#39;rlUM.</span> 
     </span>
    </p>
   </div>
   <div class='ocr_carea' id='block_1_15' title="bbox 197 2312 1662 2728">
    <p class='ocr_par' dir='ltr' id='par_1_21' title="bbox 205 2312 1662 2409">
     <span class='ocr_line' id='line_1_47' title="bbox 205 2312 1662 2357; baseline -0.004 -8"><span class='ocrx_word' id='word_1_247' title='bbox 205 2317 295 2349; x_wconf 77' lang='lat' dir='ltr'>Mira</span> <span class='ocrx_word' id='word_1_248' title='bbox 312 2317 495 2348; x_wconf 75' lang='lat' dir='ltr'>rusticanae</span> <span class='ocrx_word' id='word_1_249' title='bbox 512 2321 616 2357; x_wconf 83' lang='lat' dir='ltr'>atque</span> <span class='ocrx_word' id='word_1_250' title='bbox 633 2315 754 2347; x_wconf 76' lang='lat' dir='ltr'>otiosae</span> <span class='ocrx_word' id='word_1_251' title='bbox 780 2316 860 2347; x_wconf 84' lang='lat' dir='ltr'>vitae</span> <span class='ocrx_word' id='word_1_252' title='bbox 882 2315 1064 2356; x_wconf 84' lang='lat' dir='ltr'>praeconia.</span> <span class='ocrx_word' id='word_1_253' title='bbox 1088 2314 1189 2346; x_wconf 78' lang='lat' dir='ltr'>Baxt.</span> <span class='ocrx_word' id='word_1_254' title='bbox 1231 2314 1362 2345; x_wconf 83' lang='lat' dir='ltr'>Fuscus</span> <span class='ocrx_word' id='word_1_255' title='bbox 1381 2312 1536 2352; x_wconf 82' lang='lat' dir='ltr'>Aristius,</span> <span class='ocrx_word' id='word_1_256' title='bbox 1554 2312 1662 2344; x_wconf 86' lang='lat' dir='ltr'>admi·</span> 
     </span>
     <span class='ocr_line' id='line_1_48' title="bbox 246 2366 1662 2409; baseline -0.004 -8"><span class='ocrx_word' id='word_1_257' title='bbox 246 2376 338 2402; x_wconf 84' lang='lat' dir='ltr'>rator</span> <span class='ocrx_word' id='word_1_258' title='bbox 354 2370 433 2401; x_wconf 84' lang='lat' dir='ltr'>vitae</span> <span class='ocrx_word' id='word_1_259' title='bbox 448 2369 598 2409; x_wconf 76' lang='lat' dir='ltr'>urbanae,</span> <span class='ocrx_word' id='word_1_260' title='bbox 615 2368 725 2400; x_wconf 85' lang='lat' dir='ltr'>minus</span> <span class='ocrx_word' id='word_1_261' title='bbox 746 2368 878 2399; x_wconf 83' lang='lat' dir='ltr'>alienus</span> <span class='ocrx_word' id='word_1_262' title='bbox 893 2377 966 2401; x_wconf 89' lang='lat' dir='ltr'>esse</span> <span class='ocrx_word' id='word_1_263' title='bbox 987 2367 1123 2399; x_wconf 88' lang='lat' dir='ltr'>videtur</span> <span class='ocrx_word' id='word_1_264' title='bbox 1139 2377 1160 2399; x_wconf 88' lang='lat' dir='ltr'>a</span> <span class='ocrx_word' id='word_1_265' title='bbox 1177 2366 1290 2399; x_wconf 90' lang='lat' dir='ltr'>studio</span> <span class='ocrx_word' id='word_1_266' title='bbox 1306 2367 1500 2398; x_wconf 84' lang='lat' dir='ltr'>divitiarum</span> <span class='ocrx_word' id='word_1_267' title='bbox 1524 2366 1662 2406; x_wconf 85' lang='lat' dir='ltr'>gratiae·</span> 
     </span>
    </p>

    <p class='ocr_par' dir='ltr' id='par_1_22' title="bbox 197 2418 1661 2568">
     <span class='ocr_line' id='line_1_49' title="bbox 197 2418 1661 2464; baseline -0.003 -9"><span class='ocrx_word' id='word_1_268' title='bbox 197 2458 200 2461; x_wconf 68' lang='grc'>,</span> <span class='ocrx_word' id='word_1_269' title='bbox 245 2432 312 2464; x_wconf 88' lang='lat' dir='ltr'>que</span> <span class='ocrx_word' id='word_1_270' title='bbox 328 2422 571 2464; x_wconf 83' lang='lat' dir='ltr'>potentiorum.</span> <span class='ocrx_word' id='word_1_271' title='bbox 615 2421 730 2454; x_wconf 83' lang='lat' dir='ltr'>Quare</span> <span class='ocrx_word' id='word_1_272' title='bbox 746 2420 845 2452; x_wconf 89' lang='lat' dir='ltr'>amici</span> <span class='ocrx_word' id='word_1_273' title='bbox 858 2420 968 2452; x_wconf 80' lang='lat' dir='ltr'>intimi</span> <span class='ocrx_word' id='word_1_274' title='bbox 990 2421 1108 2452; x_wconf 89' lang='lat' dir='ltr'>morbo</span> <span class='ocrx_word' id='word_1_275' title='bbox 1123 2420 1252 2452; x_wconf 83' lang='lat' dir='ltr'>mederi</span> <span class='ocrx_word' id='word_1_276' title='bbox 1267 2420 1393 2451; x_wconf 89' lang='lat' dir='ltr'>leuiter</span> <span class='ocrx_word' id='word_1_277' title='bbox 1408 2427 1445 2450; x_wconf 83' lang='lat' dir='ltr'>ac</span> <span class='ocrx_word' id='word_1_278' title='bbox 1469 2418 1661 2461; x_wconf 78' lang='lat' dir='ltr'>prudenter</span> 
     </span>
     <span class='ocr_line' id='line_1_50' title="bbox 199 2467 1661 2515; baseline -0.001 -11"><span class='ocrx_word' id='word_1_279' title='bbox 199 2502 201 2504; x_wconf 83' lang='lat'><em>.</em></span> <span class='ocrx_word' id='word_1_280' title='bbox 248 2474 363 2509; x_wconf 67' lang='lat' dir='ltr'>studet</span> <span class='ocrx_word' id='word_1_281' title='bbox 389 2474 553 2506; x_wconf 82' lang='lat' dir='ltr'>Horatius</span> <span class='ocrx_word' id='word_1_282' title='bbox 575 2474 637 2513; x_wconf 80' lang='lat' dir='ltr'>ita,</span> <span class='ocrx_word' id='word_1_283' title='bbox 657 2478 697 2506; x_wconf 91' lang='lat' dir='ltr'>ut</span> <span class='ocrx_word' id='word_1_284' title='bbox 721 2473 892 2514; x_wconf 80' lang='lat' dir='ltr'>ostendat,</span> <span class='ocrx_word' id='word_1_285' title='bbox 917 2474 997 2515; x_wconf 84' lang='lat' dir='ltr'>quid</span> <span class='ocrx_word' id='word_1_286' title='bbox 1022 2473 1163 2505; x_wconf 87' lang='lat' dir='ltr'>sibimet</span> <span class='ocrx_word' id='word_1_287' title='bbox 1182 2473 1247 2514; x_wconf 86' lang='lat' dir='ltr'>ipsi</span> <span class='ocrx_word' id='word_1_288' title='bbox 1273 2472 1316 2503; x_wconf 87' lang='lat' dir='ltr'>de</span> <span class='ocrx_word' id='word_1_289' title='bbox 1340 2472 1403 2503; x_wconf 86' lang='lat' dir='ltr'>hac</span> <span class='ocrx_word' id='word_1_290' title='bbox 1427 2480 1463 2502; x_wconf 85' lang='lat' dir='ltr'>re</span> <span class='ocrx_word' id='word_1_291' title='bbox 1489 2467 1661 2503; x_wconf 84' lang='lat' dir='ltr'>videatur.</span> 
     </span>
     <span class='ocr_line' id='line_1_51' title="bbox 248 2523 1659 2568; baseline -0.003 -9"><span class='ocrx_word' id='word_1_292' title='bbox 248 2527 379 2560; x_wconf 78' lang='lat' dir='ltr'>Scribit</span> <span class='ocrx_word' id='word_1_293' title='bbox 394 2527 497 2568; x_wconf 85' lang='lat' dir='ltr'>enim,</span> <span class='ocrx_word' id='word_1_294' title='bbox 511 2537 547 2559; x_wconf 87' lang='lat' dir='ltr'>se</span> <span class='ocrx_word' id='word_1_295' title='bbox 564 2527 634 2559; x_wconf 85' lang='lat' dir='ltr'>ruri</span> <span class='ocrx_word' id='word_1_296' title='bbox 649 2526 764 2567; x_wconf 77' lang='lat' dir='ltr'>paucis</span> <span class='ocrx_word' id='word_1_297' title='bbox 783 2526 886 2558; x_wconf 77' lang='lat' dir='ltr'>rebus</span> <span class='ocrx_word' id='word_1_298' title='bbox 904 2526 1066 2567; x_wconf 80' lang='lat' dir='ltr'>tenuique</span> <span class='ocrx_word' id='word_1_299' title='bbox 1082 2526 1176 2558; x_wconf 83' lang='lat' dir='ltr'>victu</span> <span class='ocrx_word' id='word_1_300' title='bbox 1191 2529 1390 2557; x_wconf 81' lang='lat' dir='ltr'>contentum</span> <span class='ocrx_word' id='word_1_301' title='bbox 1413 2524 1594 2565; x_wconf 68' lang='lat' dir='ltr'>laetumque</span> <span class='ocrx_word' id='word_1_302' title='bbox 1610 2523 1659 2555; x_wconf 86' lang='lat' dir='ltr'>vi-</span> 
     </span>
    </p>

    <p class='ocr_par' dir='ltr' id='par_1_23' title="bbox 221 2577 1660 2728">
     <span class='ocr_line' id='line_1_52' title="bbox 221 2577 1660 2622; baseline -0.001 -11"><span class='ocrx_word' id='word_1_303' title='bbox 221 2607 228 2611; x_wconf 83' lang='lat'><em>.</em></span> <span class='ocrx_word' id='word_1_304' title='bbox 249 2590 330 2612; x_wconf 83' lang='lat' dir='ltr'>vere</span> <span class='ocrx_word' id='word_1_305' title='bbox 344 2591 354 2613; x_wconf 73' lang='grc' dir='ltr'>ι</span> <span class='ocrx_word' id='word_1_306' title='bbox 376 2580 430 2611; x_wconf 85' lang='lat' dir='ltr'>hic</span> <span class='ocrx_word' id='word_1_307' title='bbox 445 2589 521 2612; x_wconf 75' lang='lat' dir='ltr'>esse</span> <span class='ocrx_word' id='word_1_308' title='bbox 536 2580 691 2622; x_wconf 86' lang='lat' dir='ltr'>hyemem</span> <span class='ocrx_word' id='word_1_309' title='bbox 708 2579 931 2621; x_wconf 83' lang='lat' dir='ltr'>tepidiorem3</span> <span class='ocrx_word' id='word_1_310' title='bbox 957 2589 1070 2610; x_wconf 83' lang='lat' dir='ltr'>auram</span> <span class='ocrx_word' id='word_1_311' title='bbox 1091 2589 1166 2620; x_wconf 82' lang='lat' dir='ltr'>quae</span> <span class='ocrx_word' id='word_1_312' title='bbox 1182 2578 1331 2610; x_wconf 84' lang='lat' dir='ltr'>calorem</span> <span class='ocrx_word' id='word_1_313' title='bbox 1347 2577 1474 2608; x_wconf 81' lang='lat' dir='ltr'>aestatls</span> <span class='ocrx_word' id='word_1_314' title='bbox 1489 2580 1660 2617; x_wconf 83' lang='lat' dir='ltr'>temperet</span> 
     </span>
     <span class='ocr_line' id='line_1_53' title="bbox 249 2629 1658 2673; baseline -0.004 -8"><span class='ocrx_word' id='word_1_315' title='bbox 249 2643 290 2666; x_wconf 82' lang='lat' dir='ltr'>ac</span> <span class='ocrx_word' id='word_1_316' title='bbox 303 2633 412 2665; x_wconf 81' lang='lat' dir='ltr'>leniat</span> <span class='ocrx_word' id='word_1_317' title='bbox 426 2633 631 2673; x_wconf 74' lang='lat' dir='ltr'>gratiorem3</span> <span class='ocrx_word' id='word_1_318' title='bbox 655 2642 808 2664; x_wconf 88' lang='lat' dir='ltr'>somnum</span> <span class='ocrx_word' id='word_1_319' title='bbox 825 2633 914 2664; x_wconf 87' lang='lat' dir='ltr'>curis</span> <span class='ocrx_word' id='word_1_320' title='bbox 929 2638 966 2663; x_wconf 90' lang='lat' dir='ltr'>et</span> <span class='ocrx_word' id='word_1_321' title='bbox 988 2631 1117 2662; x_wconf 79' lang='lat' dir='ltr'>invidia</span> <span class='ocrx_word' id='word_1_322' title='bbox 1133 2641 1199 2662; x_wconf 92' lang='lat' dir='ltr'>non</span> <span class='ocrx_word' id='word_1_323' title='bbox 1215 2629 1365 2669; x_wconf 81' lang='lat' dir='ltr'>turbari3</span> <span class='ocrx_word' id='word_1_324' title='bbox 1389 2629 1506 2660; x_wconf 83' lang='lat' dir='ltr'>herbas</span> <span class='ocrx_word' id='word_1_325' title='bbox 1522 2629 1658 2660; x_wconf 79' lang='lat' dir='ltr'>suavius</span> 
     </span>
     <span class='ocr_line' id='line_1_54' title="bbox 250 2681 1658 2728; baseline -0.003 -10"><span class='ocrx_word' id='word_1_326' title='bbox 250 2685 455 2728; x_wconf 79' lang='lat' dir='ltr'>pavimentis</span> <span class='ocrx_word' id='word_1_327' title='bbox 471 2685 655 2717; x_wconf 84' lang='lat' dir='ltr'>tessellatis</span> <span class='ocrx_word' id='word_1_328' title='bbox 671 2686 765 2718; x_wconf 89' lang='lat' dir='ltr'>urbis</span> <span class='ocrx_word' id='word_1_329' title='bbox 790 2687 906 2725; x_wconf 79' lang='lat' dir='ltr'>olere3</span> <span class='ocrx_word' id='word_1_330' title='bbox 928 2694 1048 2726; x_wconf 84' lang='lat' dir='ltr'>aquam</span> <span class='ocrx_word' id='word_1_331' title='bbox 1067 2685 1247 2726; x_wconf 87' lang='lat' dir='ltr'>puriorem·</span> <span class='ocrx_word' id='word_1_332' title='bbox 1263 2681 1370 2714; x_wconf 88' lang='lat' dir='ltr'>fluere</span> <span class='ocrx_word' id='word_1_333' title='bbox 1391 2692 1464 2714; x_wconf 89' lang='lat' dir='ltr'>cum</span> <span class='ocrx_word' id='word_1_334' title='bbox 1486 2690 1658 2714; x_wconf 85' lang='lat' dir='ltr'>murmure</span> 
     </span>
    </p>
   </div>
   <div class='ocr_carea' id='block_1_16' title="bbox 250 2734 1659 2834">
    <p class='ocr_par' dir='ltr' id='par_1_24' title="bbox 250 2734 1659 2834">
     <span class='ocr_line' id='line_1_55' title="bbox 251 2734 1659 2781; baseline -0.003 -11"><span class='ocrx_word' id='word_1_335' title='bbox 251 2746 362 2780; x_wconf 83' lang='lat' dir='ltr'>grato,</span> <span class='ocrx_word' id='word_1_336' title='bbox 377 2743 414 2771; x_wconf 85' lang='lat' dir='ltr'>et</span> <span class='ocrx_word' id='word_1_337' title='bbox 429 2745 648 2780; x_wconf 82' lang='lat' dir='ltr'>prospectum</span> <span class='ocrx_word' id='word_1_338' title='bbox 669 2740 704 2772; x_wconf 90' lang='lat' dir='ltr'>in</span> <span class='ocrx_word' id='word_1_339' title='bbox 729 2739 848 2781; x_wconf 83' lang='lat' dir='ltr'>longos</span> <span class='ocrx_word' id='word_1_340' title='bbox 872 2749 971 2780; x_wconf 85' lang='lat' dir='ltr'>agros</span> <span class='ocrx_word' id='word_1_341' title='bbox 995 2738 1151 2779; x_wconf 86' lang='lat' dir='ltr'>reperiri.</span> <span class='ocrx_word' id='word_1_342' title='bbox 1195 2737 1263 2770; x_wconf 83' lang='lat' dir='ltr'>Qui</span> <span class='ocrx_word' id='word_1_343' title='bbox 1285 2745 1364 2768; x_wconf 86' lang='lat' dir='ltr'>vero</span> <span class='ocrx_word' id='word_1_344' title='bbox 1388 2735 1514 2767; x_wconf 84' lang='lat' dir='ltr'>divitiis</span> <span class='ocrx_word' id='word_1_345' title='bbox 1526 2739 1563 2767; x_wconf 87' lang='lat' dir='ltr'>et</span> <span class='ocrx_word' id='word_1_346' title='bbox 1579 2734 1659 2766; x_wconf 80' lang='lat' dir='ltr'>vitae</span> 
     </span>
     <span class='ocr_line' id='line_1_56' title="bbox 250 2788 1659 2834; baseline -0.004 -10"><span class='ocrx_word' id='word_1_347' title='bbox 250 2792 431 2834; x_wconf 83' lang='lat' dir='ltr'>splendore</span> <span class='ocrx_word' id='word_1_348' title='bbox 461 2791 620 2832; x_wconf 87' lang='lat' dir='ltr'>ducatur,</span> <span class='ocrx_word' id='word_1_349' title='bbox 650 2802 727 2825; x_wconf 89' lang='lat' dir='ltr'>eum</span> <span class='ocrx_word' id='word_1_350' title='bbox 759 2793 803 2824; x_wconf 89' lang='lat' dir='ltr'>ob</span> <span class='ocrx_word' id='word_1_351' title='bbox 832 2791 978 2824; x_wconf 77' lang='lat' dir='ltr'>fortunae</span> <span class='ocrx_word' id='word_1_352' title='bbox 1005 2790 1267 2823; x_wconf 78' lang='lat' dir='ltr'>inconstantiam</span> <span class='ocrx_word' id='word_1_353' title='bbox 1293 2789 1402 2821; x_wconf 86' lang='lat' dir='ltr'>minus</span> <span class='ocrx_word' id='word_1_354' title='bbox 1429 2788 1659 2830; x_wconf 82' lang='lat' dir='ltr'>tranquillum,</span> 
     </span>
    </p>
   </div>
   <div class='ocr_carea' id='block_1_17' title="bbox 251 2845 821 2888">
    <p class='ocr_par' dir='ltr' id='par_1_25' title="bbox 251 2845 821 2888">
     <span class='ocr_line' id='line_1_57' title="bbox 251 2845 821 2888; baseline 0 -10"><span class='ocrx_word' id='word_1_355' title='bbox 251 2845 403 2887; x_wconf 77' lang='lat' dir='ltr'>beatum,</span> <span class='ocrx_word' id='word_1_356' title='bbox 415 2849 450 2878; x_wconf 85' lang='lat' dir='ltr'>et</span> <span class='ocrx_word' id='word_1_357' title='bbox 465 2845 607 2878; x_wconf 86' lang='lat' dir='ltr'>liberum</span> <span class='ocrx_word' id='word_1_358' title='bbox 623 2855 697 2878; x_wconf 82' lang='lat' dir='ltr'>esse</span> <span class='ocrx_word' id='word_1_359' title='bbox 710 2855 821 2888; x_wconf 79' lang='lat' dir='ltr'>posse.</span> 
     </span>
    </p>
   </div>
  </div>
 </body>
</html>
