1904 3256
582 301 856 333 cARMH-mm
891 304 986 335 mn.
1018 304 1084 333 iv.
1114 295 1157 334 5.

1517 294 1602 335 581

381 395 511 447 Quis,
532 394 773 439 Germania
787 411 901 452 quos
920 398 1100 441 horrida
1117 401 1322 454 parturit,

381 462 552 513 Foetus,
571 463 780 506 incolumi
801 465 981 508 Caesare
993 467 1013 507 ‘l
1043 467 1148 521 quis
1166 467 1274 509 ferae

551 530 732 572 Bellum
752 539 877 575 curet
895 534 1088 576 Iberiae'l

381 594 545 637 Condit
563 599 756 651 quisque
773 599 888 641 diem
911 601 1102 643 collibus
1122 602 1169 643 in
1190 603 1298 654 suis,

383 662 441 704 Et
459 664 595 705 vitem
614 665 773 707 viduas
789 666 914 709 ducit
930 668 988 710 ad
1004 670 1205 722 arbores;

1551 669 1609 711 30

381 728 502 772 Hinc
516 730 573 772 ad
594 732 698 774 vina
718 733 830 776 redit
848 736 995 785 laetus,
1017 740 1063 776 et
1083 737 1239 777 alteris

552 797 619 840 Te
637 802 804 843 mensis
823 801 1003 844 adhibet
1021 802 1191 845 Deum:

380 863 449 906 Te
468 865 610 908 multa
629 880 777 920 prece,
797 871 839 910 te
861 870 1144 923 prosequitur
1162 883 1285 912 mero

394 931 561 975 Defuso
577 935 770 988 pateris3
799 939 842 977 et
862 936 1052 979 Laribus
1072 940 1195 979 tuum

155 1062 279 1094 mnia?
297 1063 377 1100 Quis
388 1069 571 1106 expavescat
584 1066 663 1098 bella
673 1067 987 1108 Hispaniaeserocis?
1001 1069 1211 1111 unusquisque
1224 1069 1307 1100 diem
1311 1069 1393 1112 finit
1403 1068 1437 1099 in
1451 1067 1517 1098 suis
1527 1064 1614 1097 colli-

156 1104 326 1155 busmtqye
335 1107 431 1138 vitem
448 1110 580 1140 maritat
595 1109 698 1141 viduis
713 1110 895 1142 arboribus.-
911 1111 984 1143 inde
1001 1112 1113 1144 hilaris
1135 1113 1305 1144 revertitur
1322 1113 1362 1143 ad
1384 1119 1513 1150 camum,
1526 1112 1616 1148 tequ‘

154 1156 266 1180 numen
279 1153 403 1182 mooe-at
415 1152 531 1182 mensis
545 1153 689 1184 secundis
696 1163 708 1191 ;
724 1157 754 1184 te
764 1154 907 1194 pluribus
934 1154 1026 1195 votis,
1040 1158 1071 1186 te
1086 1155 1159 1187 vino
1172 1156 1211 1186 de
1220 1155 1392 1186 crateribus
1400 1153 1478 1193 fuso
1490 1151 1615 1190 celime

762 1238 782 1250 0
786 1238 903 1250 ‘Um‘
907 1238 941 1250 θ’
946 1237 1006 1251 ’δ’

156 1301 200 1331 26
221 1299 374 1339 Ουιιίιιε.
385 1300 518 1340 mallet,
537 1301 679 1341 parturit
691 1301 918 1334 horrida—2⁷
942 1303 1043 1335 Fetus
1056 1303 1136 1336 Jani
1153 1312 1196 1334 ex
1214 1302 1381 1343 Orthogr,
1397 1302 1474 1333 Lat.
1491 1299 1619 1332 Cellar.

158 1341 213 1372 od.
228 1341 366 1373 Harles.
383 1347 465 1373 tom.
481 1351 506 1373 ι.
522 1353 554 1382 p.
569 1346 646 1374 234.
661 1344 710 1375 ita
725 1353 862 1385 quoque
878 1346 1024 1376 Wetzel.
1041 1350 1078 1375 et
1094 1346 1324 1376 Μηδικὴ-28
1340 1344 1486 1375 Hiberiae
1502 1341 1617 1373 Bentl.

158 1388 194 1414 et
210 1383 313 1415 Kidd.
334 1405 338 1408 »
359 1384 440 1414 Vid.
454 1384 534 1414 Var.
555 1385 664 1416 Lectt.
691 1385 734 1415 ad
762 1394 788 1417 ι.
811 1388 866 1416 29.
895 1389 1034 1417 15.—3o
1061 1386 1108 1417 Ut
1130 1386 1227 1417 vitem
1251 1386 1343 1425 Lips.
1360 1388 1393 1416 2.
1409 1394 1428 1415 a
1445 1393 1489 1415 m.
1505 1393 1619 1414 see.—

159 1427 199 1456 31
224 1425 295 1456 Pro
330 1426 424 1465 redit,
462 1425 547 1456 venie
569 1427 762 1459 Comment-
787 1427 944 1467 Cruquii,
974 1427 1104 1468 aliquot
1134 1428 1253 1459 Lamb.
1285 1426 1467 1458 Pulmanni
1502 1425 1620 1458 Hunn-

158 1467 309 1499 Bentleii
324 1467 441 1499 (ἂι-ων.
458 1468 581 1508 Regin.
596 1474 633 1499 et
647 1468 747 1500 Bodl.
765 1471 794 1501 1.
818 1469 911 1510 Lips.
925 1472 959 1501 4.
984 1469 1057 1501 Alt.
1074 1473 1106 1501 1.
1132 1474 1168 1502 et
1194 1470 1243 1501 sic
1261 1470 1376 1501 Bentl.
1392 1468 1479 1500 eun.
1491 1467 1619 1498 Sanad.

157 1510 307 1549 Towers,
321 1508 456 1542 Wakef.
471 1515 507 1541 et
523 1510 630 1543 Kidd.
653 1511 734 1552 quia
757 1515 923 1552 putarunt
946 1512 1023 1543 VV.
1038 1513 1123 1544 DD.
1150 1522 1218 1544 non
1246 1512 1360 1544 redire
1383 1511 1427 1543 ad
1448 1511 1540 1548 vina,
1556 1509 1621 1541 nisi

160 1551 216 1593 qui
233 1552 307 1591 jam
330 1557 411 1584 ante
430 1552 568 1584 biberit.
612 1553 622 1571 ‘
637 1554 818 1596 Tanquam
835 1564 900 1586 non
917 1554 1116 1586 suavissime
1131 1555 1280 1593 dicatur,
1294 1555 1351 1596 qui
1369 1554 1460 1585 diem
1476 1553 1510 1584 in
1525 1552 1620 1584 colli-

159 1594 222 1626 bus
238 1596 307 1626 suis
321 1594 487 1635 condidit,
502 1596 636 1636 vesperi
652 1595 733 1628 inde
748 1596 853 1628 redire
867 1598 1002 1637 domum,
1019 1597 1063 1629 ad
1081 1597 1169 1629 vina.
1194 1597 1286 1631 Quid
1303 1607 1369 1629 non
1386 1596 1510 1628 critica
1525 1595 1621 1634 cogis

161 1643 316 1678 pectora,
329 1637 493 1669 novitatis
509 1638 633 1670 amor!’
655 1639 746 1671 Jani.
790 1640 875 1671 vehit
893 1640 986 1680 Lips.
1002 1643 1035 1672 3.
1047 1640 1138 1671 haud
1155 1640 1259 1672 dubie
1281 1649 1325 1671 ex
1341 1639 1528 1672 venit—34
1545 1637 1622 1676 Dis—

155 1678 232 1718 fuso
251 1680 404 1712 nonnulli
427 1679 528 1712 codd.
557 1680 729 1722 Lambini,
742 1681 811 1713 duo
831 1682 980 1715 Blandd.
1003 1683 1160 1724 Cruquii,
1182 1692 1269 1714 unus
1285 1682 1419 1714 Bersm.
1437 1680 1623 1712 Pulmanui

818 1768 966 1800 NOTAE

203 1833 247 1863 26
270 1830 364 1871 Quis,
381 1830 555 1862 Germania
566 1841 651 1872 quoe,
666 1830 738 1872 ξω]
774 1830 864 1862 vide

161 1883 254 1915 Flor.
293 1892 346 1915 lv.
384 1885 436 1914 12.
479 1883 489 1900 ‘
515 1882 655 1914 Domnit
691 1882 866 1924 Usipetes,

161 1933 390 1973 Tenctheros,
406 1933 528 1965 Cattos
545 1955 553 1965 .
567 1954 575 1962 .
587 1956 596 1965 .
608 1954 616 1964 .
632 1932 712 1964 inde
729 1932 866 1964 validis·

164 1983 265 2015 simas
295 1982 464 2023 nationes,
494 1982 698 2023 choi-uscos,
725 1982 868 2023 Suevos,

162 2031 370 2072 Sicambros,
397 2033 451 2064 &c
454 2052 566 2065 .....
582 2031 634 2064 Ea
660 2032 809 2074 denique
833 2032 867 2063 in

166 2082 352 2115 Germania
367 2091 434 2122 pax
458 2086 546 2122 erat,
569 2088 607 2114 nt
626 2082 750 2114 mutati
763 2083 868 2114 homi-

167 2142 238 2173 nes,
253 2134 320 2164 alia
335 2137 428 2164 terra
443 2132 666 2164 viderentur!

210 2181 373 2223 Horrida]
407 2182 486 2214 Sive
503 2182 546 2214 ob
563 2192 674 2214 mores
693 2182 869 2224 barbaros,

167 2234 240 2265 sive
255 2232 300 2264 ob
315 2231 534 2273 praegrandes
550 2232 653 2272 viros,
668 2235 704 2264 et
719 2232 871 2273 ingentia

167 2293 310 2326 corpora
334 2284 596 2316 Germanorum.
616 2283 744 2316 Caesar.
770 2283 872 2315 Com·

167 2340 273 2368 ment.
301 2335 414 2368 Tacit.
443 2334 487 2366 de
509 2334 664 2367 Moribus
687 2335 873 2367 Germano-

168 2395 254 2419 rum.
269 2385 449 2427 Plutarch.
466 2386 531 2417 ὅτε.

209 2438 253 2468 28
284 2435 412 2476 steria]
450 2435 505 2466 Ab
537 2434 640 2466 Ibero
669 2433 727 2466 flu.
757 2434 872 2466 Iberia

169 2487 280 2519 dicta:
306 2490 361 2518 est
377 2485 555 2526 Hispaniae
574 2495 668 2526 pars,
681 2491 718 2517 et
733 2495 796 2527 per
809 2486 870 2526 Sy-

169 2536 269 2569 necd.
283 2541 357 2569 tota
371 2537 420 2567 sic
443 2540 596 2567 vocatur.
640 2536 730 2568 Vide
745 2545 786 2567 ιι.
803 2535 871 2567 Od.

170 2587 224 2618 80.
237 2588 293 2618 20.
337 2586 431 2617 Flor.
448 2594 526 2617 mox
547 2584 608 2617 cit.
634 2586 644 2603 ‘
657 2591 782 2625 pacata
797 2585 871 2617 fere

172 2637 278 2668 omnis
312 2635 505 2678 Hispania,'
532 2637 598 2667 &c.
644 2635 690 2667 Et
725 2641 872 2677 postea:

174 2689 183 2703 ‘
196 2683 265 2717 Hie
277 2685 353 2718 finis
368 2685 526 2728 Angusto
540 2686 743 2718 bellicorum
763 2689 872 2718 certa-

175 2733 302 2767 mim
329 2735 415 2768 fuit:
445 2736 535 2768 idem
573 2734 764 2768 rebellandi
795 2734 873 2767 finis

179 2783 378 2825 Hispania?
393 2786 454 2818 &e.

219 2836 264 2868 29
287 2833 404 2865 Condit
427 2835 553 2877 quisque
575 2836 669 2878 diem,
690 2836 761 2877 ξω]
786 2835 874 2868 Arat

919 1831 1071 1873 colitque
1087 1841 1184 1872 agros
1199 1841 1278 1863 suos
1294 1830 1452 1872 quisque,
1474 1833 1511 1861 et
1527 1830 1625 1870 operi

919 1886 1022 1914 vacat
1044 1882 1185 1918 rustico,
1206 1890 1226 1912 a
1249 1889 1349 1912 mane
1371 1879 1414 1911 ad
1437 1887 1625 1920 vesperam,

920 1932 992 1964 sine
1022 1932 1091 1963 ullo
1115 1936 1210 1963 metu
1236 1930 1362 1962 hostili.
1405 1929 1531 1970 Virgil.
1551 1929 1625 1961 Ecl.

919 1991 969 2015 lx.
993 1982 1003 2000 ‘
1020 1982 1201 2015 Cantando
1230 1990 1374 2024 puerum
1406 1979 1545 2012 memini
1571 1989 1626 2011 me

921 2032 1070 2065 condere
1087 2031 1202 2064 soles!

964 2085 1005 2114 31
1029 2081 1154 2114 Alteris
1176 2082 1219 2113 Te
1233 2081 1348 2113 mensis
1361 2079 1486 2112 adhibet
1504 2079 1626 2120 Deum]

922 2133 976 2164 Ex
986 2133 1292 2165 Senatusconsulto
1308 2136 1446 2163 cautum
1458 2130 1524 2162 fuit
1537 2135 1574 2161 ut
1591 2130 1626 2161 in

922 2182 1090 2214 conviviis
1113 2186 1186 2214 tum
1208 2181 1355 2223 publicis
1379 2186 1451 2213 tum
1481 2180 1627 2222 privatis

923 2231 1083 2273 Augusto
1097 2232 1141 2264 ab
1159 2231 1316 2263 omnibus
1332 2230 1510 2262 libaretur.
1556 2229 1627 2262 Dio

924 2282 985 2314 lib.
998 2291 1030 2314 ι..
1047 2282 1083 2314 Is
1103 2291 1226 2322 nempe
1240 2290 1312 2312 mos
1323 2280 1414 2322 apud
1430 2285 1577 2319 veteres,
1591 2284 1630 2309 ut

925 2338 1057 2363 remota
1084 2331 1192 2372 prima
1219 2340 1350 2371 mensa,
1380 2339 1455 2372 quae
1473 2329 1627 2361 ciborum

925 2390 985 2412 sen
999 2381 1151 2414 carnium
1175 2386 1266 2420 erat,
1282 2380 1433 2412 secunda
1448 2379 1628 2411 adhibere-

925 2436 982 2463 tur
997 2431 1168 2463 fructibus
1185 2437 1222 2462 et
1236 2430 1387 2462 bellariis
1399 2435 1536 2470 onusta,
1551 2438 1628 2460 cum

924 2482 1192 2524 exquisitissimo
1208 2482 1300 2520 vino,
1321 2490 1341 2512 e
1357 2490 1423 2521 quo
1438 2479 1568 2510 fiebant
1589 2478 1628 2509 li-

925 2533 1095 2572 bationes,
1115 2531 1288 2572 adjunctis
1315 2530 1488 2571 precibus,
1514 2530 1549 2559 in
1571 2529 1629 2560 ho-

925 2592 1045 2614 norem
1062 2578 1227 2612 Deorum.
1250 2578 1339 2610 Vide
1355 2578 1479 2619 Virgil.
1495 2577 1629 2610 AEneid.

927 2641 953 2664 1.
978 2633 1054 2662 727.
1079 2635 1115 2661 et
1141 2631 1218 2662 ⁷35.
1241 2634 1277 2660 et
1300 2627 1434 2660 AEneid.
1453 2637 1536 2660 vin.
1552 2630 1629 2660 283.

926 2690 1059 2713 necnon
1073 2680 1203 2720 Geor-g.
1217 2688 1259 2711 ιι.
1273 2681 1348 2711 101.

970 2732 1013 2762 34
1038 2728 1189 2770 Laribus]
1216 2728 1291 2760 Diis
1303 2728 1446 2770 Imperii
1459 2729 1629 2761 Tutelari-

927 2781 991 2815 bus
1008 2780 1150 2823 perinde
1165 2789 1205 2812 ae
1217 2779 1342 2812 aedium
1357 2780 1579 2822 privatarum.

974 2832 1072 2866 Tuum
1096 2831 1214 2865 Miscet
1235 2830 1363 2872 numen]
1399 2831 1516 2874 Teque
1541 2831 1628 2863 adeo
