1890 3256
354 270 463 311 1124
817 280 859 315 Q.
889 277 1095 307 nonxru
1130 275 1299 304 FLAcm

354 372 472 412 Dum
492 374 657 423 septem
677 371 811 411 donat
831 369 1042 416 sestertia,
1062 370 1209 408 mutua
1227 371 1394 420 septem
1719 365 1775 410 80

354 436 591 485 Promittit‚
609 435 837 488 persuadet
857 434 918 474 uti
937 436 1149 473 mercetur
1166 432 1366 482 agellum.

355 500 599 542 Mercatur:
628 514 679 541 ne
701 505 742 540 te
761 499 903 551 longis
925 498 1181 549 ambagibus
1201 497 1314 537 ultra

357 566 505 616 Quam
525 567 634 607 satis
654 570 721 605 est
739 576 894 612 morer,
914 575 971 603 ex
989 562 1127 603 nitido
1147 562 1197 602 fit
1216 562 1415 612 rusticus,
1436 566 1565 616 atque

357 631 517 671 Sulcos
538 635 579 670 et
600 631 740 671 vineta
761 633 907 682 crepat
924 641 1056 677 mera,
1077 633 1299 681 praeparat
1318 628 1470 678 ulmos,

356 695 601 736 Immoritur
621 694 792 743 studiis,
814 699 858 736 et
877 707 1026 735 amore
1049 694 1236 734 senescit
1254 688 1454 733 habendi.
1723 691 1779 735 ,85

355 759 520 799 Verum
534 761 609 800 ubi
630 773 735 800 oves
754 760 881 809 furto,
901 760 1052 800 morbo
1074 760 1237 812 periere
1257 758 1458 810 capellae,

358 826 494 878 Spem
515 825 692 865 mentita
713 837 851 876 seges,
871 825 951 864 bos
973 829 1041 864 est
1058 828 1232 864 enectus
1259 823 1446 874 arand03

359 890 562 930 Offensus
581 889 765 938 damnis,
786 889 930 929 media
949 889 1004 929 de
1024 894 1150 929 nocte
1167 888 1388 928 caballum

357 955 537 1008 Arripit,
558 955 778 1006 iratusque
800 954 994 1006 Philippi
1014 954 1151 994 tendit
1171 954 1226 994 ad
1244 954 1377 994 aedes.

360 1019 503 1069 Quem
521 1019 648 1059 simul
668 1018 844 1070 aspexit
865 1019 1067 1058 scabrum
1093 1018 1396 1069 intonsumque
1419 1017 1668 1070 Philippus,
1725 1018 1781 1059 90

361 1085 526 1133 Durus,
547 1085 620 1132 ait,
645 1083 808 1131 Vultei,
828 1083 953 1122 nimis
975 1086 1247 1134 attentusque
1266 1082 1427 1122 videris

360 1149 471 1190 Esse
492 1149 610 1189 mihi.
669 1148 767 1197 Pol,
788 1160 855 1187 me
873 1148 1092 1196 miserum,
1114 1152 1312 1201 patrone,
1333 1159 1528 1198 vocares,

361 1214 410 1254 Si
431 1214 583 1263 velles,
600 1213 754 1265 inquit,
776 1225 924 1253 verum
945 1213 1049 1253 mihi
1070 1225 1232 1265 ponere
1251 1225 1419 1253 nomen.
1459 1246 1465 1253 .

361 1380 558 1420 undequaque
577 1381 744 1421 perquirit,
765 1381 908 1412 sestertia
927 1383 1041 1421 septem
1057 1380 1203 1419 largitur,
1226 1381 1346 1420 aliaque
1367 1383 1481 1420 septem
1495 1381 1682 1412 commodare
1696 1389 1786 1420 spon-

361 1422 413 1451 det
427 1423 592 1461 suadetque
605 1427 638 1453 ut
654 1426 734 1452 emat
755 1422 943 1462 praediolum.
980 1422 1122 1452 Vulteius
1135 1422 1220 1452 emit.
1264 1421 1312 1452 Ac
1326 1432 1362 1452 ne
1378 1426 1409 1452 te
1422 1423 1542 1461 prolixo
1555 1431 1691 1453 sermone
1704 1424 1785 1461 ptus-

361 1462 461 1492 culum
475 1463 638 1501 detineam,
660 1465 698 1493 de
718 1463 835 1498 homine
857 1463 951 1502 polito
964 1463 1010 1504 fit
1024 1462 1181 1501 πετραία,-
1203 1465 1234 1494 et
1246 1463 1317 1492 dein
1332 1463 1467 1502 loquitur
1487 1465 1583 1494 solum
1594 1464 1632 1494 de
1645 1463 1736 1493 salcis
1751 1472 1787 1492 m:

361 1502 493 1534 vinetis.-
514 1504 637 1535 arbores
650 1505 804 1543 disponit5
826 1507 958 1535 macerat
970 1514 1001 1534 se
1016 1504 1109 1538 curis,
1123 1507 1153 1534 et
1169 1503 1202 1534 in
1213 1503 1381 1543 cupiditate
1395 1504 1567 1543 possidendi
1581 1504 1786 1540 inveterascit.

362 1542 408 1573 At
422 1553 489 1574 cum
502 1545 591 1584 coepit
605 1555 673 1576 oves
687 1547 789 1582 furto,
802 1549 832 1576 et
847 1555 953 1584 capros
967 1545 1067 1575 morbo
1089 1546 1214 1584 perdere
1226 1554 1238 1581 ‚·
1259 1555 1326 1575 cum
1340 1546 1445 1576 messis
1458 1555 1540 1586 spem
1552 1546 1684 1584 fefellit,
1699 1545 1787 1575 boves

362 1587 464 1615 autem
479 1587 595 1616 arundo
610 1586 739 1622 confecti
751 1590 842 1622 sunt;
864 1590 928 1616 tum
940 1586 1075 1623 ,iacturis
1096 1587 1261 1624 perculsus,
1275 1590 1363 1616 nocte
1386 1587 1487 1618 inedia
1506 1587 1656 1617 inscendit
1669 1594 1788 1624 equum.

361 1624 518 1666 iratusque
531 1628 571 1657 ad
586 1627 726 1667 Philippi
740 1629 862 1657 domum
880 1630 1035 1666 properat.
1081 1627 1174 1657 Hunc
1191 1626 1355 1666 Philippus
1375 1628 1548 1667 squalidum
1561 1636 1684 1658 cernens
1698 1629 1788 1666 atque

363 1666 538 1706 horr-idum,
552 1668 634 1699 dixit
644 1679 654 1699 .·
680 1669 782 1700 Vultei
796 1669 887 1699 nimis
903 1672 933 1699 te
947 1668 1128 1699 laboriosum
1142 1671 1173 1698 et
1187 1669 1314 1698 anxium
1332 1668 1432 1700 video.
1462 1669 1600 1700 Vulteius
1613 1669 1790 1708 respoudit:

367 1707 459 1740 Certe
473 1710 615 1740 miserum
628 1710 802 1750 appellabis,
815 1721 832 1740 o
840 1714 979 1749 patrone,
994 1710 1022 1740 si
1036 1719 1104 1740 vere
1115 1718 1161 1740 me
1170 1711 1326 1740 nominare
1339 1710 1469 1741 volaeaeris
1480 1721 1491 1741 .·
1505 1710 1644 1751 quocirca
1655 1709 1744 1741 enixe
1757 1711 1789 1741 te

959 1822 1191 1835 0‘0000000000

366 1904 460 1935 etiam
475 1909 668 1938 certum—81
689 1907 919 1938 Schoenborn.
940 1910 971 1937 4.
994 1907 1043 1937 vel
1056 1907 1260 1936 suadem-82
1280 1903 1507 1936 Schoenborn.
1521 1906 1554 1933 3.
1579 1903 1627 1934 Ne
1641 1903 1740 1941 longia
1758 1906 1790 1934 te

365 1945 635 1984 arnbagibus.—85
645 1947 727 1986 (Spes
741 1948 872 1977 mentita
889 1947 1070 1977 Barberin.
1085 1949 1203 1977 2.-89
1224 1945 1450 1976 Schoenborn.
1467 1947 1497 1974 3.
1519 1944 1617 1974 tendit
1630 1945 1670 1974 ad
1683 1945 1789 1974 «edem.

365 1989 449 2017 -93
463 1987 556 2018 Vatt.
570 1990 683 2018 2.4.6.
694 1990 908 2019 7.12.14.16.
945 1989 1026 2018 Vat.
1042 1988 1139 2018 Rom.
1152 1990 1181 2018 1.
1203 1997 1222 2017 a
1237 1996 1280 2018 m.
1295 1996 1346 2025 pr.
1361 1986 1442 2017 Vat.
1457 1986 1552 2016 Rom.
1567 1988 1599 2016 6.
1635 1984 1790 2024 Angelin.

368 2030 399 2057 3.
414 2027 590 2059 Barberin.
605 2031 636 2059 2.
653 2034 689 2059 et
704 2029 857 2060 Vanicel.
873 2031 904 2060 1.
916 2038 1027 2069 ponere
1042 2038 1170 2064 nomem
1185 2029 1194 2045 ‘
1207 2029 1254 2058 ita
1269 2028 1325 2057 alii
1340 2027 1424 2058 Mss.
1441 2026 1530 2066 apud
1547 2026 1662 2057 Lamb.
1678 2026 1791 2057 Pulm.

367 2068 472 2109 Cruq.
486 2070 582 2100 Talb.
596 2070 672 2100 Val.
688 2076 840 2101 notatum
860 2071 893 2101 in
916 2079 975 2100 ora
993 2069 1150 2100 editionis
1166 2069 1245 2099 Aldi
1262 2071 1355 2100 1501.
1371 2069 1405 2099 in
1421 2069 1510 2099 Bibl.
1524 2069 1602 2098 Vat.
1619 2068 1792 2098 revocavit

366 2109 400 2140 in
429 2115 558 2141 textum
586 2111 775 2148 Lambinus,
801 2112 878 2142 inde
905 2112 1008 2151 Cruq.
1023 2111 1118 2141 Τοιϊ.
1133 2110 1231 2141 Tau).
1246 2110 1359 2141 Bentl.
1382 2111 1483 2140 Baxt.
1500 2117 1679 2149 anonymus
1694 2111 1789 2140 1713.

368 2151 454 2182 Cun.
470 2152 549 2184 San.
562 2152 709 2183 Mervill.
725 2153 872 2192 Sandby‚
885 2153 988 2185 Gesn.
1003 2153 1076 2182 Val.
1092 2152 1234 2191 Dorigh.
1250 2151 1367 2182 Oberl.
1385 2151 1523 2187 Combe,
1535 2149 1670 2182 Wakef.
1681 2150 1790 2180 Wetz.

367 2198 403 2222 et
419 2192 524 2223 Zeun.
571 2194 648 2224 vid.
664 2203 689 2225 1.
706 2196 774 2226 Sat.
791 2199 820 2226 3.
834 2197 887 2226 42.
914 2194 967 2225 ΑΙ.
981 2194 1082 2225 dicere
1097 2202 1201 2224 nornen
1215 2193 1247 2222 in
1265 2193 1338 2223 aliis
1353 2193 1434 2223 Mss.
1449 2199 1484 2223 et
1503 2192 1620 2232 priscis
1634 2191 1790 2222 editioni·

367 2232 441 2272 bus,
465 2243 507 2264 ex
531 2235 727 2274 glossemate
751 2235 908 2267 videtur!
933 2236 1008 2273 Feci²
1049 2239 1164 2266 rectum
1188 2233 1263 2264 mihi
1282 2243 1393 2273 ponere
1416 2234 1494 2264 Vat.
1521 2234 1614 2264 Ronn.
1629 2236 1659 2264 7.
1702 2233 1789 2264 Vide

368 2274 447 2306 Nic.
464 2275 582 2307 Heius.
609 2277 650 2308 ad
677 2277 778 2308 Ovid.
805 2278 897 2309 Fast.
917 2286 951 2309 v.
975 2279 1028 2308 73.
1051 2277 1153 2307 dicere
1172 2283 1278 2306 nomen
1293 2275 1394 2306 etiam
1410 2275 1507 2306 Harl.
1525 2277 1553 2306 1.
1570 2277 1600 2305 4.
1614 2276 1646 2304 6.
1662 2278 1696 2304 et
1711 2273 1790 2308 Vet.

1009 2389 1154 2424 NOTAE

410 2464 451 2493 80
474 2460 597 2504 Septem
623 2456 779 2505 sestertia]
811 2465 966 2505 Poetice,
993 2473 1054 2506 pro
1109 2461 1298 2495 tentandas.
1772 2498 1775 2500 ,

367 2517 498 2552 septem
513 2513 618 2544 millia
632 2514 835 2545 sestertium.
876 2515 951 2546 Nec
967 2514 1055 2546 enim
1150 2517 1192 2546 89
1207 2514 1366 2552 Iratusque
1380 2511 1517 2552 Philippi
1532 2509 1631 2542 tendit
1644 2510 1685 2542 aa
1692 2510 1789 2552 πάθε]

369 2561 497 2600 agellus
512 2566 641 2602 septem
658 2567 716 2594 aut
731 2563 831 2594 etiam
852 2563 1056 2605 quatuorde-
1108 2563 1196 2603 Ergo
1202 2561 1271 2602 jam
1286 2554 1442 2590 Vulteius
1457 2560 1553 2590 haino
1580 2564 1699 2600 captus
1715 2561 1789 2601 ejus

370 2610 434 2639 cim
456 2611 596 2642 nummis
619 2612 786 2644 sestertiis
809 2613 875 2644 emi
901 2617 1054 2654 poterat:
1108 2612 1258 2643 aculeum
1271 2609 1392 2641 sentit:
1416 2609 1593 2649 Philippus
1605 2613 1717 2640 autem
1732 2618 1791 2650 pa-

369 2662 407 2687 ut
438 2658 520 2689 bene
556 2664 707 2692 statuunt
745 2662 888 2693 Budaeus
924 2667 959 2693 et
987 2662 1053 2692 alii.
1108 2659 1272 2703 ratoinde
1293 2658 1356 2690 sibi
1379 2658 1523 2689 ludibrio
1544 2657 1669 2697 gaudet
1683 2663 1718 2690 et
1733 2657 1789 2690 ob-

370 2705 458 2735 Vide
476 2714 592 2746 postea
607 2718 645 2739 11.
661 2710 770 2749 Epist.
785 2713 817 2741 2.
831 2713 881 2741 33.
1106 2708 1263 2740 lectatur.

413 2757 453 2786 84
477 2757 636 2795 Praeparat
660 2760 770 2798 ulmos]
797 2759 849 2790 Ad
878 2759 962 2791 vites
984 2769 1055 2790 sus-
1148 2760 1188 2789 92
1212 2757 1287 2797 Pol]
1312 2756 1352 2787 td
1369 2762 1432 2795 est,
1446 2764 1506 2796 per
1522 2755 1706 2786 Pollucem.
