1904 3256
420 287 503 328 768

882 301 924 335 Q.
958 297 1164 327 noum-1¹
1200 285 1383 326 FuAccr'

418 391 544 431 Solos
559 391 711 431 felices
734 391 926 430 viventes
947 389 1105 429 clamat
1123 390 1166 429 in
1187 390 1304 431 urbe.

418 456 572 496 Cetera
589 456 640 495 de
657 466 807 507 genere
827 453 908 493 hoc
927 452 1062 506 (adeo
1082 459 1184 495 sunt
1201 455 1352 505 multa)
1368 455 1596 509 loquacem

418 520 653 562 Delassare
675 519 817 558 valent
838 517 1044 559 Fabium:
1074 532 1128 558 ne
1146 524 1190 559 te
1212 532 1364 571 morer,
1386 521 1490 562 audi

420 585 519 636 Quo
539 597 625 624 rem
645 582 869 623 deducam.
927 583 975 623 Si
995 585 1094 636 quis
1116 585 1255 635 Deus,
1277 585 1342 626 En
1362 600 1457 639 ego,
1479 587 1612 638 dicat,

1784 589 1838 630 15

417 651 445 691 J
450 663 517 690 am
539 648 695 689 faciam
715 648 835 701 quod
856 649 1009 690 vultis:
1040 651 1124 690 eris
1143 655 1202 700 tu,
1224 653 1299 705 qui
1318 653 1447 694 modo
1464 653 1602 703 miles,

419 715 658 756 Mercator:
687 716 748 763 tu,
768 714 995 756 consultus
1014 717 1161 767 modo,
1177 718 1365 759 rusticus
1382 734 1391 758 ε
1423 719 1524 760 hinc
1545 732 1640 770 vos,

418 779 514 819 Vos
533 779 648 828 hinc,
667 779 845 820 mutatis
865 781 1072 822 discedite
1091 784 1302 835 partibus.

420 844 540 894 Quid
559 844 683 884 statis
695 845 714 883 'l
761 844 925 886 Nolint.

1359 785 1458 834 Eia,

984 846 1122 900 Atqui
1143 849 1246 890 licet
1265 861 1362 890 esse
1382 849 1538 890 beatis.

419 909 539 959 Quid
560 922 711 950 causae
731 914 812 960 est,
831 912 985 953 merito
1006 914 1106 966 quin
1128 915 1215 955 illis
1233 914 1411 968 Jupiter
1430 915 1582 956 ambas

1781 916 1838 957 20

415 1035 499 1066 dicat
521 1034 623 1066 beatos
647 1036 682 1066 in
703 1035 828 1066 civitate
848 1036 1003 1074 degentes.
1050 1035 1176 1076 Reliqua
1190 1036 1334 1075 ejusnwdi
1353 1039 1417 1067 tam
1436 1037 1531 1067 multa
1550 1039 1632 1075 mne,
1646 1039 1682 1068 ut
1694 1035 1840 1075 fatigare

415 1080 527 1116 queant
540 1077 696 1108 verbosum
710 1077 853 1108 Fabium.
897 1077 947 1107 Ne
968 1080 997 1107 te
1017 1079 1181 1115 retardem,
1199 1077 1273 1107 audi
1287 1087 1343 1116 quo
1357 1078 1490 1108 tendam.
1532 1077 1568 1109 ss·
1589 1087 1698 1109 numen
1718 1077 1840 1117 aliquod

417 1119 500 1148 dicat
510 1128 521 1149 .-
545 1119 624 1149 Ecce
637 1128 693 1157 ego
705 1119 857 1159 praestabo
872 1119 956 1148 modo
972 1120 1050 1158 quod
1065 1119 1263 1149 desideratis.-
1278 1121 1313 1148 tu
1327 1119 1379 1157 qui
1393 1119 1479 1149 miles
1491 1127 1561 1150 eras
1574 1122 1677 1158 antea,
1689 1119 1749 1149 sies
1763 1128 1841 1149 mer-

416 1163 502 1189 eaeor
512 1169 523 1190 .·
545 1163 580 1191 tu
593 1159 890 1200 durisperitus,jam
905 1159 966 1190 eris
977 1159 1124 1198 agricola.
1172 1159 1232 1190 Vos
1254 1159 1353 1198 illinc,
1364 1169 1418 1190 vos
1431 1159 1522 1190 istinc
1540 1160 1634 1198 abite,
1649 1159 1778 1190 mutatio
1791 1159 1840 1189 υἰ-

415 1201 506 1231 vendi
519 1201 685 1232 institutis.
729 1202 790 1232 Eia
803 1211 857 1232 cur·
876 1199 1087 1232 cunctamini?
1130 1200 1176 1232 At
1190 1201 1239 1231 iui
1253 1200 1394 1231 abnuent.
1444 1201 1656 1232 Verumtamen
1666 1200 1840 1232 conceditur

416 1242 500 1273 vobis
524 1252 589 1274 esse
601 1243 794 1280 fortunatos.
839 1243 925 1282 Ergo
938 1251 1032 1283 quare
1048 1243 1176 1283 Jupiter
1189 1246 1348 1290 utramque
1361 1242 1520 1273 maxillam
1541 1252 1600 1274 non
1622 1241 1713 1283 inflat
1734 1244 1841 1273 contra

1021 1323 1249 1337 emmo-W

417 1387 498 1416 Sax.
514 1386 610 1418 Gott.
624 1388 701 1418 Vet.
718 1386 836 1418 Comb.
862 1391 897 1418 et
925 1387 1005 1418 edd.
1029 1392 1115 1418 vett.
1139 1397 1193 1427 ap.
1209 1387 1398 1419 essm—14
1421 1386 1599 1419 Laxat-eut
1612 1390 1736 1420 valeant
1754 1388 1844 1428 conj.

418 1427 638 1459 Bonfiu.·—l9
662 1429 781 1459 Nolunt
795 1429 935 1459 Venett.
951 1428 1111 1459 Glarean.
1129 1429 1168 1460 R.
1186 1428 1302 1468 Steph.
1319 1434 1354 1460 et
1367 1429 1510 1461 Wetzel.
1527 1433 1563 1460 et
1577 1429 1624 1460 sic
1639 1429 1718 1460 Nic.
1735 1429 1843 1460 Hein—

418 1469 485 1500 sius
501 1469 542 1500 ad
560 1469 660 1500 Ovid.
680 1470 764 1500 Met.
780 1479 822 1500 11.
836 1472 910 1501 691.
955 1470 1065 1500 Nolint
1081 1479 1193 1500 omnes
1210 1471 1307 1501 codd.
1333 1470 1500 1509 Lambini,
1525 1470 1678 1510 Cruquii‚
1700 1475 1736 1501 et
1757 1471 1839 1501 Tor-

420 1510 532 1548 rentii,
558 1511 652 1541 Harl.
669 1514 698 1542 1.
712 1513 743 1541 2.
761 1513 791 1541 3.
806 1514 838 1542 4.
854 1514 885 1542 6.
901 1513 929 1541 7.
953 1520 1027 1541 cum
1050 1510 1126 1541 edd.
1151 1512 1265 1542 Lamb.
1288 1512 1389 1551 Cruq.
1408 1512 1561 1542 Tor-rent.
1583 1511 1692 1542 Boud.
1714 1511 1841 1550 Delph.

418 1552 589 1582 Schrevel.
605 1552 717 1583 Bentl.
730 1552 871 1590 Cuning.
885 1552 1008 1583 Sanad.
1025 1552 1125 1583 Baxt.
1139 1553 1287 1590 Towers,
1304 1553 1450 1590 Francis,
1466 1553 1570 1583 Gesn.
1585 1552 1691 1582 Zeun.
1705 1552 1844 1592 Bipont.

420 1592 599 1623 Heindorf.
620 1592 750 1623 Wakef.
766 1593 881 1624 Comb.
896 1597 931 1623 et
947 1592 1051 1623 Kidd.
1074 1596 1108 1623 at
1132 1594 1216 1632 queis
1242 1594 1314 1624 licet
1336 1603 1400 1624 esse
1422 1593 1531 1630 beatis,
1555 1593 1638 1628 Quid
1659 1603 1768 1630 oausae,
1792 1595 1845 1632 &a

419 1634 611 1664 Markland·
636 1634 730 1664 Vett.
762 1634 876 1665 Auctt.
909 1643 941 1673 p.
965 1635 1122 1664 258-267.
1144 1635 1245 1665 beatos
1271 1635 1306 1665 in
1335 1635 1528 1675 quibusdam
1556 1639 1640 1666 vett.
1689 1634 1777 1666 Vide
1799 1634 1843 1665 ad

420 1684 444 1705 1.
467 1675 538 1707 Sat.
561 1678 591 1706 2.
606 1679 658 1707 51.
702 1674 771 1707 Cic.
797 1685 857 1716 pro
881 1675 979 1706 Balb.
997 1678 1046 1706 12.
1085 1675 1213 1719 Duker.
1237 1675 1280 1707 ad
1303 1676 1374 1708 Liv.
1391 1685 1481 1708 xtu.
1497 1678 1549 1708 36.
1571 1681 1607 1707 et
1630 1675 1707 1708 Nic.
1721 1675 1843 1708 Heius.

1068 1768 1206 1800 NOTAE

422 1831 577 1870 Pythiam
589 1830 820 1870 Pythagoreos
831 1829 945 1860 ferunt
956 1830 1020 1860 hoc
1037 1829 1108 1860 ani·

423 1888 475 1910 mo
492 1879 579 1909 inter
600 1888 635 1909 se
659 1877 772 1917 fuisse,
786 1883 825 1909 ut
839 1887 913 1909 cum
930 1887 1043 1908 eorum
1060 1878 1107 1908 al-

422 1928 486 1959 teri
504 1928 684 1968 Dionysius
706 1928 761 1958 ille
783 1929 956 1968 Tyrannus
976 1927 1108 1958 Siculus

423 1977 511 2007 diem
527 1978 618 2008 necis
634 1977 847 2012 destinasset,
863 1980 899 2007 et
914 1977 940 2007 is
953 1976 1008 2017 qui
1024 1985 1109 2006 mor-

424 2026 449 2056 ti
477 2025 632 2056 addictus
661 2030 760 2060 esset,
790 2034 913 2065 paucos
945 2025 1007 2055 sibi
1037 2024 1108 2055 dies

425 2074 764 2105 commendandorum
777 2084 910 2105 suorum
921 2084 1022 2105 causa
1034 2083 1108 2114 pos-

426 2123 609 2161 tulavisset,
634 2133 690 2154 vas
719 2122 828 2154 factus
858 2123 902 2153 sit
932 2123 1016 2153 alter
1039 2123 1110 2162 ejus

424 2171 576 2210 sistendi,
593 2177 630 2202 ut
646 2173 674 2202 si
689 2172 744 2203 ille
769 2181 834 2202 non
859 2172 1050 2202 revertisset
1068 2171 1110 2202 ad

426 2221 527 2260 diem,
541 2221 748 2251 moriendum
765 2226 855 2252 esset
870 2221 1008 2261 sibiipsi.
1044 2220 1110 2253 Qui

426 2278 500 2300 cum
525 2269 566 2299 ad
592 2269 679 2299 diem
704 2279 739 2300 se
763 2271 956 2310 recepisset,
971 2270 1112 2301 admira-

428 2323 481 2350 tus
493 2326 605 2348 eorum
621 2317 720 2348 fidem
733 2318 922 2359 Tyrannus,
938 2318 1060 2358 petivit
1075 2322 1113 2349 ut

428 2375 464 2397 se
494 2366 527 2396 in
563 2365 739 2396 amicitiam
773 2366 910 2397 tertium
944 2367 1111 2397 adscribe-

429 2414 527 2446 rent!

472 2466 512 2494 14
536 2462 682 2503 Fabium]
704 2463 787 2496 Quis
813 2463 869 2494 ille
890 2463 1003 2503 fuerit,
1024 2462 1112 2494 haud

430 2512 528 2552 plane
540 2512 659 2552 liquet.
694 2512 799 2543 Vetus
811 2511 1006 2551 Interpres:
1030 2516 1039 2530 ‘
1051 2512 1111 2542 Fa-

430 2561 503 2591 bius
526 2559 775 2599 Narbonensis‚'
798 2560 916 2600 inquit,
930 2560 940 2576 ‘
959 2559 1112 2601 Equestri

431 2610 506 2640 loco
528 2613 638 2649 natus,
660 2609 880 2650 Pompeianas
893 2613 1004 2649 partes
1017 2619 1113 2641 secu-

431 2662 483 2688 tus
501 2658 543 2689 de
559 2662 653 2689 secta
662 2658 776 2689 Stoica
793 2667 1026 2699 nonnunquam
1038 2667 1112 2688 cnm

431 2707 574 2738 Horatio
598 2707 721 2738 acriter
750 2708 943 2739 contendit:
979 2707 1113 2746 scripsit

432 2755 533 2787 etiam
558 2755 685 2796 aliquot
706 2755 809 2788 libros
835 2756 879 2787 de
899 2755 1112 2795 Philosophia

1159 1831 1297 1863 Stoica.’
1335 1832 1420 1863 Sunt
1433 1831 1491 1872 qui
1512 1831 1705 1870 clamosum,
1728 1830 1846 1862 verbo·

1159 1888 1240 1917 sum,
1267 1884 1303 1910 et
1325 1880 1499 1920 loquacem
1520 1879 1724 1910 causidicum
1741 1877 1844 1910 fuisse

1160 1926 1273 1958 dicant
1287 1936 1374 1968 eum,
1390 1937 1488 1968 quem
1504 1927 1557 1959 hic
1575 1927 1707 1958 vellicat
1723 1926 1846 1959 Poeta.

1203 1978 1242 2006 15
1266 1975 1304 2006 Si
1327 1976 1393 2015 quis
1414 1976 1511 2015 Deus,
1531 1974 1600 2015 Sta]
1637 1976 1843 2007 Praeclaram

1161 2025 1238 2056 huic
1260 2025 1335 2056 loco
1359 2025 1418 2057 dat
1442 2026 1552 2056 lucem
1578 2025 1707 2056 Seneca
1736 2025 1846 2064 Epist.

1162 2081 1243 2104 xcv.
1262 2073 1319 2104 ubi
1341 2073 1389 2105 sic
1416 2073 1553 2104 scribit:
1578 2077 1587 2091 ‘
1604 2073 1714 2104 Multa
1738 2072 1845 2104 videri

1164 2122 1312 2153 volumus
1336 2122 1435 2160 velle,
1455 2121 1514 2152 sed
1546 2122 1699 2153 nolumus
1716 2144 1725 2153 .
1741 2144 1750 2153 .
1761 2141 1772 2152 .
1785 2142 1795 2154 .
1812 2144 1821 2152 .
1834 2142 1845 2152 .

1162 2179 1253 2210 saepe
1269 2171 1357 2201 aliud
1374 2171 1536 2206 volumus,
1561 2171 1651 2201 alind
1673 2175 1845 2210 optamus;

1163 2219 1196 2250 id
1219 2223 1270 2250 est
1294 2228 1315 2250 a
1338 2219 1413 2250 Diis
1429 2219 1594 2259 petimns3
1615 2221 1650 2248 et
1671 2226 1786 2248 verum
1802 2227 1844 2248 ne

1165 2268 1238 2300 Diis
1265 2267 1396 2309 quidem
1421 2268 1569 2298 dicimus.
1611 2266 1680 2298 Sed
1705 2267 1764 2299 Dii
1786 2272 1846 2298 aut

1164 2327 1229 2348 non
1242 2317 1435 2356 exaudiunt,
1449 2320 1508 2347 aut
1529 2316 1741 2347 miserentur.
1776 2317 1843 2348 Qui

1164 2367 1191 2396 si
1213 2365 1410 2397 exaudirent
1437 2369 1474 2395 et
1498 2369 1695 2403 annuerent,
1723 2364 1846 2396 damna

1163 2413 1256 2444 nobis
1271 2423 1363 2453 saepe
1375 2413 1515 2444 maxima
1530 2416 1588 2443 aut
1596 2413 1683 2444 mala
1698 2423 1771 2454 quae
1785 2413 1846 2444 mi-

1163 2462 1250 2493 nime
1266 2463 1423 2493 vellemus
1438 2460 1581 2492 darent)

1205 2513 1244 2542 18
1266 2511 1402 2542 Mutati-s
1421 2509 1577 2550 partibus]
1601 2509 1742 2542 Mutatis
1763 2511 1842 2542 vitae

1163 2559 1336 2599 institutis,
1351 2559 1554 2599 conditione,
1566 2557 1694 2591 officiis.

1204 2611 1245 2640 20
1266 2608 1381 2640 Ambus
1403 2609 1502 2639 iratus
1524 2607 1631 2639 buccas
1643 2608 1744 2650 inflet]
1767 2608 1843 2639 Hoc

1163 2657 1398 2698 indignationis
1420 2661 1457 2688 et
1481 2656 1590 2697 gravis
1605 2657 1663 2687 irae
1687 2657 1843 2688 indicium

1163 2710 1215 2737 est
1243 2710 1279 2737 et
1311 2705 1465 2737 effectus.
1500 2705 1594 2737 Tunc
1619 2706 1707 2738 enim
1733 2705 1844 2736 crebri

1164 2755 1390 2796 concitatique
1414 2753 1548 2795 spiritus
1573 2753 1617 2785 ad
1637 2762 1675 2784 os
1695 2761 1846 2793 prorum-
