1936 3236
614 351 888 382 cAnmmuu
923 352 1021 382 mu.
1055 352 1121 381 ιν.
1150 341 1193 382 2.

415 447 506 488 Seu
527 458 608 500 per
627 446 824 488 audaces
843 459 959 488 nova
981 445 1292 500 Dithyrambos

1584 445 1640 486 10

413 513 566 555 Verba
584 513 794 561 devolvit,
813 514 1089 567 numerisque
1108 513 1242 554 fertur

756 580 876 634 Lege
895 580 1079 631 solutis;

410 648 499 690 Seu
522 647 663 697 Deos,
685 659 868 700 regesve
888 648 1026 698 canit,
1049 648 1244 689 Deorum

180 771 216 803 in
227 771 436 814 dithyrambis
447 771 628 814 audacibus,
644 771 811 813 scribitque
825 772 932 803 metris
947 771 1055 803 liberis
1066 781 1078 809 ;
1091 771 1157 803 sive
1170 771 1255 803 canit
1270 771 1374 803 Divos
1386 781 1422 803 ac
1435 771 1540 811 Reges
1553 770 1638 802 Deo-

792 866 853 878 m

996 865 1034 877 ‘O

178 929 410 965 Axona—11
431 932 535 965 Verba
557 931 688 964 divolvit
712 931 839 963 Venet.
864 934 960 963 1492.
984 930 1126 963 Locher.
1143 933 1179 962 et
1194 929 1340 963 Ascens.
1358 931 1414 972 qui
1431 931 1523 972 expl.
1547 931 1557 949 ‘
1573 930 1637 962 dif-

178 972 286 1005 fluere
301 973 408 1006 facit!
451 975 524 1006 Alt.
540 977 571 1006 1.
594 983 794 1015 numerusque
806 974 918 1012 ser-tar
938 974 1025 1014 Lege
1048 974 1266 1005 solutum—13
1291 973 1389 1005 Harl.
1415 977 1449 1005 3.
1473 976 1506 1005 4.
1522 977 1555 1005 6.
1580 974 1637 1004 alii

177 1016 293 1053 multi,
317 1026 396 1048 eum
422 1017 502 1049 edd.
529 1022 615 1048 vett.
642 1026 810 1058 regesque3
834 1016 932 1048 Harl.
948 1019 979 1047 l.
994 1019 1074 1048 2.5.
1091 1016 1228 1057 quidam
1252 1016 1418 1056 Lambini,
1444 1015 1512 1047 duo
1534 1017 1636 1047 Bers-

178 1059 307 1098 manni,
325 1059 475 1091 Bentleii
491 1060 609 1092 Graev.
636 1059 715 1091 Gal.
742 1059 842 1090 Bodl.
859 1062 891 1090 2.
914 1063 950 1090 et
975 1059 1127 1090 Colbert.
1151 1068 1227 1090 cum
1250 1058 1330 1090 edd.
1357 1059 1472 1090 Bentl.
1495 1059 1638 1090 Vascos.

179 1099 326 1143 Cuuing.
351 1102 477 1134 Sanad.
493 1103 648 1139 Towers,
672 1101 766 1141 Jani,
792 1101 934 1143 Bipont.
962 1101 1103 1134 Mitseh.
1130 1101 1275 1134 Wetzel.
1298 1100 1433 1134 Wakef.
1458 1101 1575 1133 Comb.
1601 1107 1637 1133 et

833 1207 976 1241 NOTAE

220 1286 262 1315 1⁰
285 1284 526 1325 Dithyrumbos]
550 1284 707 1324 Hymnus
723 1293 783 1315 seu
795 1283 877 1315 Car-

178 1341 256 1363 men
269 1337 345 1363 erat
361 1333 394 1363 in
409 1333 571 1363 honorem
587 1332 731 1367 Bacchi,
757 1331 816 1372 qui
841 1336 878 1363 et

175 1382 252 1422 ipse
278 1380 391 1412 dictus
416 1384 471 1411 est
499 1379 759 1419 Dithyrambus,
782 1379 876 1419 quasi

176 1429 223 1462 δὶς
235 1429 327 1471 θύρας
341 1428 487 1468 ἀμείβων,
499 1429 552 1461 vel
562 1427 730 1469 ἂμβαίνων,
744 1428 792 1459 bis
802 1428 876 1459 vitoe

170 1484 283 1522 portus
304 1480 473 1521 transiens,
500 1478 579 1522 quia
604 1479 751 1520 primum
774 1482 875 1511 natus

173 1540 219 1563 ex
241 1535 340 1563 utero
365 1530 519 1563 Semeles
549 1529 679 1571 matris,
706 1528 832 1561 deinde
854 1538 875 1560 e

172 1581 270 1614 Jovis
279 1580 468 1622 femore‚ut
479 1579 687 1613 fabulantur.
711 1578 781 1610 Alii
792 1578 874 1610 alias

173 1632 396 1673 etymologias
417 1629 577 1663 afferunt.
604 1629 724 1671 Apage
740 1630 798 1672 qni
813 1629 875 1671 Sy-

173 1682 301 1714 riacam
317 1682 481 1724 originem
493 1681 526 1712 in
542 1690 636 1713 mere
649 1680 776 1712 Graeca
789 1690 875 1713 voce

173 1732 406 1773 expiscautur.
441 1731 625 1772 Ingeniose
647 1740 730 1763 vero
745 1731 876 1769 Moses,

171 1781 318 1814 eruditis
333 1782 426 1814 idem
446 1782 504 1823 qui
524 1781 692 1820 Bacchus,
714 1781 876 1821 iutelligi-

170 1836 227 1865 tur
239 1833 305 1864 hac
321 1832 552 1873 appellatione
568 1829 800 1871 Dithyrambi,
823 1835 888 1867 ut-¹

171 1888 256 1924 pote
268 1883 326 1924 qui
346 1883 431 1913 duas
447 1881 545 1923 quasi
563 1885 688 1912 matres
703 1880 876 1920 habuerit,

172 1934 216 1966 ab
230 1935 339 1967 altera
355 1934 503 1976 genitus,
513 1933 609 1975 aquis
618 1938 655 1964 et
666 1932 767 1964 morti
777 1942 875 1973 erep-

172 1988 228 2016 tus
243 1984 287 2016 ab
302 1986 413 2017 altera
427 1990 532 2026 atque
546 1983 724 2023 educatus,
737 1983 874 2016 scilicet

173 2045 194 2066 a
209 2034 280 2067 filia
295 2035 498 2067 Pharaonis.
519 2034 609 2066 Vide
623 2033 774 2066 suidam.
795 2034 876 2065 Sca·

172 2083 233 2126 lig.
247 2084 349 2116 Ροὲῐ.
372 2095 397 2116 1.
411 2087 466 2117 46.
479 2083 537 2116 ubi
551 2084 657 2116 etiam
684 2082 794 2123 addit,
811 2083 877 2114 Di-

173 2134 376 2176 thyrambici
389 2135 556 2166 Carminis
570 2134 696 2174 stylum
708 2133 874 2165 tumidum

172 2193 260 2224 esse,
277 2185 484 2226 plenumque
499 2184 649 2220 Baccho,
665 2183 827 2223 numeris,-
839 2189 875 2215 et

171 2234 314 2267 vocibus
331 2234 541 2276 compositis,
564 2243 648 2275 quas
665 2236 790 2264 vocant
806 2243 875 2265 am-

170 2285 283 2327 pullas
298 2289 334 2317 et
353 2283 612 2326 sesquipedales
624 2292 743 2314 voces:
770 2287 875 2324 atque

169 2335 302 2368 idcirco
329 2336 340 2352 ⁴
357 2333 522 2366 audaces'
554 2334 596 2365 ab
624 2333 772 2365 Horatio
804 2333 873 2366 dici

169 2385 425 2427 dithyrambos:
449 2384 492 2416 ab
515 2384 676 2425 AEschylo
695 2394 776 2416 vero
791 2384 873 2416 Car-

169 2444 247 2466 men
275 2438 420 2471 tumens,
449 2434 620 2473 exultans,
647 2438 756 2466 totum
784 2434 873 2465 Bac-

171 2485 284 2517 chum.
315 2485 518 2526 Ibidemque
544 2484 601 2515 ille
628 2483 730 2516 affert
756 2483 871 2525 Hege-

171 2535 285 2567 sandri
300 2535 520 2576 Epigramma
536 2534 700 2566 adversus
715 2535 871 2567 Philoso-

169 2584 441 2628 'plios‚ejusmodi
453 2585 627 2617 vocabulis
637 2584 808 2619 inflatum:
822 2587 872 2619 sie

168 2634 313 2677 incipit:
351 2634 669 2676 Ὀφρυανασπασίδω,
694 2635 874 2676 ῥινεγκατα-

172 2685 366 2726 πηξιγένειοι,
381 2688 447 2718 &c.
483 2687 536 2717 Ex
563 2686 730 2722 Athenaeo
744 2695 823 2718 xiv.
838 2691 870 2720 6.

174 2742 242 2765 nou
254 2745 388 2777 semper
403 2741 549 2776 veteres,
562 2746 639 2768 cum
650 2737 808 2778 libarent,
819 2740 870 2770 usi

174 2787 253 2815 sunt
268 2783 502 2826 dithyrambis,
519 2786 672 2818 versibus
689 2788 871 2820 tumultuo-

174 2833 232 2871 sis,
267 2833 532 2875 vehementibus,
566 2837 768 2876 concitatis;
810 2839 871 2870 sed

176 2883 344 2914 duntaxat
373 2882 450 2914 vino
478 2885 618 2926 madidi,
646 2889 680 2918 et
709 2886 870 2919 Liberum

931 1287 1065 1323 patrem
1082 1283 1109 1313 si
1125 1283 1341 1314 invocarent:
1358 1282 1411 1314 siu
1428 1282 1638 1323 Apollinem,

932 1332 1070 1372 placide
1086 1333 1273 1364 canebant.
1296 1332 1399 1364 Unde
1411 1333 1636 1372 Epicharmus

929 1379 1046 1420 lepide
1071 1380 1154 1410 ibid.
1192 1381 1260 1410 Οὐκ
1288 1380 1356 1411 ἔστι
1380 1381 1576 1420 διθύραμβος,
1599 1381 1638 1412 ἃν

930 1431 1008 1472 ὕδωρ
1043 1430 1126 1472 πίῃς.
1170 1431 1286 1462 Nullus
1310 1434 1358 1461 est
1391 1430 1637 1471 Bithys-ambus,

927 1491 1040 1522 aquam
1051 1481 1080 1512 si
1102 1481 1197 1512 bibas.
1232 1480 1305 1512 Cic.
1333 1489 1391 1511 ιιι.
1416 1478 1460 1510 de
1476 1479 1576 1511 Orat.
1602 1489 1635 1510 n.

930 1535 1006 1566 181.
1040 1533 1050 1550 ‘
1068 1532 1156 1564 Inde
1185 1532 1240 1563 ille
1257 1531 1417 1563 licentior
1438 1534 1475 1562 et
1495 1530 1636 1562 divitior

928 1582 1030 1615 fluxit
1045 1581 1305 1623 Ditbyrambus,
1321 1581 1418 1623 cujus
1433 1580 1584 1612 membra
1600 1584 1636 1612 et

930 1632 1037 1674 pedes
1049 1632 1175 1664 suntin
1190 1631 1281 1662 omni
1295 1631 1468 1671 locuplete
1482 1631 1635 1662 oratione

929 1681 1077 1714 diffusa!
1114 1682 1287 1714 Pindarus
1304 1681 1445 1723 Olymp.
1462 1680 1531 1713 Od.
1549 1690 1634 1713 xur.

930 1733 1116 1766 Corinthiis
1131 1733 1253 1765 tribuit
1265 1731 1567 1773 Ditfiyramborum
1585 1734 1635 1765 in-

929 1787 1140 1819 ventionem.

973 1839 1012 1868 11
1038 1835 1249 1876 Numem'sque
1264 1835 1376 1873 fertur
1394 1835 1480 1874 Lege
1508 1835 1635 1876 solutis]

930 1886 1010 1918 Non
1025 1884 1114 1927 quod
1131 1885 1166 1916 in
1179 1884 1417 1926 Dithyrambis
1436 1885 1530 1916 nulla
1542 1891 1635 1918 esset

927 1935 985 1968 lex
1009 1939 1068 1967 aut
1094 1944 1255 1966 mensura
1288 1934 1428 1975 pedum,
1459 1935 1519 1966 sed
1555 1935 1634 1976 quia

928 1995 1051 2027 magna
1074 1989 1150 2017 erat
1176 1989 1324 2016 metrum
1351 1984 1504 2016 variandi
1527 1985 1634 2016 licen-

928 2036 1002 2075 tia3
1027 2040 1063 2068 et
1078 2034 1167 2076 quod
1183 2034 1216 2065 in
1235 2034 1286 2065 his
1307 2033 1426 2065 Poetae
1453 2034 1634 2066 vehemen-

926 2087 1009 2118 tiam
1032 2086 1269 2127 impetumque
1294 2083 1398 2115 animi
1418 2084 1632 2124 potissimum

927 2139 1164 2177 sequerentur,
1201 2133 1376 2175 magisque
1413 2133 1634 2165 attenderent

926 2185 1196 2217 modulationem
1226 2183 1407 2224 Carminis,
1436 2193 1538 2225 quam
1571 2193 1632 2224 pe-

925 2235 1006 2267 dum
1035 2239 1169 2266 certam
1210 2232 1335 2275 ubique
1371 2233 1496 2274 legem.
1540 2233 1631 2265 Vide

927 2285 1030 2317 Alex.
1047 2285 1090 2317 ab
1106 2284 1209 2316 Alex.
1225 2293 1276 2316 iv.
1294 2285 1347 2315 17.
1362 2283 1425 2315 sub
1439 2283 1556 2316 finem.

972 2339 1012 2368 13
1036 2335 1206 2366 Pindarus
1230 2334 1319 2366 enim
1340 2343 1477 2374 paeanas
1494 2334 1632 2373 cecinit,

927 2395 988 2418 seu
1017 2386 1174 2428 Hymnus
1197 2385 1232 2416 in
1258 2385 1421 2416 honorem
1450 2384 1631 2426 Apollinis.

926 2437 1038 2468 Porro
1061 2439 1161 2468 notat
1185 2435 1240 2466 hie
1266 2434 1432 2466 Horatius
1456 2434 1632 2475 praecipua

928 2488 1128 2529 Lyricorum
1151 2490 1365 2527 argumenta,
1388 2488 1427 2516 ut
1449 2488 1483 2516 et
1504 2484 1547 2515 ad
1571 2484 1630 2515 Pi-

927 2546 1027 2569 sones
1049 2536 1163 2577 Epist.
1181 2545 1229 2566 vs.
1246 2537 1299 2566 83.
1322 2535 1446 2565 ‘Musa
1471 2533 1567 2564 dedit
1589 2533 1625 2565 fi.

927 2588 1026 2619 dibus
1046 2588 1171 2627 Divos,
1194 2594 1387 2626 puerosque
1401 2585 1569 2623 Deorum,
1581 2584 1628 2615 Et

928 2639 1078 2679 pugilem
1098 2637 1277 2672 victorem,
1307 2640 1342 2665 et
1366 2643 1488 2675 equum
1515 2638 1629 2666 certa.

926 2688 1016 2719 mine
1039 2687 1198 2728 primum,
1215 2685 1437 2724 Etjuvenum
1459 2693 1569 2725 curas,
1591 2688 1628 2716 et

925 2738 1030 2770 libera
1047 2738 1125 2769 vina
1142 2735 1296 2771 referre!

971 2787 1124 2829 Regesne]
1156 2786 1339 2817 Hieronem
1363 2783 1625 2824 Syracusanum.

927 2838 1067 2879 Olymp.
1083 2836 1153 2868 Od.
1168 2844 1194 2867 1.
1210 2836 1274 2866 ὅτε.
1295 2834 1304 2850 ‘
1323 2834 1474 2865 Deorum
1491 2834 1624 2874 sangui-

927 2888 1028 2920 nem.’
1059 2888 1174 2928 Reges
1199 2886 1347 2918 Deorum
1372 2883 1434 2916 filii
1449 2884 1624 2925 appellan-
