1930 3242
621 310 897 342 saRMONuM
932 310 1027 340 ma.
1059 309 1112 341 ιι.
1142 298 1181 339 1.
1541 296 1626 337 923

182 406 295 449 Cum
315 406 485 461 magnis
506 405 676 448 vixisse
697 406 836 446 invita
853 405 1067 446 fatebitur
1087 416 1228 457 usque

180 473 372 524 Invidia,
392 476 433 514 et
450 472 594 526 fragili
614 485 816 526 quaerens
835 472 1004 514 illidere
1025 472 1210 520 dentem,

181 539 383 581 Offendet
401 538 569 580 solido:
599 538 688 579 nisi
707 539 814 592 quid
834 543 895 588 tu,
915 539 1042 580 docte
1061 537 1256 586 'Prebati‚

179 605 417 647 Dissentis.
475 604 511 654 ἹῘ
529 604 747 659 Equidem
768 605 878 646 nihil
896 606 995 647 hinc
1016 605 1251 657 defringere
1273 614 1463 657 possum.

179 731 282 760 tamen
296 728 409 760 vixisse
423 739 471 760 me
484 729 533 761 vel
545 728 648 760 invita
662 728 821 767 fatebitur
835 728 973 761 invidia:
997 738 1065 768 quoe
1079 728 1107 759 si
1122 720 1243 759 dentem
1264 728 1343 758 volet
1363 726 1536 767 imprimere
1549 724 1623 764 fra-

174 770 250 812 gili,
263 771 414 812 impinget
426 773 467 803 ad
486 771 639 803 solidum.-
660 772 690 803 si
713 772 836 812 quidem
852 773 900 803 ita
913 771 1051 810 judicas,
1074 771 1194 803 erudite
1211 769 1349 801 Trebati.
1393 770 1505 800 Tuan.
1531 769 1623 799 Certe

779 863 1020 877 '‘OM“

175 928 186 947 ⁸
199 928 386 961 tunicatum
409 929 604 971 popellum:
625 933 664 961 ut
680 929 802 962 Cicero
817 931 1020 962 vocab—⁷9
1043 929 1151 961 Laud.
1179 929 1211 960 in
1238 932 1354 960 annot.
1370 928 1510 960 Venett.
1527 931 1623 961 1477.

174 973 269 1003 1478.
287 974 382 1004 1479.
395 977 431 1004 et
447 975 542 1005 1486.
564 972 635 1004 huic
643 972 802 1014 diffidere.-
826 972 885 1003 sed
902 973 934 1003 in
951 972 1026 1011 ipso
1042 975 1206 1003 contextu
1230 972 1302 1002 huic
1321 971 1493 1013 diffingere.
1537 971 1622 1003 Exc-

172 1013 254 1045 Sax.
270 1013 368 1046 Harl.
383 1017 415 1046 4.
430 1017 462 1047 6.
486 1015 603 1047 Zarot.
619 1015 758 1046 Mediol.
777 1017 872 1046 1477.
888 1020 923 1046 et
940 1015 1088 1046 Flos-ent.
1101 1017 1196 1046 1482.
1212 1015 1385 1055 diffingere.
1428 1013 1526 1044 Harl.
1540 1016 1573 1045 2.
1589 1016 1623 1045 3.

171 1055 344 1098 diffindere.
388 1056 444 1088 Al.
458 1057 624 1098 defingere.
671 1057 791 1088 ‘Miris
806 1057 914 1088 modis
933 1057 966 1087 in
990 1057 1053 1088 hoc
1069 1057 1233 1088 vocabulo
1251 1056 1463 1087 indulserunt
1486 1055 1552 1086 sibi
1569 1056 1623 1087 Li-

171 1096 289 1137 brarii,
300 1098 453 1140 diffigere,
467 1099 656 1139 defringere,
670 1099 843 1141 diffindere,
857 1100 1008 1141 diffidere.
1045 1099 1187 1129 Cuinam
1202 1108 1245 1129 ex
1261 1098 1311 1129 bis
1328 1097 1534 1130 lectionibus
1550 1098 1620 1138 pal-

172 1148 261 1171 mam
273 1139 391 1171 dabis?
434 1141 511 1173 Jam
529 1151 549 1172 a
564 1142 689 1172 saecnlo
705 1147 741 1172 et
757 1142 846 1183 qnod
862 1142 1013 1172 excurrit
1029 1141 1189 1183 diffindere
1211 1141 1264 1171 hic
1285 1141 1480 1172 maluerunt
1506 1139 1620 1171 Inter-

171 1186 302 1255 prete-{1²
318 1181 491 1256 Abciionem
516 1183 726 1256 Slqlioliasten
743 1184 877 1256 ‘sees-ti,
893 1183 950 1224 qui
976 1183 1224 1256 hlicbasslno‘tq&
1250 1182 1496 1267 ‘dlutigffierbo
1523 1191 1620 1255 uisum

171 1233 246 1255 esse
298 1233 334 1255 re
361 1234 378 1255 a
399 1234 476 1256 ium.
567 1234 613 1256 rae
633 1235 672 1257 or
698 1235 786 1256 emm
837 1235 928 1256 icere
956 1235 992 1256 so
1009 1236 1026 1255 ε·
1054 1235 1073 1256 a
1099 1236 1106 1255 :
1206 1235 1234 1255 ic
1280 1234 1325 1256 zea
1371 1234 1382 1255 ι
1416 1234 1487 1256 esus
1509 1234 1542 1256 es
1557 1234 1583 1255 ο.

171 1265 350 1298 Praeterea
364 1276 407 1298 ex
424 1267 526 1298 Festo
540 1267 574 1298 in
590 1276 674 1299 voce
699 1268 708 1285 ‘
722 1267 834 1307 Reus,’
858 1277 901 1298 ex
916 1268 1064 1308 Ulpiano
1081 1268 1213 1307 Digest.
1232 1276 1273 1298 11.
1291 1271 1343 1299 11.
1356 1270 1389 1298 2.
1406 1277 1449 1298 ex
1467 1266 1621 1299 Liviolx.

171 1309 227 1340 88.
250 1317 293 1339 ex
320 1308 434 1340 Gellio
450 1312 573 1341 inv-2.
596 1309 792 1350 ontendunt,
811 1311 822 1327 ‘
836 1309 926 1341 diem
954 1309 1135 1340 diffindere
1150 1309 1157 1322 '
1180 1309 1322 1350 perinde
1347 1318 1422 1340 esse
1447 1318 1487 1339 ac
1510 1309 1622 1340 ‘diem

172 1350 353 1390 proferre,’
375 1351 385 1368 ‘
398 1351 569 1392 prolatare
582 1351 604 1383 ς’
627 1351 716 1393 quod
733 1353 765 1382 in
785 1351 927 1392 judiciis
943 1352 1015 1383 fieri
1033 1352 1179 1389 solebat,
1194 1351 1328 1392 quoties
1345 1356 1404 1382 aut
1425 1351 1536 1390 judex
1561 1357 1621 1382 aut

169 1396 267 1424 actor
281 1397 342 1424 aut
365 1402 441 1424 reus
460 1393 505 1424 ob
521 1403 653 1424 cansam
669 1394 833 1424 sonticam
859 1394 978 1425 adesse
999 1403 1066 1424 non
1093 1398 1250 1433 poterat;
1274 1398 1335 1425 aut
1350 1394 1484 1433 quoties
1510 1393 1554 1424 de
1582 1402 1619 1424 re

168 1439 389 1466 controversa
405 1435 514 1474 judici
529 1435 676 1466 nondum
693 1435 858 1475 liquebat.
904 1435 988 1465 Esto
1003 1444 1083 1465 sane
1099 1435 1183 1466 hoc:
1207 1440 1243 1465 at
1269 1443 1370 1475 quam
1395 1434 1519 1465 deinde
1545 1443 1619 1465 sen-

167 1476 310 1508 tentiam
324 1484 367 1507 ex
383 1476 500 1508 Flacci
516 1477 590 1508 loco
604 1476 654 1507 sic
669 1476 859 1507 constituto
875 1482 1018 1516 possunt
1030 1476 1223 1508 excudere?
1245 1477 1385 1516 equidem
1399 1476 1479 1506 nihil
1492 1476 1543 1507 hic
1557 1476 1620 1513 dis-

155 1517 282 1559 findere
294 1527 435 1558 possum.-
456 1517 521 1549 Sed
537 1521 641 1549 tamen
654 1521 691 1549 ut
703 1517 838 1549 monitus
852 1527 974 1557 caveas,
990 1519 1042 1558 ξε.
1089 1517 1166 1549 Hoc
1180 1518 1314 1549 scilicet
1338 1517 1522 1557 respondet
1537 1519 1617 1549 Tre-

167 1559 297 1591 batius:
322 1559 490 1601 Equidem
506 1560 588 1592 nihil
603 1559 658 1591 liic
674 1569 810 1601 possum
826 1561 1001 1601 ampliare,
1019 1570 1087 1591 non
1105 1569 1240 1600 possum
1258 1559 1291 1590 in
1308 1559 1399 1591 aliud
1416 1565 1550 1600 tempus
1567 1570 1618 1592 re-

158 1601 292 1675 '‘a-22³
315 1602 1619 1685 efferenti?sanimreversuraraigeri&exufflatu-

163 1688 235 1716 tum
255 1685 355 1717 bodie
377 1667 733 1728 compertam⁹habere
754 1695 938 1725 possumus.
983 1685 1038 1717 Sic
1056 1686 1199 1717 Festus:
1225 1690 1235 1703 ¹
1249 1685 1335 1716 Dies
1351 1667 1497 1716 diffissug
1513 1686 1619 1724 esto;’

163 1727 354 1768 Ulpianus:
376 1728 503 1761 ‘Jubet
517 1729 608 1760 diem
625 1737 700 1759 esse
711 1727 879 1759 ‘diffissum
891 1727 915 1767 ;'
937 1727 1052 1759 Livius
1066 1738 1073 1757 :
1089 1731 1098 1745 ‘
1109 1728 1222 1758 Triste
1238 1736 1336 1758 omen
1353 1727 1442 1758 diem
1459 1726 1584 1758 diffidit
1596 1727 1618 1766 ς’

162 1768 320 1801 Gellius:
344 1770 460 1803 ‘Jussi
482 1770 587 1811 igitur
610 1770 698 1801 diem
714 1768 871 1802 diffindi!
916 1769 1003 1801 Haec
1026 1770 1099 1800 sola
1120 1770 1189 1811 jam
1206 1773 1329 1800 extant
1343 1770 1431 1807 loca,
1446 1769 1480 1799 in
1494 1769 1617 1810 quibus

161 1810 237 1843 haec
253 1810 399 1844 formula
414 1817 600 1853 comparet.
644 1813 730 1846 Quae
747 1812 788 1843 ad
804 1812 960 1852 exempla
973 1811 1076 1843 etiam
1091 1812 1146 1843 hic
1166 1811 1296 1843 dictum
1320 1811 1491 1852 oportuit:
1518 1811 1618 1852 Equi-

161 1855 230 1885 dem
244 1854 326 1885 diem
338 1853 390 1886 hic
411 1855 572 1897 diffindere
592 1864 655 1886 non
673 1864 806 1895 possum.
851 1854 915 1885 Ille
931 1864 1012 1885 vero
1027 1863 1063 1885 se
1077 1854 1158 1885 nihil
1172 1854 1333 1896 diffindere
1347 1853 1415 1892 ait;
1438 1854 1533 1893 quasi
1548 1863 1614 1884 non

160 1896 171 1912 ‘
184 1895 260 1930 dies
273 1895 283 1910 '
299 1896 547 1932 tantummodo.
563 1897 622 1928 sed
639 1906 750 1928 causae
765 1897 848 1937 ipsae
865 1901 901 1928 et
917 1905 1031 1927 earum
1050 1902 1168 1936 partes
1180 1895 1310 1927 diffindi
1328 1895 1533 1927 dicerentur.
1561 1896 1616 1927 Ne

160 1938 276 1971 multis
289 1947 403 1971 morer
415 1948 425 1978 ;
439 1948 551 1980 neque
567 1939 750 1977 sententia,
762 1947 873 1980 neque
885 1938 989 1969 verba
1002 1939 1075 1978 ipsa
1088 1938 1176 1978 apud
1194 1938 1355 1969 Flaccum
1370 1937 1571 1978 procedent,
1586 1938 1615 1969 si

161 1980 322 2022 d'fflindere
334 1981 391 2013 hic
404 1981 540 2022 legeris.
586 1981 636 2013 Ut
657 1981 762 2012 mirer
776 1980 934 2022 equidem
956 1981 1206 2011 enarrationem
1232 1984 1286 2011 tot
1308 1980 1400 2011 vitiis
1424 1984 1614 2011 scatentem

161 2025 214 2053 tot
229 2022 474 2064 interpretibus
490 2024 671 2064 placuisse.
693 2023 791 2054 Solus
807 2033 849 2054 ex
865 2023 917 2054 his
932 2023 1114 2054 Daeierius
1131 2022 1271 2053 verbum
1286 2023 1350 2053 boc
1364 2022 1386 2054 J
1392 2022 1460 2053 uris
1475 2031 1540 2053 non
1557 2022 1613 2053 ha-

162 2062 247 2094 bere
261 2064 316 2096 hic
332 2066 441 2096 locum
455 2065 564 2103 vidit3
586 2065 677 2106 quod
704 2066 777 2105 ipse
797 2065 917 2096 melius
940 2069 1154 2107 sequeretur,
1171 2073 1237 2096 non
1255 2064 1351 2095 vidit.
1400 2064 1533 2104 Nempe
1549 2064 1614 2095 hoc

161 2105 278 2143 modo,
293 2105 515 2137 distinctione
536 2107 682 2141 sublata.
697 2106 838 2146 defungi
861 2116 898 2137 se
921 2116 1017 2147 posse
1032 2107 1165 2138 credit:
1191 2107 1269 2138 Nisi
1279 2107 1354 2148 quid
1367 2111 1415 2142 tu,
1429 2108 1516 2139 docte
1536 2108 1612 2138 Tre-

163 2146 244 2186 bati,
259 2147 433 2187 Distentis,
444 2148 583 2188 equidem
595 2148 678 2178 nihil
691 2147 742 2178 hic
755 2148 915 2190 diffindere
927 2158 1060 2189 possm.
1082 2149 1183 2184 Quod
1202 2154 1309 2180 totum
1325 2159 1368 2180 ex
1385 2149 1520 2180 Horatii
1537 2158 1615 2189 per-

161 2197 244 2221 sona
258 2189 308 2222 sic
324 2189 592 2231 interpretatur:
616 2189 692 2222 Nisi
709 2193 759 2231 tu,
781 2189 932 2226 Trebati.
947 2191 1129 2231 dissentis;
1152 2201 1217 2232 ego
1234 2190 1370 2232 quidem
1387 2192 1468 2224 nihil
1491 2192 1546 2223 hic
1562 2191 1612 2223 di-

814 2281 957 2314 NOTAE

160 2345 236 2374 erat
259 2351 279 2374 e
302 2341 457 2374 Patricia
481 2347 597 2383 gente,
619 2347 742 2385 utpote
766 2344 861 2385 cnjus
909 2345 1024 2386 sentis]
1048 2346 1125 2378 Hoc
1141 2346 1319 2379 modestiae
1343 2350 1381 2379 et
1406 2345 1610 2378 reverentiae

157 2401 253 2424 soror
265 2390 372 2423 fuerit
386 2394 463 2424 avia
479 2393 596 2434 Magni
613 2394 783 2434 Pompeii.
911 2404 1012 2426 caiisa
1027 2395 1155 2427 dictum
1173 2396 1309 2437 quidam
1333 2395 1486 2427 referunt
1501 2396 1543 2426 ad
1559 2405 1609 2426 se-

203 2442 350 2483 cenum]
373 2443 549 2485 Equestris
565 2453 685 2475 census
697 2448 774 2476 erat
789 2454 860 2476 ses·
909 2450 1071 2486 quentem
1093 2446 1320 2484 sententiam3
1347 2454 1414 2485 ego
1436 2453 1511 2475 cum
1536 2443 1610 2475 aliis

159 2492 338 2524 sortior-nm
350 2495 428 2525 4⁰⁰.
452 2493 650 2525 Senatorius
667 2496 742 2525 800.
767 2493 856 2525 Vide
908 2495 950 2526 ad
968 2499 1192 2536 praesentem:
1214 2504 1277 2526 nec
1290 2494 1394 2525 verba
1408 2493 1494 2531 haec,
1511 2492 1612 2533 Equi-

160 2540 271 2581 Epist.
288 2541 332 2573 ad
344 2542 417 2575 Pis.
430 2552 479 2576 vs.
496 2546 572 2576 383.
586 2544 700 2585 ibique
717 2544 800 2575 Not.
905 2546 975 2576 dem
996 2545 1077 2576 nihil
1097 2545 1159 2584 hic,
1172 2546 1224 2584 ᾂσ.
1248 2541 1467 2574 attribuenda
1489 2546 1608 2581 putem

199 2591 244 2621 76
267 2590 346 2621 Cam
369 2592 507 2633 magnis]
532 2593 703 2636 Augusto,
728 2594 855 2626 Maece-
906 2594 1066 2633 Horatio,
1078 2594 1138 2624 sed
1157 2594 1268 2633 potins
1283 2591 1464 2630 Trebatio;
1483 2593 1520 2622 ut
1530 2599 1609 2622 mox

159 2643 253 2676 nate,
268 2640 437 2673 Pollione.
907 2643 1041 2674 dicam:
1064 2650 1254 2683 quanquam
1279 2649 1345 2671 non
1368 2648 1467 2671 nemo
1488 2643 1608 2671 contra

201 2691 244 2720 77
267 2690 395 2728 Fragiei
418 2700 557 2731 querens
579 2694 700 2726 illidere
721 2695 852 2731 dentem.
908 2693 1046 2724 sentiat.

157 2737 228 2778 esa]
243 2736 378 2769 Alludit
392 2739 434 2769 ad
447 2739 606 2774 Fabulam
621 2743 664 2775 de
678 2744 805 2785 Vipera
817 2748 854 2776 et
949 2744 992 2773 79
1009 2740 1162 2781 Equidem
1176 2738 1256 2770 nihil
1272 2739 1322 2769 hic
1336 2738 1513 2779 defi-ingere
1528 2739 1606 2780 [dif-

159 2786 268 2818 Lima.
291 2786 427 2818 Phaedr.
442 2796 494 2830 ly·
508 2791 541 2820 7.
897 2791 1038 2834 findere]
1050 2790 1186 2831 possum]
1209 2790 1343 2829 Fateor,
1364 2788 1502 2828 Horati,
1520 2789 1606 2820 invi·

201 2837 244 2866 78
268 2835 343 2866 Nisi
362 2835 437 2876 quid
459 2839 505 2878 tu,
523 2839 609 2871 docte
623 2841 760 2880 Trebati,
774 2843 851 2875 Dis·
906 2843 972 2875 diae
989 2846 1023 2874 te
1041 2840 1206 2873 morsibus
1230 2839 1450 2880 superiorem,
1471 2838 1531 2871 sed
1554 2843 1604 2872 ta-
