1890 3256
353 262 462 303 1040
471 275 475 279 ·

814 276 857 313 Q.
890 274 1093 306 HORATH
1129 274 1300 305 FLAcct

352 363 610 415 Quingentis
626 369 740 407 emto
762 367 977 407 drachmis
997 367 1297 419 deprenderis'l
1327 367 1451 408 aufer
1509 379 1515 387 ⁴

352 428 429 468 Me
450 430 571 471 vultu
592 435 775 480 terrere3
806 443 978 471 manum
998 431 1352 485 stomachumque
1371 435 1530 481 teneto,

351 493 484 542 Dum,
506 508 604 547 quae
628 495 817 547 Crispini
838 495 984 536 docuit
1002 509 1069 536 me
1081 496 1256 548 janitor,
1275 497 1374 538 edo.

1699 467 1766 554 ³4⁵

349 558 414 599 Te
434 560 596 612 conjux
616 560 758 600 aliena
777 562 906 613 capit,
923 562 1194 602 meretricula
1214 560 1414 603 Davum:
1432 552 1435 555 ⁴

349 622 514 664 Peccat
533 627 628 664 uter
647 627 839 664 nostrum
860 638 984 666 cruce
1002 626 1200 678 dignius?
1229 627 1341 669 acris
1358 627 1433 689 nbi
1451 639 1519 669 me

349 688 518 728 Natura
539 689 742 738 incendit,
763 690 844 730 sub
864 690 981 730 clara
999 690 1120 732 nuda
1138 691 1312 749 lucerne

350 753 647 806 Quaecumque
667 755 843 807 excepit
862 755 1064 807 turgentis
1084 756 1263 797 verbera
1283 756 1452 806 caudae,

349 818 559 859 Clunibus
579 824 654 859 aut
673 820 854 871 agitavit
873 832 1034 871 equum
1052 820 1218 862 lasciva
1239 822 1457 874 supinum,
1711 825 1768 865 50

349 883 539 924 Dimittit
560 897 700 937 neque
718 885 947 934 famosum,
967 898 1108 939 neque
1129 886 1359 935 solicitum,
1378 900 1432 927 nc

349 948 493 988 Ditior
513 952 587 989 aut
604 949 754 990 formae
774 950 966 990 melioris
986 951 1120 991 meiat
1137 951 1304 992 eodem.

347 1013 417 1053 Tu
437 1024 549 1061 cum,
569 1013 778 1066 projectis
795 1014 1047 1066 insignibus,
1068 1015 1224 1056 annulo
1244 1017 1448 1068 equestri,

347 1137 449 1169 emisti
461 1138 614 1170 drachmis
628 1139 827 1179 quingentis?
870 1139 986 1170 Desine
1004 1139 1091 1170 vultu
1114 1142 1260 1170 terrorem
1282 1139 1358 1170 mihi
1372 1138 1500 1177 facere.-
1521 1140 1622 1171 co'e'rce
1646 1150 1769 1172 mum

346 1182 438 1218 atque
451 1180 541 1216 iram,
555 1182 627 1211 dum
642 1182 746 1220 loquor
759 1191 796 1212 ea
809 1191 875 1222 quae
889 1180 986 1211 didici
999 1190 1019 1211 11
1033 1181 1170 1220 Crispini
1181 1181 1330 1219 janitore.
1377 1181 1426 1212 Tu
1443 1183 1569 1213 sectaris
1585 1191 1711 1213 uxorem
1725 1183 1769 1213 al-

346 1222 456 1259 terius,
472 1222 584 1253 Dauus
595 1223 793 1254 meretricem.
844 1223 921 1253 Uter
936 1226 1073 1253 nostrum
1086 1231 1174 1253 cruce
1191 1222 1316 1261 dignior
1335 1225 1460 1262 peccat.
1453 1226 1466 1244 ⁹
1506 1224 1586 1255 Cum
1598 1233 1646 1255 me
1659 1224 1772 1255 amem

346 1262 441 1292 libido
454 1263 637 1303 inflammat,
724 1264 742 1282 *
827 1263 846 1282 ’ἕ
930 1264 950 1281 *
1034 1263 1053 1281 ”
1125 1265 1163 1294 ab
1178 1273 1212 1294 ea
1227 1263 1347 1295 discedo
1361 1273 1414 1295 nec
1425 1263 1564 1302 insumis,
1581 1275 1635 1296 nec
1648 1274 1770 1303 anxius,

346 1311 386 1334 ne
409 1305 578 1343 opulentior
599 1305 648 1336 vel
666 1305 822 1345 pulchrior
845 1306 947 1336 eadem
965 1305 1116 1345 potiatur.
1165 1305 1211 1338 Tu
1231 1315 1301 1336 vero
1323 1307 1441 1345 quando
1455 1306 1560 1338 exutis
1572 1306 1769 1346 ornamentis,

941 1395 1175 1407 eeeeeeeeeeee

346 1469 478 1500 astutior
492 1469 558 1509 ipso
573 1469 639 1500 duo
655 1469 750 1501 Vatt.
763 1470 887 1504 stultior
898 1469 963 1509 ipse
977 1469 1073 1500 Harl.
1089 1471 1118 1499 3.
1133 1469 1212 1499 Vet.
1226 1467 1342 1500 Comb.
1360 1468 1487 1501 31.-43
1504 1470 1583 1510 Fea,
1597 1471 1719 1513 Bothe,
1735 1476 1771 1503 et

345 1510 467 1548 Jaeck,
491 1511 733 1550 deprehenderis.
735 1514 817 1542 —45
839 1512 924 1542 Dum
947 1512 1024 1550 quod
1050 1519 1133 1541 unus
1156 1511 1236 1540 Vat.
1259 1510 1403 1550 erysippi
1418 1511 1504 1542 alter
1518 1512 1598 1543 Vat.
1622 1495 1770 1544 Florent.

347 1553 443 1582 1482.
469 1556 505 1582 et
526 1553 1127 1583 Venett.1483.1490.1509.edam
1143 1561 1227 1582 unus
1243 1551 1321 1582 Vnt.
1323 1555 1407 1582 -46
1430 1553 1589 1585 Glarean.
1603 1561 1639 1585 et
1655 1555 1768 1585 Bentl-

345 1592 488 1630 conjunx.
491 1595 572 1623 -47
595 1593 738 1632 Cuning.
760 1602 803 1623 ex
825 1593 972 1632 ingenio,
997 1593 1131 1631 dignior.
1134 1594 1215 1622 -48
1248 1593 1410 1623 Nonnulli
1438 1594 1535 1624 codd.
1561 1603 1618 1634 ap.
1657 1595 1770 1632 Fenm,

347 1634 484 1674 antiqua
509 1643 626 1664 manus
645 1644 687 1664 ex
711 1633 785 1664 cod.
811 1633 845 1664 in
870 1642 927 1664 ora
946 1633 1140 1664 Α111.1519.
1165 1633 1198 1663 111
1217 1632 1376 1665 Β111110111.
1398 1633 1573 1674 Angelica,
1595 1636 1651 1667 alii
1671 1636 1772 1667 codd.

347 1684 403 1714 ap.
430 1675 541 1706 Pulm.
568 1676 671 1716 Cruq.
699 1675 832 1706 Valart.
857 1675 938 1706 item
965 1675 1079 1706 Ζ31·.οῐ
1107 1673 1248 1704 Venett·
1272 1677 1365 1706 1490.
1389 1677 1481 1706 1492.
1505 1675 1660 1713 incenante,-
1681 1677 1770 1718 quod

346 1722 550 1756 receperunt
571 1717 639 1748 Fea
660 1721 696 1747 et
722 1716 844 1747 Bothe.
871 1716 1006 1747 incendit
1034 1716 1077 1746 31.
1079 1718 1163 1746 -49
1185 1716 1264 1746 Duo
1286 1717 1382 1746 Vatt.
1414 1726 1500 1748 unus
1529 1717 1610 1748 item
1633 1718 1770 1759 Cruquii

346 1758 473 1798 accepit.
475 1761 556 1789 -51
581 1758 675 1790 Unus
690 1758 786 1789 van.
813 1767 832 1789 3
847 1767 891 1790 111.
904 1767 958 1798 pr.
978 1757 1143 1789 Dimittat.
1145 1760 1228 1788 -52
1251 1756 1349 1788 Alius
1364 1757 1443 1789 Vat.
1458 1762 1494 1789 et
1515 1758 1768 1800 (3111313003,ευί-

985 1849 1127 1881 NOTAE

355 1913 357 1915 '
381 1902 429 1941 ‘43
455 1910 643 1950 Quingentis
659 1915 740 1943 emto
754 1910 920 1950 drachmis]
943 1910 1030 1941 Gall.

345 1959 452 1990 achete
461 1959 622 1999 cinquante
633 1960 712 1992 ecus.
733 1960 902 2001 Siquidem
912 1959 1032 1990 drach-

346 2017 401 2038 ma
413 2007 529 2038 Attica
543 2017 603 2038 sex
626 2017 716 2038 asses
734 2009 803 2038 sive
817 2007 940 2039 solidos
956 2017 1031 2038 nos-

346 2059 408 2086 1133
423 2061 567 2086 monetae
582 2056 789 2087 continebat.

388 2104 445 2134 Me
471 2105 594 2135 stultior
618 2105 826 2145 deprenderis]
848 2105 919 2144 Ego
945 2104 1032 2135 enim

347 2151 430 2183 vitia
441 2161 515 2183 mea
535 2153 605 2193 ipse
623 2163 768 2194 agnosco
792 2159 827 2184 et
842 2153 971 2185 fateor:
996 2158 1031 2184 tn

347 2209 425 2230 vero
449 2205 506 2231 1113
524 2202 612 2232 celas
635 2207 670 2232 et
686 2212 771 2233 vano
786 2203 907 2234 decore
924 2203 1032 2243 tegis;

347 2252 383 2280 et
405 2249 483 2280 hinc
503 2250 575 2280 aliis
599 2250 725 2290 tibique
748 2251 848 2282 etiam
866 2251 969 2282 bonus
986 2251 1032 2282 vi-

348 2297 420 2328 deri
436 2298 563 2337 gaudes
578 2299 694 2329 stulte.

389 2348 430 2378 44
447 2347 575 2378 Manum
589 2348 830 2388 stomachumque
844 2349 959 2388 teneto]
980 2349 1032 2379 Ne

347 2396 466 2435 minas,
478 2405 520 2427 ne
536 2397 675 2428 verbera
687 2398 766 2428 mihi
779 2398 939 2437 1111011105,
954 2398 1032 2428 dum

349 2444 409 2475 tibi
426 2453 505 2475 vera
519 2445 646 2485 loquor.

389 2497 429 2524 45
442 2494 537 2533 Dum,
553 2503 619 2534 quae
638 2494 775 2534 Crispini
789 2495 889 2525 docuit
897 2493 1030 2532 janitor,

348 2543 417 2583 edo]
434 2542 579 2573 Doctum
606 2552 641 2574 se
664 2552 779 2574 servus
799 2553 819 2573 a
840 2552 937 2573 servo
952 2542 1030 2572 Phi-

349 2591 478 2630 losophi
493 2594 574 2631 apte
585 2590 679 2622 dicit.
712 2592 814 2622 Certe
827 2601 846 2622 a
861 2591 1031 2631 Magistris

348 2639 492 2678 publicis
504 2640 703 2671 documenta
713 2640 866 2681 quaedam
880 2640 968 2671 servi
977 2649 1032 2670 eo-

349 2696 422 2717 rum
442 2689 638 2729 captabant,
652 2698 710 2720 seu
731 2689 835 2728 domi,
848 2699 906 2720 seu
923 2694 1032 2720 custo·

349 2735 480 2766 dientes
492 2736 631 2776 januam
645 2738 850 2778 Scholarum,
864 2739 897 2768 111
913 2738 1029 2779 quibus
1072 2753 1073 2759 1

1084 1908 1274 1940 docebant:
1302 1909 1420 1940 audire
1446 1918 1567 1950 nempe
1590 1911 1696 1942 multa
1719 1916 1768 1943 at-

1084 1967 1147 1998 que
1178 1957 1307 1988 utiliter
1341 1958 1498 1997 excipere
1534 1962 1706 1998 poterant,
1741 1961 1768 1990 si

1085 2006 1219 2045 paulum
1250 2006 1412 2045 ingeniosi
1436 2012 1558 2038 essent.
1603 2008 1659 2039 De
1682 2009 1769 2040 Cris-

1086 2054 1165 2093 pino
1180 2054 1328 2085 Stoicam
1340 2058 1466 2086 sectam
1481 2057 1646 2097 amplexo,
1660 2066 1686 2088 1.
1697 2058 1766 2089 Sat.

1086 2105 1116 2133 1.
1136 2107 1171 2134 et
1186 2106 1218 2134 3.

1126 2154 1167 2182 46
1192 2153 1235 2182 Te
1257 2151 1368 2190 conjux
1388 2152 1488 2183 aliena
1508 2152 1605 2193 capit]
1626 2153 1767 2185 Adulte-

1083 2201 1205 2231 riorum
1221 2205 1370 2231 sectator
1382 2201 1524 2241 quilibet
1539 2202 1591 2232 1110
1606 2204 1767 2243 arguitur,

1083 2258 1148 2280 non
1164 2249 1234 2288 ipse
1258 2248 1442 2279 Horatius:
1470 2249 1525 2290 qui
1541 2249 1635 2280 abiis
1651 2251 1766 2282 abhor-

1085 2297 1191 2330 rebat.
1215 2296 1324 2328 1.Sat.
1341 2300 1372 2327 2.

1126 2349 1166 2375 53
1183 2346 1229 2376 Τιι
1245 2354 1323 2384 cum,
1335 2343 1477 2384 projectis
1490 2344 1676 2387 insignibus]
1696 2348 1765 2379 De-

1088 2394 1197 2434 posita
1233 2398 1322 2432 toga,
1351 2396 1454 2422 exuto
1487 2399 1630 2432 angusto
1658 2397 1765 2436 clavo,

1083 2442 1294 2483 equestrique
1314 2441 1434 2471 annulo
1451 2445 1484 2471 et
1500 2440 1676 2483 dignitate,
1695 2446 1765 2484 qui-

1085 2493 1143 2523 bus
1159 2491 1200 2523 ab
1215 2490 1365 2530 Angusto
1385 2499 1420 2519 es
1450 2490 1640 2531 insignitus,
1664 2495 1766 2524 servi-

1083 2542 1146 2572 lem
1171 2544 1280 2571 autem
1304 2539 1438 2570 indutus
1461 2539 1625 2581 habitum,
1642 2551 1684 2572 ne
1708 2551 1765 2581 ag-

1083 2589 1239 2626 noscaris,
1256 2589 1324 2628 jam
1353 2597 1416 2618 non
1433 2587 1554 2620 videris
1577 2599 1677 2630 eques
1699 2591 1765 2621 Ro-

1083 2647 1210 2677 manus,
1229 2638 1286 2668 sed
1307 2638 1379 2668 vilis
1406 2646 1530 2669 servus.
1566 2639 1652 2670 Vide
1677 2639 1764 2671 Geli·

1086 2698 1166 2722 xm.
1181 2692 1235 2721 20.
