1904 3256
309 279 390 324 578
775 297 819 333 Q.
853 294 1058 326 noRA¹r11
1094 293 1261 324 FLAcci

534 387 695 428 Custos
713 388 865 439 gentis,
884 388 986 427 abes
994 386 1088 438 jam
1106 385 1285 425 nimium
1305 383 1379 424 diu
1395 397 1406 434 ;
1432 405 1439 414 ι

533 451 754 493 Maturum
773 451 951 491 reditum
969 450 1190 502 pollicitus
1211 450 1389 490 Patrum

699 515 858 556 Sancto
879 514 1082 563 concilio,
1100 513 1206 554 redi.

530 583 690 622 Lucem
710 580 840 620 redde
853 584 952 628 tuae,
974 579 1063 619 dux
1081 579 1206 628 bone,
1227 579 1407 632 patriae3
1696 581 1724 619 5

531 648 676 687 Instar
696 646 808 685 veris
829 645 943 685 enim
963 645 1103 685 vultus
1123 644 1197 684 ubi
1216 648 1314 684 tuus
1472 649 1474 657 ⁴

529 711 720 759 Affulsit,
741 709 909 762 populo
930 710 1087 761 gratior
1106 710 1139 749 it
1163 709 1275 757 dies,

697 775 755 815 Et
773 775 889 815 soles
907 774 1064 815 melius
1083 775 1231 815 nitent.

530 842 593 882 Ut
611 844 744 881 mater
757 840 975 893 juvenem,
997 853 1124 892 quem
1144 840 1290 880 Notus
1309 839 1457 880 invido

527 908 660 948 Flatu
681 905 909 958 Carpathii
927 910 1040 946 trans
1062 906 1194 946 maris
1213 918 1388 959 aequora
1667 897 1723 944 10'

528 971 814 1013 Cunctantem
836 971 982 1023 spatio
1003 971 1175 1022 longius
1196 983 1337 1011 annuo

695 1037 828 1078 Dulci
848 1036 1028 1077 distinet
1049 1049 1074 1077 a
1095 1037 1236 1085 domo,

302 1173 408 1205 absens
421 1175 541 1211 [αἰπὺ
562 1179 712 1206 revertere
727 1175 779 1215 qui
802 1175 971 1214 promisisti
992 1185 1079 1206 sacro
1103 1176 1285 1207 Senatorum
1313 1174 1403 1204 coetui
1425 1175 1550 1205 celerem
1574 1174 1717 1204 reditum.

306 1215 428 1254 Optime
453 1217 615 1255 Princeps,
635 1217 762 1246 restitue
786 1217 885 1246 lumen
901 1216 1012 1254 patrioe
1027 1220 1100 1246 tuoe.
1144 1216 1226 1246 Nam
1247 1216 1364 1254 quando
1373 1215 1476 1251 facies
1497 1218 1550 1245 tua
1573 1218 1719 1253 tanquam

301 1265 429 1287 ternum
446 1260 564 1296 tempus
584 1255 940 1296 apparuit‚j1tcundiores
955 1256 1064 1296 fluunt
1086 1256 1180 1295 lwrae,
1203 1259 1234 1286 et
1247 1255 1314 1286 dies
1328 1255 1442 1285 clarius
1447 1255 1584 1293 fulgent.
1627 1255 1718 1285 Sicut

300 1301 396 1328 mater
404 1298 522 1328 erebi-is
536 1299 613 1328 votis
626 1307 662 1328 ac
674 1298 812 1337 precibus
826 1297 943 1336 expetit
945 1297 1065 1337 filium,
1081 1306 1169 1336 quem
1179 1296 1293 1327 Auster
1303 1296 1439 1327 adversis
1444 1296 1576 1335 flatibus
1586 1298 1719 1327 removet

895 1386 1126 1399 eeeeeeeeeeee

301 1461 421 1493 casus.’
465 1461 619 1492 Romuleae
645 1460 769 1500 aliquot
784 1458 962 1496 Tor-rentii,
986 1458 1051 1489 duo
1074 1458 1283 1498 Bersmanni,
1310 1460 1400 1500 Lips.
1415 1462 1446 1490 3.
1473 1463 1508 1490 et
1532 1460 1626 1491 Dess.
1642 1462 1718 1491 2.-·

300 1505 320 1533 4
345 1503 422 1534 Var.
438 1502 519 1533 lect.
536 1512 589 1542 ap.
603 1502 719 1534 JoneS.
743 1501 883 1532 concilio.
930 1500 1020 1535 Redi,
1037 1503 1067 1530 et
1085 1499 1209 1538 Lucem,
1222 1502 1339 1540 ἔμω-7
1361 1502 1370 1518 ‘
1388 1501 1444 1532 Sic
1461 1501 1566 1531 visum
1583 1505 1636 1532 est
1651 1501 1717 1532 dis-

301 1544 465 1582 tinguere,
479 1543 602 1585 (populo
615 1543 736 1581 gratior
750 1544 776 1572 it
790 1540 884 1581 dies,)
900 1545 936 1571 nt
951 1545 1003 1571 est
1015 1541 1087 1571 aliis
1105 1541 1302 1581 quibusdam
1316 1541 1405 1572 edd.’
1425 1541 1550 1579 Wakef.
1583 1542 1717 1584 Effulsit

301 1585 415 1616 Pulm.
431 1585 605 1616 Gemblac.
621 1587 651 1614 1.
666 1587 697 1614 2.
714 1593 798 1614 unus
814 1581 933 1614 Bland.
949 1582 1050 1620 Cruq.
1064 1581 1133 1612 Alt.
1150 1585 1178 1612 1.
1195 1583 1337 1623 Franeq.
1382 1583 1469 1613 Post
1480 1583 1585 1622 populo
1599 1583 1717 1615 distin-

300 1629 407 1665 guunt
421 1625 499 1656 Asc.
520 1625 634 1655 Lamb.
652 1625 754 1664 Cruq.
772 1625 888 1654 Heins.
906 1624 1007 1662 Rutg.
1021 1623 1098 1655 Jon.
1114 1623 1227 1654 Bentl.
1242 1623 1366 1655 Sanad.
1411 1624 1458 1654 At
1487 1627 1563 1663 post
1581 1623 1718 1664 Affuleit

297 1666 477 1696 Pulmauni
504 1666 677 1696 Gemblac.
702 1669 732 1696 l.
748 1668 779 1696 2.
803 1665 928 1695 Beller.
952 1669 986 1694 et
1009 1664 1139 1695 Diestli.
1163 1665 1278 1695 Rasill.
1297 1665 1396 1697 Febr.
1417 1665 1715 1696 Torrent.Muret.

297 1708 413 1747 Steph.
431 1706 512 1737 Fab.
526 1707 646 1737 Dacer.
662 1707 778 1736 Burin.
796 1706 879 1736 Cun.
895 1705 998 1735 Gesn.
1020 1704 1031 1720 ‘
1048 1706 1168 1742 Recte,
1185 1710 1287 1745 pnto;
1312 1715 1387 1736 nam
1401 1705 1600 1746 exquisitius
1611 1705 1715 1746 Afful-

297 1748 561 1819 ἱξῃιείῐηρίῂίῐῐῖει·
576 1753 611 1778 et
627 1748 696 1818 silue
713 1746 816 1818 casu)
830 1747 920 1777 Jani.
952 1745 1189 1818 Intelqdem2vs.
1204 1750 1235 1777 et
1250 1756 1311 1787 pro
1326 1747 1363 1786 it,
1379 1757 1460 1819 guilis
1477 1747 1714 1819 BlangaC÷uq.

332 1799 349 1819 u
367 1798 477 1819 manni
541 1797 617 1819 unn.
673 1798 681 1817 ι
709 1798 735 1819 S.
774 1809 781 1817 .
807 1796 826 1817 a
840 1797 884 1818 m.
933 1796 958 1816 r.
973 1796 991 1817 e
1053 1797 1060 1817 ι
1087 1797 1113 1818 s.
1153 1810 1160 1818 .
1178 1797 1197 1818 a
1212 1797 1254 1818 m.
1271 1797 1381 1819 sec.—
1452 1798 1504 1819 res
1519 1797 1559 1819 co
1607 1810 1616 1820 .
1662 1797 1716 1818 οι·-

297 1831 398 1860 rentii
420 1829 509 1860 uvido
534 1838 594 1869 pro
619 1797 733 1859 invigo.
778 1828 788 1845 ‘
803 1829 890 1858 Sane
906 1796 1026 1866 g'aepius
1047 1797 1184 1859 ‘pNotus
1200 1829 1365 1866 humidus,
1383 1830 1479 1867 udus,
1493 1828 1635 1868 uvidus,'
1649 1829 1716 1861 vid.

297 1871 409 1902 Benu.
435 1875 469 1900 at
495 1871 569 1910 quis
590 1870 622 1900 h.
649 1870 671 1900 l.
695 1878 759 1899 non
783 1868 942 1908 praeferat
965 1867 1088 1900 invido?
1133 1869 1254 1900 Facilis
1269 1875 1340 1900 erat
1355 1870 1487 1910 lapsus-³
1506 1870 1594 1901 Jam'.
1637 1870 1715 1901 Vid.

296 1912 378 1943 Var.
394 1913 506 1942 Lectt.
521 1911 563 1942 ad
579 1920 626 1941 vs.
641 1912 779 1941 39.—12
802 1910 899 1940 Dulci
924 1910 1040 1940 detinet
1065 1918 1147 1939 unus
1168 1910 1296 1940 Ber-sm.
1312 1911 1401 1950 Lips.
1416 1914 1448 1942 4.
1472 1911 1566 1941 Dess.
1580 1914 1612 1942 2.
1633 1920 1716 1941 non-

298 1954 445 1993 nullique
460 1953 611 1990 aliorum,
627 1952 707 1982 item
723 1951 862 1982 Locher.
895 1951 1033 1982 Venett.
1061 1950 1199 1981 Ascens.
1223 1952 1337 1982 Basill.
1361 1953 1485 1983 Muret.
1507 1951 1606 1982 Fabr.
1629 1952 1714 1982 Rut—

298 2004 384 2034 gers.
400 1999 434 2024 et
451 1994 601 2033 plurimae
616 1993 713 2023 editt.
745 1992 808 2022 Sed
824 1992 955 2022 destinet
972 1992 1099 2022 Comm.
1114 1992 1216 2032 Crnq.
1233 1992 1310 2024 Aer.
1326 1992 1400 2033 (qui
1416 1993 1506 2032 expl.
1523 1993 1533 2009 ⁴
1546 1992 1714 2032 κρυ-αι’)

297 2041 366 2066 tres
382 2035 524 2066 Blandd.
540 2035 641 2074 Cruq.
669 2033 816 2064 nonnulli
837 2035 990 2064 Torrent.
1007 2037 1041 2063 et
1057 2033 1174 2063 Lamb.
1194 2034 1366 2064 Pulmanui
1384 2034 1558 2066 Gemblac.
1575 2036 1605 2064 1.
1621 2036 1652 2066 2.
1676 2038 1713 2065 et

295 2076 421 2107 Beller.
449 2077 544 2106 multi
570 2076 684 2106 Bentl.
711 2075 790 2106 item
813 2074 928 2114 Steph.
945 2074 1064 2104 Heins.
1080 2074 1234 2106 Tot-rent.
1257 2075 1338 2105 Fab.
1362 2076 1475 2105 Burm-
1494 2075 1606 2106 Bentl.
1630 2075 1713 2106 Cun.

296 2118 373 2148 San.
396 2118 495 2148 Baxt.
511 2117 626 2148 Jones.
646 2117 796 2155 Francis,
817 2117 964 2150 Towers,
988 2114 1080 2154 Jani,
1102 2116 1239 2147 Mitsch.
1269 2116 1405 2156 Bipont.
1421 2117 1563 2147 wetzel.
1577 2115 1713 2148 Wakef.

297 2159 414 2190 Comb.
431 2163 466 2189 et
482 2158 585 2190 Kidd.
629 2158 778 2188 Verbum
796 2156 995 2197 exquisitius
1011 2157 1179 2196 magisque
1197 2156 1385 2196 poeticum;
1411 2158 1584 2197 probatum
1611 2157 1712 2188 etiam

296 2201 343 2231 N.
360 2200 477 2230 Heius.
505 2199 547 2230 ad
572 2199 672 2230 Ovid.
697 2199 792 2230 Rem.
808 2201 883 2229 486.
905 2198 1039 2228 destinet
1055 2198 1119 2228 duo
1134 2199 1228 2228 Vatt.
1245 2197 1360 2229 Faern.
1379 2199 1456 2229 Urs.
1470 2198 1584 2229 Nicot.
1596 2197 1712 2228 Lamb.

295 2242 443 2271 nonnulli
466 2241 618 2271 'rm-rent.
648 2245 684 2272 et
713 2241 814 2280 Cruq.
842 2239 1019 2270 Pulmanni
1046 2239 1159 2269 Hunn.
1187 2239 1283 2270 Gott.
1309 2239 1449 2269 Mentel.
1471 2239 1568 2270 Fran.
1595 2238 1663 2269 Ait.
1680 2242 1709 2269 l.

298 2282 393 2312 Harl.
411 2286 440 2323 2.
453 2286 484 2313 4.
509 2283 598 2320 Lips.
614 2285 643 2312 1.
664 2292 683 2312 a
698 2291 740 2312 m.
757 2291 807 2321 pr.
827 2281 917 2320 Lips.
933 2283 966 2310 2.
988 2284 1023 2310 et
1038 2280 1086 2310 sic
1102 2280 1180 2310 Zar.
1195 2279 1333 2316 Mediol.
1350 2282 1444 2311 1477.
1465 2280 1602 2310 Venett.
1618 2282 1710 2310 1478.

295 2324 446 2354 Lambin.
468 2324 588 2353 Dacer.
605 2324 647 2354 al.
680 2324 689 2340 ‘
705 2323 771 2353 Sed
787 2323 852 2352 hoc
869 2321 1003 2351 verbum
1021 2321 1140 2351 nullius
1156 2321 1378 2359 auctoritatis,
1394 2326 1512 2360 aperte
1527 2330 1569 2351 ex
1582 2320 1711 2352 distinet

297 2365 540 2405 corrumpendo
557 2364 694 2395 factum.
739 2364 836 2395 Unde
855 2363 1014 2402 deinceps
1036 2363 1170 2393 destinat
1184 2362 1218 2393 in
1234 2362 1409 2398 nonnullis,
1427 2367 1464 2393 ut
1481 2363 1570 2402 Lips.
1585 2364 1615 2393 1.
1631 2371 1649 2392 a
1665 2371 1707 2392 m.

933 2454 1072 2486 NOTAE

339 2523 359 2551 2
381 2521 462 2552 Αὺεε
473 2520 541 2559 jam
554 2521 683 2551 nimium
695 2518 765 2558 diu]
785 2517 905 2549 Tribus
920 2525 978 2547 an·
1031 2518 1178 2548 Romano
1193 2516 1235 2547 ad
1250 2515 1435 2556 Augustum
1448 2516 1568 2549 missis,
1603 2517 1710 2548 Cunc-

297 2568 349 2599 nis
379 2568 483 2599 Roma
514 2569 629 2600 Caesar
655 2566 773 2606 abfuit,
795 2567 829 2597 in
851 2566 978 2598 Gallias
1030 2567 1115 2599 tanti
1127 2576 1206 2598 vero
1217 2567 1299 2598 hanc
1311 2567 1407 2598 Oden
1422 2567 1556 2608 scripsit
1569 2567 1686 2598 Poeta.

297 2616 471 2657 profectus
484 2627 536 2648 an.
552 2619 594 2648 U.
610 2619 649 2649 C.
662 2620 736 2648 737.
1072 2620 1093 2648 9
1118 2617 1162 2647 Ut
1174 2617 1287 2657 mater]
1322 2617 1381 2648 Nil
1396 2617 1528 2648 suavius
1542 2617 1604 2648 ista
1619 2626 1707 2648 com-

340 2668 359 2696 3
382 2666 541 2695 Moturum
571 2667 700 2696 reditum
723 2665 888 2705 pollicitus,
909 2665 979 2704 fio]
1029 2665 1211 2705 paratione.

298 2715 363 2746 Seu
379 2719 555 2755 antequam
574 2715 689 2753 abiret,
704 2724 761 2746 seu
777 2723 837 2754 per
851 2713 977 2752 literas,
1072 2716 1111 2744 10
1135 2712 1309 2754 Carpathii]
1322 2713 1376 2745 De
1387 2722 1427 2744 eo
1443 2714 1526 2745 mari
1542 2723 1567 2745 1.
1580 2711 1646 2758 031.
1655 2715 1707 2745 ³5.

298 2773 355 2795 seu
372 2762 601 2805 legationibus,
616 2773 636 2794 a
650 2764 772 2794 Senatu
787 2762 976 2803 populoque
1030 2765 1061 2794 8.
1666 2769 1670 2771 ·
