1904 3256
358 270 442 311 660
823 287 865 323 Q.
898 285 1102 315 nonaru
1137 283 1305 315 FLAcc1

583 388 701 438 Quid
718 389 800 429 hoc
820 389 976 428 veneni
997 388 1125 430 saevit
1144 387 1188 428 in
1207 389 1458 442 praecordiis
1475 392 1494 430 'l
1743 395 1772 434 5

635 455 755 494 Num
778 455 995 506 viperinus
1013 452 1082 494 his
1102 467 1228 495 cruor

578 519 780 559 Incoctus
799 518 945 559 herbis
963 531 1030 558 me
1049 518 1203 560 fefellit
1215 520 1235 560 ‘l
1265 533 1320 561 an
1341 522 1480 563 malas

633 585 819 626 Canidia
837 586 1037 627 tractavit
1056 585 1223 638 dapes?

576 650 637 691 Ut
657 650 931 702 Argonautas
949 655 1102 705 praeter
1120 664 1270 695 omnes
1290 653 1520 694 candidum

632 715 792 757 Medea
811 716 966 758 mirata
986 723 1053 758 est
1073 716 1241 767 ducem,
1715 719 1770 760 10

351 813 385 843 in
406 813 562 844 intestinis
584 816 715 844 oestuat?
757 814 810 844 An
833 814 1007 853 viperarum
1027 814 1156 853 sanguis
1178 815 1248 846 istis
1267 815 1426 847 immixtus
1446 816 1547 847 herbis
1565 816 1683 856 decepit
1704 819 1771 847 me?

352 855 510 894 Numquid
527 855 660 885 Canidia
673 855 780 885 noxios
802 855 888 886 hosce
908 855 990 885 cibos
1004 857 1226 888 contrectavit?
1270 858 1372 897 Certe,
1385 859 1503 897 quando
1518 858 1629 888 Medea
1644 859 1771 889 adama-

348 896 394 927 vit
408 897 552 928 Jasonem
566 897 815 936 Argonautarum
832 897 1008 936 Principem
1025 906 1092 937 proe
1105 899 1216 929 ceteris
1233 899 1405 939 pulchrum,
1419 900 1480 930 isto
1493 899 1580 930 illum
1597 899 1708 939 tinxit,
1719 899 1769 930 in·

944 979 1001 991 000
1005 979 1175 993 Oneon-000

351 1029 449 1063 Aldd.
461 1032 590 1073 Gryph.
608 1033 728 1072 Delph.
739 1033 863 1064 Sanad.
879 1037 914 1064 et
929 1034 971 1065 al.
988 1038 1072 1067 vett.
1088 1035 1193 1072 Edat3
1215 1035 1274 1066 sed
1300 1035 1396 1066 Harl.
1413 1037 1442 1065 1.
1454 1037 1485 1065 2.
1500 1036 1531 1064 3.
1543 1036 1574 1064 4.
1603 1037 1671 1064 tres
1688 1033 1766 1066 Vat.

347 1073 508 1105 Jannoct.
522 1074 598 1106 Urs.
611 1079 646 1104 et
659 1075 798 1105 Torues.
815 1084 870 1114 ap.
892 1076 1042 1107 Lambin.
1056 1081 1199 1116 quatuor
1214 1086 1269 1115 ap.
1284 1077 1383 1116 Cruq.
1402 1075 1618 1106 vetustissimi
1637 1076 1768 1114 optimi-

347 1123 411 1185 gue
425 1115 604 1154 Torrentii,
618 1115 742 1154 Acron,
756 1116 923 1156 Porphyr.
942 1117 1058 1148 Lamb.
1080 1118 1182 1157 Cruq.
1203 1117 1359 1148 Torrent.
1383 1117 1501 1148 Heius.
1523 1117 1580 1147 Ste
1607 1117 1638 1147 h.
1654 1117 1766 1148 Bond.

373 1156 519 1187 chrevel.
544 1157 658 1188 Bentl.
681 1156 783 1187 Baxt.
809 1157 950 1197 Cuning.
976 1158 1124 1194 Francis,
1147 1158 1286 1198 Bipont.
1306 1155 1443 1188 Mitsch.
1467 1156 1584 1188 Wetze
1600 1180 1609 1188 .
1633 1156 1768 1189 Wakef.

348 1195 466 1228 Comb.
493 1202 528 1228 et
552 1197 656 1228 Kidd.
679 1197 767 1228 Edit.
789 1197 884 1229 Goti.
905 1199 1018 1230 Zarot.
1041 1203 1077 1230 et
1102 1204 1234 1230 veteres
1249 1199 1451 1230 membranae
1470 1198 1637 1229 Tot-rentii
1652 1199 1768 1236 aliam,-

347 1237 451 1270 Rrod.
477 1239 598 1274 aleum3
621 1239 726 1269 ceteri
753 1248 868 1270 omnes
889 1240 1067 1271 allium—5
1093 1240 1188 1275 Quet's
1208 1241 1262 1271 hoc
1280 1241 1390 1271 veneni
1412 1239 1546 1270 Bonfin.
1566 1239 1770 1271 alateum.-

345 1283 366 1310 6
390 1280 462 1310 Non
476 1280 630 1320 viperinus
645 1281 801 1320 anacius
815 1290 857 1311 ex
874 1281 972 1312 codd.
997 1281 1080 1312 Obn.
1100 1285 1301 1313 xitum—8
1323 1283 1333 1300 ⁸
1346 1281 1505 1313 Codicem
1523 1281 1592 1312 vidi
1612 1290 1678 1312 nou
1700 1289 1769 1311 mo-

345 1321 425 1357 lum,
442 1322 499 1362 qui
514 1322 643 1353 tentavit
659 1321 942 1362 habebat,'addito
961 1323 1102 1363 margini
1119 1324 1288 1355 Scholiolo
1306 1333 1371 1364 quo
1391 1323 1493 1354 lectio
1515 1322 1573 1355 illa
1594 1322 1768 1355 confirma-

987 1393 1126 1425 NOTAE

345 1454 416 1485 sine
432 1454 547 1485 dolore
562 1454 748 1494 extinguit:
776 1457 812 1484 at
837 1454 948 1484 allium
964 1458 1029 1485 tor-

346 1509 439 1546 quet,
449 1504 573 1544 adurit,
588 1509 719 1535 enecat.
749 1503 878 1534 cicutae
896 1513 1029 1534 succum

344 1558 453 1584 morte
488 1553 634 1583 damnati
670 1551 786 1583 bibere
821 1551 1030 1591 cogebantur

345 1603 435 1642 apud
464 1601 698 1633 Athenienses.
747 1599 836 1631 Plin.
865 1608 950 1630 xxv.
978 1603 1029 1631 13.

344 1654 354 1669 ‘
373 1651 514 1689 Cicuta‚'
527 1651 647 1691 inquit,
665 1649 674 1667 ‘
692 1659 854 1680 venenum
871 1654 934 1685 est,
948 1650 1028 1689 pub-

343 1701 408 1732 lica
424 1699 676 1731 Atheniensium
692 1708 790 1739 poena
806 1698 936 1730 invisa!
973 1699 1030 1730 Ita

344 1751 502 1781 Socrates
523 1748 703 1779 extinctus.
741 1747 828 1778 Vide
844 1748 940 1779 Pers.
956 1748 1026 1779 Sat.

343 1808 394 1831 ιν.
410 1802 442 1830 2.

385 1846 521 1886 Auium]
536 1846 620 1876 Sunt
635 1845 690 1885 qui
702 1854 763 1884 per
778 1844 912 1876 unicum
927 1847 939 1875 1
953 1846 1030 1876 scri-

344 1897 428 1928 bant
451 1897 557 1936 alium,
583 1900 618 1925 et
643 1894 771 1924 dictum
798 1895 914 1925 volunt
938 1895 1026 1934 quod

343 1946 432 1978 oleat
445 1957 452 1976 :
477 1945 543 1985 alii,
556 1944 597 1975 ab
613 1944 622 1961 ‘
636 1941 803 1980 halando‚’
817 1943 932 1973 halium
946 1943 1028 1973 scri-

343 1995 438 2026 bunt.
461 1994 528 2025 Alii
539 1993 580 2024 ab
590 1991 750 2030 ἅλλεσθαι,
763 1991 850 2032 quod
862 1991 1028 2022 exsiliendo

342 2048 486 2083 crescat,
499 2043 604 2074 allium
617 2041 801 2073 deducunt.
833 2040 954 2071 Melius
971 2041 1028 2071 alii

345 2103 364 2123 a
380 2102 463 2123 voce
487 2091 624 2131 ἅγλιθες,
646 2089 904 2130 alliorun2,capita
924 2089 1024 2130 signi-

342 2141 477 2172 ficante.

384 2192 405 2220 4
424 2190 453 2218 O
467 2190 545 2219 dura
557 2197 720 2219 messorum
733 2187 802 2228 ilia]
829 2188 913 2221 Quae
935 2188 1024 2219 vide-

340 2238 421 2269 licet
436 2237 570 2277 impune
585 2237 749 2268 devorent
763 2241 799 2268 et
816 2241 1023 2278 concoquant

343 2286 468 2326 allium,
485 2285 575 2326 quod
600 2287 681 2316 meis
706 2286 740 2316 in
763 2286 958 2326 praecordiis
980 2287 1026 2318 ita

344 2335 452 2366 saevit.
489 2334 609 2366 Galen.
644 2334 849 2374 Therapeut.
874 2335 932 2366 lib.
959 2344 1025 2367 ΧΠ.

343 2383 455 2414 allium
471 2387 571 2414 vocat
585 2383 595 2400 ‘
608 2382 808 2414 rusticorum
822 2383 1027 2414 theriacam!

341 2432 461 2473 Virgil.
476 2432 548 2463 Ecl.
563 2441 604 2463 11.
623 2431 633 2449 ‘
649 2430 748 2473 Allia,
763 2433 1025 2473 serpyllumque,

340 2482 459 2513 herbas
475 2480 652 2512 contundit
666 2481 816 2512 olentes.'

382 2536 400 2563 5
421 2532 503 2567 Quid
512 2532 568 2562 hoc
582 2531 701 2566 veneni.
715 2531 781 2572 ὅτι]
803 2530 902 2564 Quod
918 2538 1023 2571 genus

341 2586 395 2612 est
419 2581 502 2612 illud
517 2580 648 2616 veneni,
664 2589 729 2621 quo
750 2580 798 2611 sic
815 2580 1024 2612 discrucior?

341 2629 462 2662 Allium
489 2638 579 2670 sane,
602 2633 725 2670 utpote
749 2630 906 2668 calidum,
935 2639 1024 2668 acre,

341 2687 440 2718 grave
456 2678 561 2716 olens,
572 2682 672 2709 coctu
688 2678 787 2708 etiam
798 2677 944 2718 difficile,
956 2682 1022 2708 sto-

342 2727 459 2758 macho
485 2726 670 2757 delicatiori
693 2736 732 2758 ac
759 2720 1022 2768 temperamento

342 2774 513 2807 t‘ervidiori
534 2779 569 2805 et
589 2775 772 2814 πικροχόλῳ,
787 2785 845 2807 seu
869 2775 1022 2807 amariori

1083 1455 1141 1486 bili
1154 1455 1308 1494 obnoxio,
1319 1456 1417 1496 quale
1431 1455 1577 1487 habebat
1593 1455 1768 1496 Horatius,

1083 1512 1184 1544 grave
1197 1514 1270 1536 esse
1284 1505 1429 1536 debebat
1442 1515 1450 1534 :
1467 1509 1503 1535 at
1517 1508 1634 1535 contra
1643 1504 1767 1535 homini

1081 1553 1248 1593 frigidiori
1271 1555 1322 1584 vel
1349 1553 1529 1584 robustiori
1549 1553 1682 1584 salubre
1703 1558 1767 1585 est.

1083 1602 1200 1632 Suidas
1217 1602 1276 1641 ait,
1301 1602 1310 1619 ‘
1327 1603 1472 1633 Thraces
1490 1602 1573 1632 alliis
1594 1602 1768 1641 delectari,

1082 1658 1145 1680 nec
1159 1650 1346 1689 immerito,’
1362 1651 1492 1691 inquit:
1518 1651 1528 1668 ‘
1547 1650 1626 1681 allia
1642 1651 1768 1691 quippe
1799 1674 1804 1678 .

1081 1699 1188 1730 calida
1199 1705 1293 1731 sunt:
1311 1700 1359 1731 illi
1369 1709 1448 1731 vero
1454 1698 1607 1739 frigidam
1617 1700 1767 1732 incolunt

1082 1748 1278 1787 regionem!

1121 1799 1142 1827 6
1167 1796 1252 1827 Num
1265 1797 1419 1838 viperinus
1436 1797 1484 1828 his
1501 1806 1604 1837 cruor,
1619 1796 1688 1838 ξω]
1708 1797 1764 1829 An

1080 1854 1161 1876 vero
1176 1846 1289 1876 allium
1303 1846 1393 1878 istud
1411 1847 1578 1878 incoctum
1599 1845 1709 1878 fuerat
1730 1848 1764 1878 in

1081 1894 1231 1933 viperino
1261 1896 1434 1935 sanguine,
1457 1895 1546 1936 qnod
1570 1895 1764 1935 imprudens

1080 1953 1143 1982 ego
1164 1943 1417 1975 devoraverim?
1441 1944 1527 1975 Vide
1552 1953 1578 1976 1.
1592 1943 1658 1976 od.
1677 1947 1710 1975 8.
1732 1948 1763 1976 9.

1082 1992 1171 2022 Plin.
1187 2001 1236 2023 x1.
1252 1995 1304 2023 53.
1325 1994 1408 2024 Coel.
1425 1992 1571 2034 Rhodig.
1587 2001 1696 2025 xxm.
1711 1996 1764 2025 1⁰.

1121 2042 1140 2070 7
1163 2040 1216 2071 An
1230 2042 1327 2072 malas
1343 2042 1486 2080 Canidia,
1500 2041 1570 2082 ξω]
1590 2041 1644 2072 An
1659 2041 1763 2082 dape·

1078 2099 1160 2130 quas
1181 2090 1310 2121 coenavi
1332 2090 1450 2121 infecit
1471 2099 1600 2121 veneno
1623 2090 1763 2122 Canidia

1077 2139 1229 2170 venefica
1243 2140 1301 2170 illa
1316 2140 1479 2180 insignis?
1509 2141 1563 2171 De
1586 2149 1626 2171 ea
1647 2144 1761 2181 postea

1076 2187 1150 2219 fuse
1163 2188 1196 2218 in
1212 2197 1280 2229 seq.
1296 2189 1404 2229 Epod.

1118 2241 1138 2268 9
1165 2238 1208 2268 Ut
1230 2239 1439 2278 Argonautas,
1459 2239 1527 2279 Esca]
1549 2237 1759 2270 Crediderim

1075 2296 1155 2318 sane
1180 2295 1244 2317 non
1268 2287 1332 2317 alio
1353 2287 1597 2318 medicamento
1618 2286 1762 2318 instruc·

1077 2341 1147 2366 tum
1163 2345 1183 2366 a
1197 2335 1323 2366 Medea
1341 2335 1495 2368 Jasonem
1509 2333 1625 2370 fuisse,
1641 2333 1760 2366 adver-

1077 2394 1129 2415 sus
1145 2388 1259 2416 tauros
1274 2382 1519 2421 formidabiles;
1542 2391 1604 2414 nec
1619 2381 1683 2413 alio
1699 2391 1757 2423 pa-

1077 2433 1160 2463 riter
1176 2441 1265 2462 usam
1283 2430 1442 2462 veneficio
1459 2431 1565 2471 ipsam
1588 2430 1758 2466 Medeam,

1074 2481 1115 2511 ad
1131 2480 1333 2521 perdendam
1350 2479 1488 2510 invisum
1510 2479 1573 2510 sibi
1591 2479 1759 2519 pellicem.

1073 2528 1218 2569 Insurgit
1231 2528 1283 2560 hic
1298 2538 1356 2559 suo
1372 2537 1461 2559 more
1475 2527 1622 2568 Scaliger
1637 2527 1669 2558 in
1684 2536 1757 2558 nos-

1077 2583 1163 2609 trum
1193 2577 1334 2608 Poe'tam
1362 2577 1611 2617 hypercritice:
1651 2575 1661 2593 ‘
1678 2576 1757 2607 Non

1077 2631 1129 2657 est
1156 2626 1259 2665 illud:
1285 2625 1403 2666 inquit,
1430 2625 1569 2665 ‘supino
1590 2629 1648 2656 aut
1671 2626 1757 2656 osci-

1079 2676 1160 2706 tanti
1174 2674 1305 2716 jndicio
1324 2675 1578 2706 admittendum.
1621 2672 1756 2715 Quippe

1077 2726 1124 2756 ait
1137 2725 1295 2756 Jasonem
1318 2734 1338 2756 a
1359 2720 1481 2755 Medea
1497 2728 1694 2765 perunctum
1710 2724 1757 2754 al-

1077 2775 1132 2814 lio,
1150 2773 1279 2805 scilicet
1295 2777 1330 2805 ut
1346 2783 1385 2804 eo
1403 2773 1648 2804 medicamento
1668 2774 1758 2803 esset
