1890 3256
609 276 887 308 sunuoumu
923 278 1016 308 mn.
1050 279 1102 309 n.
1132 268 1174 310 8.
1493 269 1606 312 1055

145 370 340 413 Affertur
359 371 550 425 squillas
568 370 682 413 inter
697 385 893 414 muraena
913 376 1117 414 natantes

145 439 198 480 In
219 439 370 493 patina
390 444 606 493 porrecta.
669 440 764 480 Sub
787 440 873 480 hoc
892 439 1038 488 herus,
1060 439 1175 482 Haec
1196 438 1395 492 gravida,
1416 440 1572 495 inquit,

145 505 291 560 Capta
309 509 390 556 est,
412 505 602 547 deterior
622 510 724 559 post
745 511 920 560 partum
943 519 1076 548 carne
1097 506 1256 548 futura.

144 574 236 616 His
255 573 432 615 mistum
447 572 525 627 jus
545 578 637 625 est3
670 573 786 624 oleo,
808 574 928 628 quod
949 575 1093 628 prima
1112 573 1296 616 Venafri

142 641 313 683 Pressit
334 641 473 692 cella3
504 653 609 694 garo
631 641 687 682 de
710 642 856 683 succis
876 642 1018 695 piscis
1040 642 1187 694 Iberi;

141 708 262 751 Vino
283 708 567 763 quinquenni,
588 722 740 750 verum
757 710 869 750 citra
890 722 1010 751 mare
1030 715 1149 759 nato,

1546 578 1603 618 45

141 835 288 866 lacerant
301 834 439 874 lagenas.
484 835 566 867 Mox
580 835 746 877 apponitur
759 845 900 867 muraemz
913 836 946 867 in
961 837 1066 867 catino
1082 840 1210 868 extensa
1236 837 1318 868 inter
1338 837 1465 877 squillas
1478 837 1604 876 jusculo

144 877 314 908 immersas.
359 878 438 908 Tum
461 879 602 909 dominus
623 878 692 909 uit.-
716 878 785 909 Ista
804 888 981 928 proegnuns·
996 883 1086 919 capta
1113 884 1171 920 ese,
1194 889 1261 919 qnoe
1284 881 1388 910 minus
1411 880 1490 911 bona
1511 890 1604 912 carne

129 919 246 956 suaset
264 922 426 960 postquam
445 929 538 960 peper
539 920 624 952 isset·
670 920 735 951 His
749 920 887 961 affusum
901 924 947 952 est
961 931 1019 959 με
1035 931 1074 952 ex
1089 923 1152 952 oleo
1167 931 1244 962 capt
1245 932 1311 953 esso
1329 932 1345 953 e
1365 923 1524 962 praecipua
1545 923 1603 954 Ve-

138 961 225 999 Μήτ’
241 962 318 994 cella
319 985 330 1004 ,
343 972 423 1002 garo
437 972 454 995 e
468 973 556 995 succo
574 963 707 1006 piscium
719 963 949 1004 Hispanorum,
963 964 1036 995 vino
1051 964 1184 1005 quinque
1198 974 1361 1005 armorum,
1375 968 1407 996 at
1424 966 1604 1006 cismarina,

747 1057 986 1070 eeeeeeeeeee

139 1122 314 1163 convivas,
328 1132 391 1164 pro
417 1123 558 1161 delectis,
576 1126 678 1164 atque
700 1122 974 1154 honoratioribus
991 1123 1145 1156 diceret!
1166 1124 1326 1156 Fea.—-46
1350 1125 1502 1157 Chisian.
1520 1128 1550 1157 1.
1567 1127 1599 1156 2.

140 1170 177 1196 et
192 1174 276 1197 unns
293 1175 347 1207 ap.
364 1166 520 1197 Oberlin.
536 1167 574 1197 de
587 1166 680 1196 sucis.
723 1167 799 1196 Duo
816 1166 913 1197 Vatt.
928 1166 1073 1204 defice-is.
1108 1166 1188 1198 Vid.
1206 1176 1229 1198 ι.
1248 1168 1318 1198 Sat.
1336 1171 1366 1199 4.
1383 1171 1437 1199 40.
1485 1168 1600 1199 Hiberi

139 1207 278 1248 plurimi
295 1218 350 1250 ap.
363 1208 480 1250 Feam,
497 1208 581 1240 item
596 1209 673 1240 edd.
689 1208 830 1240 Mediol.
844 1211 938 1240 1476.
954 1209 1097 1249 Venett,
1114 1212 1208 1242 1478.
1227 1212 1322 1241 1483.
1339 1213 1434 1243 1490.
1453 1213 1549 1242 1495.
1563 1215 1600 1242 et

796 1305 937 1337 No'rAE

178 1371 221 1401 42
237 1368 392 1411 Squillus]
409 1369 542 1412 Squilla
555 1369 738 1411 pisciculus
751 1374 805 1402 est
820 1379 839 1402 e

135 1429 335 1453 cancrorum
352 1430 497 1461 genere:
522 1420 566 1452 de
588 1430 654 1461 quo
666 1420 739 1461 jam
757 1424 838 1451 ante

132 1470 206 1502 Sat.
222 1479 274 1503 iv.
288 1471 360 1503 Cic.
377 1470 420 1502 de
437 1471 518 1503 Nat.
535 1471 640 1502 Deor.
654 1479 694 1501 ιι.
711 1479 745 1501 n.
761 1471 836 1501 123.

133 1520 249 1552 Pinna
273 1520 367 1563 (quae
392 1525 444 1552 est
467 1530 486 1552 e
516 1520 656 1552 conchis
682 1519 837 1560 marinis)

131 1569 144 1588 ‘
160 1580 238 1602 cum
255 1580 363 1612 parva
378 1571 503 1612 squilla
518 1571 613 1612 quasi
630 1571 835 1602 societatem

133 1620 206 1651 coit
218 1620 439 1661 comparandi
456 1619 548 1652 cibi?
571 1619 703 1651 Plinius
718 1628 768 1652 ιΧ.
781 1622 835 1651 42.

135 1677 208 1702 rem
217 1667 339 1701 festive
351 1670 519 1710 explicat:
532 1679 595 1701 nec
605 1670 737 1710 pigebit
749 1674 839 1700 tran-

133 1718 306 1750 scribere:
331 1719 340 1737 ‘
354 1719 569 1751 concharum
585 1720 718 1760 generis
733 1720 836 1760 pinna

132 1772 199 1800 est.
217 1769 380 1800 Nascitur
391 1769 423 1800 in
435 1769 837 1810 timont-,subrectasem-

131 1829 205 1861 per,
227 1829 292 1851 nec
312 1830 459 1862 unquam
485 1821 559 1852 sine
580 1822 717 1858 comite,
734 1831 834 1863 quem

131 1870 346 1911 pinnoterem
363 1875 505 1910 vocant,
523 1871 581 1902 alii
599 1872 835 1914 pynnophyla-

131 1929 218 1952 cem.
248 1919 284 1952 Is
301 1924 353 1952 est
368 1920 492 1962 squilla
509 1930 637 1961 parva:
656 1922 735 1952 alibi
753 1932 833 1953 can-

130 1979 189 2002 cer
199 1970 335 2011 dapisas
345 1975 508 2003 sectator.
524 1971 654 2002 Pandit
666 1981 702 2002 se
716 1972 833 2013 pinna,

131 2020 312 2053 luminibus
323 2021 443 2052 orbum
455 2031 578 2062 corpus
589 2022 680 2054 intus
692 2023 832 2058 minutis

131 2069 282 2110 piscibus
297 2069 467 2111 praebens.
497 2070 678 2103 Assultant
692 2073 741 2103 illi
758 2082 832 2112 pro-

130 2119 222 2151 tinus
234 2129 246 2159 ;
260 2123 297 2152 et
319 2119 374 2151 ubi
397 2120 537 2152 licentia
552 2120 696 2152 audacia
710 2122 832 2158 crevit,

131 2170 275 2211 implent
291 2180 377 2202 eam.
420 2171 497 2203 Hoc
520 2175 656 2212 tempus
677 2174 831 2213 specula-

131 2224 187 2251 tus
202 2220 318 2260 index,
333 2230 444 2252 morsu
460 2222 527 2253 levi
543 2221 724 2262 significat.
767 2222 832 2254 Illa

130 2279 191 2301 ore
213 2279 423 2311 compresso,
439 2271 600 2314 quicquid
619 2272 757 2304 inclusit
773 2283 830 2304 ex·

132 2321 270 2360 animat,
290 2324 489 2363 partemque
505 2321 596 2353 socio
611 2322 754 2354 tribuite

172 2370 336 2411 Murena]
369 2371 479 2402 Piscis
502 2381 624 2403 carens
651 2372 763 2412 pinnis
794 2377 830 2405 et

129 2419 313 2461 branchiis,
348 2420 391 2452 de
431 2431 556 2462 genere
594 2431 712 2453 eorum
744 2426 754 2440 ‘
771 2423 829 2464 qui

129 2468 280 2502 flexuoso
307 2479 485 2512 corporum
509 2472 654 2512 impulsu
679 2472 728 2503 ita
745 2473 830 2504 mari

136 2523 295 2557 utuntur,
311 2526 348 2552 ut
363 2526 540 2562 serpentes
557 2525 662 2560 terra,
685 2523 719 2553 in
736 2522 830 2554 sicco

131 2570 235 2601 etiam
259 2571 442 2610 repentes.’
475 2573 566 2604 Plin.
582 2582 634 2604 ix.
650 2576 704 2605 20.
726 2579 762 2604 et
776 2577 829 2606 23.

130 2618 229 2651 Idem
245 2619 327 2652 ibid.
340 2630 416 2662 cup.
427 2625 481 2654 55.
496 2624 647 2655 celebrat
662 2633 830 2656 muraena-

131 2670 371 2706 rumwivaria,
387 2677 422 2702 et
445 2681 558 2704 earum
582 2684 641 2706 sex
666 2675 771 2706 millia
795 2675 829 2706 in

132 2720 238 2751 coenis
261 2721 518 2762 triumplialibus
542 2724 686 2756 Caesaris
708 2726 828 2757 Dicta-

131 2770 228 2802 toris.

173 2824 215 2854 43
240 2821 406 2864 Porrectu]
431 2824 521 2866 Ergo
543 2834 666 2866 magua
692 2832 727 2859 et
752 2837 827 2869 pro-

895 1379 986 1402 cera.
1010 1379 1049 1402 11.
1068 1371 1142 1402 Sat.
1165 1373 1195 1403 2.
1220 1371 1231 1389 ‘
1249 1371 1451 1402 Porrectum
1476 1379 1600 1412 magno

893 1429 1053 1461 magnum
1069 1425 1230 1461 spectare
1243 1421 1356 1452 catino
1366 1420 1523 1457 Vellem‚’
1535 1423 1601 1452 διο.

934 1472 976 1501 43
1004 1470 1146 1502 Gravida
1160 1470 1262 1510 Capta
1279 1469 1342 1510 est]
1366 1469 1458 1502 Quid
1475 1469 1538 1501 hoc
1556 1470 1598 1501 ad

892 1521 986 1551 rem?
1002 1525 1038 1551 et
1049 1530 1125 1561 quae
1138 1520 1226 1551 ratio
1239 1519 1360 1551 fulciat
1374 1529 1415 1551 ea
1427 1529 1503 1562 quae
1519 1530 1598 1551 mox

891 1569 1088 1602 adduntur?
1113 1570 1278 1602 Proiecto
1299 1570 1414 1601 insulsi
1438 1571 1601 1602 conviva·

891 1620 974 1651 toris
993 1630 1079 1652 vana
1094 1620 1236 1653 somnia.

933 1672 974 1701 45
997 1669 1143 1710 Venafri]
1161 1671 1213 1701 De
1231 1669 1432 1710 praestantia
1447 1669 1512 1701 olei
1528 1670 1599 1702 Ve-

891 1719 1022 1752 nafrani
1042 1721 1133 1752 Plin.
1151 1729 1213 1752 xv.
1230 1723 1262 1752 2.
1287 1722 1298 1738 ‘
1316 1720 1355 1750 In
1378 1720 1442 1751 hoc
1463 1729 1597 1762 quoque

891 1770 980 1802 bono
997 1771 1226 1812 principatum
1253 1769 1403 1801 obtinuit
1426 1773 1499 1802 toto
1514 1771 1598 1802 orbe

889 1822 1003 1862 Italia,
1018 1822 1164 1852 maxime
1182 1830 1264 1861 agro
1273 1819 1497 1852 Venafrano!
1543 1822 1596 1853 De

889 1882 930 1903 eo
947 1873 1021 1912 jam
1037 1882 1141 1913 supra
1156 1881 1197 1903 ιι.
1214 1872 1287 1903 Sat.
1300 1874 1333 1903 4.
1348 1874 1403 1904 69.
1441 1871 1494 1904 De
1510 1873 1595 1904 urbe

889 1922 1042 1955 Venafro
1058 1931 1098 1955 11.
1115 1922 1184 1955 Od.
1200 1925 1233 1954 6.
1249 1922 1282 1953 in
1298 1921 1380 1954 fine.

931 1975 974 2004 46
1000 1974 1088 2005 Garo
1102 1975 1140 2005 de
1161 1973 1261 2004 succis
1284 1972 1382 2013 piscis
1396 1972 1499 2014 Iberi]
1525 1973 1595 2006 Ga.

888 2033 963 2055 rum
993 2023 1111 2055 muriae
1142 2033 1247 2063 genus
1276 2022 1548 2055 laudatissimum
1576 2034 1595 2055 e

887 2074 1050 2105 scombris
1064 2074 1225 2114 piscibus,
1237 2073 1294 2114 qui
1308 2072 1507 2114 frequentes
1516 2079 1595 2106 sunt

888 2124 929 2153 ad
947 2123 1071 2155 Iberiae
1088 2133 1148 2154 seu
1164 2123 1342 2163 Hispaniae
1359 2123 1488 2164 littora,
1507 2135 1594 2166 prae·

888 2174 1004 2204 sertim
1021 2173 1063 2204 nd
1081 2173 1323 2214 Carthaginem
1340 2182 1475 2206 novam.
1499 2175 1592 2207 Plin.

888 2231 995 2256 xxxi.
1018 2227 1050 2255 8.
1084 2223 1176 2254 Vide
1193 2232 1298 2263 supra
1320 2232 1361 2255 ιι.
1386 2224 1461 2256 Sat.
1483 2227 1515 2256 4.
1538 2229 1592 2258 65.

887 2273 963 2305 Nec
987 2272 1317 2314 praetermittendum
1336 2272 1497 2315 adjacere
1513 2285 1591 2316 par-

886 2332 962 2354 vam
991 2323 1134 2357 insulam
1161 2322 1420 2364 Scombrariam‚
1450 2329 1486 2356 et
1514 2336 1590 2366 pro-

884 2374 1090 2406 montorium
1107 2374 1260 2415 ejusdem
1279 2374 1435 2411 nomini&
1459 2375 1507 2406 sic
1531 2386 1590 2416 ap-

885 2425 1011 2465 pellata
1035 2435 1054 2457 a
1075 2424 1250 2466 frequenti
1273 2425 1462 2466 piscatione
1482 2435 1589 2457 scom-

883 2475 1032 2507 brorum.
1056 2475 1191 2507 Strabo.

926 2525 1026 2565 Iberi]
1042 2525 1162 2556 Iberus
1173 2523 1296 2557 fluvius
1309 2525 1487 2565 Hispaniae
1501 2536 1587 2566 prae-

883 2576 1015 2616 cipum-1,
1030 2586 1173 2617 eamque
1190 2575 1345 2607 dividens
1358 2576 1438 2607 olim
1455 2577 1489 2610 in
1502 2578 1587 2610 cite-

883 2626 1006 2657 riorem
1034 2632 1070 2657 et
1097 2626 1305 2667 ulteriorem,
1319 2626 1351 2657 ei
1369 2635 1504 2668 quoque
1525 2638 1586 2659 εω-

882 2677 958 2717 pius
975 2675 1064 2716 apud
1086 2675 1214 2707 Poetas
1238 2676 1504 2717 appellationem
1529 2678 1587 2709 tri-

882 2727 967 2759 buit.

925 2780 966 2809 47
986 2778 1079 2810 Citra
1089 2786 1173 2809 mare
1188 2776 1277 2817 nato]
1293 2777 1500 2819 Vernaculo,
1513 2777 1585 2810 Ita*

881 2828 961 2860 lico.
