1890 3256
327 278 437 319 1128
793 292 836 327 Q.
871 290 1074 320 HoRA'rn
1113 289 1281 319 rmcci

831 443 1135 508 EPISTOLA
1167 466 1259 508 IX.

721 574 783 602 AD
816 573 1077 605 CbAUDIUM
1111 575 1370 604 NERONEM.

328 656 473 697 Egregie
490 656 647 688 callidum
664 661 700 687 et
715 657 857 698 rigidum
880 658 1075 699 Principem
1091 658 1272 692 demulcet.
1295 660 1393 691 Buxt.
1439 660 1492 691 Ne
1505 660 1749 692 commendatio

330 722 334 724 >
371 708 460 747 apud
485 707 658 738 Tiberium
683 709 876 748 superbum,
899 709 1111 750 invidiosum,
1135 711 1344 752 suspicacem
1372 717 1460 744 esset
1482 722 1567 745 vana
1589 718 1625 748 et
1644 713 1750 753 irritu,

369 759 546 790 admodum
561 764 659 791 caute
674 764 710 792 et
721 761 933 794 considerate
947 771 1016 793 rem
1031 765 1168 795 tractat.

329 834 613 884 SRP'liUS,
635 834 807 883 Claudi,
823 835 1022 875 nimirum
1042 835 1244 888 intelligit
1263 849 1371 877 unus

330 898 494 948 Quanti
514 912 582 939 me
602 899 738 940 facias
755 912 765 940 z
795 912 896 940 nam
917 912 1014 940 cum
1034 904 1169 952 rogat,
1189 903 1232 940 et
1248 913 1376 953 prece
1396 902 1528 954 cogit,

328 964 507 1010 Scilicet
526 969 576 1005 ut
594 965 671 1006 tibi
691 977 738 1006 se
758 964 932 1006 laudare
948 971 994 1005 et
1012 965 1176 1005 tradere
1196 977 1339 1016 coner,

330 1029 522 1081 Dignum
541 1033 680 1069 mente
699 1030 916 1081 domoque
933 1030 1118 1081 legentis
1134 1029 1320 1070 honesta
1341 1029 1555 1082 Neronis3

330 1094 512 1136 Munere
534 1107 635 1135 cum
653 1094 773 1146 fungi
793 1095 1010 1148 propioris
1030 1099 1181 1136 censet
1201 1095 1361 1151 amici;
1726 1095 1755 1140 5

331 1159 450 1210 Quid
469 1161 635 1213 possim
656 1160 776 1201 videt
796 1173 847 1201 ac
869 1161 989 1202 novit
1009 1174 1076 1202 me
1095 1161 1267 1202 valdius
1288 1162 1403 1215 ipso.

375 1285 404 1314 0
429 1285 540 1317 Claudi
563 1286 660 1324 Nero,
685 1288 766 1318 solus
791 1297 893 1337 nempe
925 1289 1092 1329 Septimius
1120 1290 1205 1320 novit
1229 1291 1337 1330 quanti
1365 1300 1411 1320 me
1434 1289 1578 1320 «estimes.
1631 1287 1757 1319 Etenim

331 1328 448 1365 quando
463 1337 509 1358 me
522 1331 592 1358 orat
606 1328 759 1369 instatque
779 1330 918 1369 precibus
932 1334 967 1361 ut
980 1331 1078 1370 ipsum
1100 1333 1140 1362 ad
1166 1335 1195 1362 te
1215 1334 1388 1371 perducam,
1412 1335 1442 1363 et
1463 1331 1664 1362 commendem
1686 1333 1756 1360 tan·

330 1376 420 1406 quam
444 1378 504 1399 non
529 1369 692 1408 indignum
708 1371 847 1402 amicitia
865 1375 895 1402 et
909 1372 1130 1409 ‚familiaritate
1150 1373 1447 1413 principis‚monnisi
1465 1373 1575 1412 probos
1589 1371 1756 1418 eligentis-5

330 1410 448 1448 quando
468 1413 558 1448 putat
579 1420 626 1441 me
648 1412 765 1442 censeri
788 1413 869 1444 inter
884 1415 997 1444 amicos
1012 1414 1172 1445 interiores
1186 1418 1253 1444 tuos
1262 1425 1274 1451 ;
1295 1414 1516 1445 animadvertit
1529 1415 1644 1453 scitque
1657 1421 1757 1451 magu

331 1459 421 1489 quam
436 1461 492 1490 ego
507 1452 583 1492 ipse,
597 1456 743 1492 quantum
757 1455 837 1494 apud
852 1458 882 1485 te
896 1456 1024 1485 valeam.
1061 1455 1205 1486 Plurima
1219 1459 1299 1486 certe
1313 1459 1453 1487 causatus
1465 1465 1544 1496 sum,
1559 1458 1594 1486 ut
1606 1464 1652 1486 me
1665 1463 1756 1485 excu-

928 1555 965 1568 00
966 1556 1161 1569 0000000000

375 1627 528 1669 Epistola
552 1629 697 1668 septima
720 1629 810 1661 Libri
835 1630 933 1670 primi
958 1630 991 1662 in
1019 1631 1083 1662 Ed.
1107 1631 1292 1663 Sanam—2
1316 1632 1399 1662 Nam
1425 1640 1472 1662 me
1493 1634 1582 1671 rogat
1604 1630 1682 1661 Vnt.
1706 1632 1758 1662 10.

333 1679 351 1699 a
375 1679 419 1702 m.
449 1678 518 1701 sec.
555 1671 633 1702 Vnt.
651 1673 701 1703 19.
724 1681 746 1705 a
771 1681 815 1703 m.
846 1681 916 1703 see.
947 1673 1062 1704 Zarot.
1084 1672 1226 1704 Medioi.
1254 1675 1347 1704 1476.
1381 1672 1519 1704 Venett.
1546 1674 1638 1704 1477.
1663 1674 1759 1704 1478.

334 1713 427 1742 1479.
451 1713 545 1742 1481.
570 1714 664 1743 1483.
687 1715 780 1744 1486.
796 1715 890 1744 1490,
907 1716 1000 1745 1495.
1016 1716 1113 1746 1514.
1149 1715 1406 1746 Florent.1482.
1442 1714 1533 1754 Lips.
1549 1716 1645 1746 1499.
1678 1712 1760 1745 Ald-

334 1755 428 1783 1501.
460 1752 557 1784 Junt.
575 1756 669 1786 1503.
703 1754 820 1785 Rasin.
844 1758 938 1786 1527.
956 1758 1048 1787 1531.
1066 1758 1158 1787 1580.
1194 1755 1286 1787 Frib.
1312 1758 1406 1787 1536.
1441 1756 1546 1787 Dion.
1572 1755 1613 1786 ab
1636 1754 1758 1786 Hanio

335 1794 443 1833 Lugd.
460 1797 553 1826 1538.
575 1795 661 1826 Bad.
681 1794 819 1827 Ascem.
835 1796 1004 1836 R.Steph.
1019 1800 1113 1829 1544.
1135 1797 1267 1837 Grypb.
1284 1799 1378 1828 1552.
1396 1799 1489 1828 1566.
1513 1797 1582 1826 Fea
1595 1799 1630 1826 et
1640 1795 1760 1826 Bothe.

331 1845 403 1865 nam
415 1845 483 1866 cum
503 1839 593 1875 rogat
618 1837 651 1867 in
675 1838 825 1868 omnibus
847 1838 920 1869 aliis
941 1838 1040 1869 codd.
1055 1843 1090 1869 et
1106 1838 1183 1869 edd.
1205 1838 1392 1878 praesertim
1415 1842 1491 1877 post
1515 1837 1608 1867 Petr.
1626 1836 1759 1867 Victor.

334 1877 432 1908 Varr.
448 1877 560 1908 Lectt.
576 1886 640 1908 xx.
657 1880 688 1909 9.
711 1888 783 1909 nam
796 1888 888 1918 quum
901 1883 991 1918 regat
1005 1880 1274 1910 schoenborn.3.
1306 1888 1342 1909 ac
1359 1887 1447 1917 prece
1462 1877 1560 1908 Harl.
1575 1880 1670 1909 4.-5
1687 1878 1759 1908 Mu·

332 1926 404 1948 nere
424 1918 572 1955 confungi
592 1919 821 1949 Schoenborn.
837 1922 867 1950 4.
890 1923 992 1950 censet
1010 1920 1163 1960 propioris
1181 1920 1273 1950 amici
1292 1919 1519 1950 Schoenborn.
1540 1922 1637 1950 3.—6
1658 1919 1760 1951 Bam·

327 1958 431 1998 berg.
451 1958 591 1997 agnovit.
634 1959 715 1990 Vat.
730 1962 763 1991 9.
785 1962 816 1990 ee
830 1960 926 1991 novit.
968 1960 1195 1992 Schoenborn.
1210 1963 1242 1992 4.
1267 1961 1350 1996 Quid
1370 1970 1491 2000 possum
1504 1960 1601 1997 videt,
1613 1970 1649 1991 ac
1663 1959 1759 1992 novit.

973 2063 1005 2094 N
1010 2062 1115 2094 OTAE

326 2135 327 2138 ’
377 2135 394 2164 1
419 2133 563 2175 Septim]
592 2133 757 2174 Advorte,
773 2134 908 2173 Lector,
922 2143 1021 2176 quam

334 2182 447 2214 Poeta
475 2183 580 2214 solers
610 2183 737 2223 pariter
762 2193 802 2215 ac
829 2183 1022 2216 modestus:

335 2231 392 2272 qui
408 2236 534 2272 quanto
550 2241 640 2262 suam
657 2233 745 2273 apud
773 2233 890 2265 Claud.
915 2234 1021 2265 Nero-

335 2289 414 2312 nem
443 2281 586 2321 gratiam
615 2286 790 2321 extenuat,
813 2286 908 2312 tanto
932 2282 1022 2313 illam

334 2332 462 2369 auget3
486 2329 701 2370 ostenditque
724 2334 841 2362 tenere
863 2339 899 2361 se
915 2334 1022 2362 artem

335 2377 494 2418 placendi
511 2378 717 2419 principibus
733 2379 824 2410 viris.

381 2426 566 2467 Septimius]
592 2426 627 2458 Is
643 2431 696 2458 est
710 2427 752 2458 de
767 2436 834 2468 quo
850 2436 891 2460 11.
907 2427 977 2459 od.
991 2429 1022 2460 6.

328 2473 330 2475 ’
380 2475 508 2518 Claudi]
536 2477 593 2507 De
607 2485 647 2507 eo
661 2475 736 2507 Tib.
752 2476 871 2508 Claud.
886 2477 1022 2508 Nerone

339 2524 485 2566 Augusti
513 2524 677 2566 privigno,
712 2534 815 2566 supra
849 2525 960 2566 Epist.
991 2529 1037 2558 3.·

339 2575 447 2606 initio.
544 2578 547 2582 ⁴

327 2622 330 2624 ’
380 2625 399 2653 3
425 2622 559 2654 Tradere
585 2622 691 2664 coner]
728 2623 800 2657 Cic.
829 2624 938 2665 Epist.
965 2624 1023 2656 lib.

338 2681 403 2704 vu.
418 2671 460 2702 ad
470 2673 606 2704 Trebat.
618 2674 628 2691 ‘
642 2673 699 2704 Sic
708 2674 739 2704 ei
749 2678 783 2705 te
793 2674 1025 2706 commendavi

339 2726 376 2753 et
399 2721 523 2752 tradidi
542 2727 580 2753 ut
603 2722 798 2763 gravissime
813 2723 1025 2764 diligentissi-

339 2779 461 2814 meque
472 2770 591 2813 potui.’

1116 2138 1135 2166 4
1159 2135 1306 2174 Legentis
1333 2135 1460 2166 honesta
1487 2134 1636 2174 Neronis]
1675 2134 1760 2166 Haec

1074 2184 1147 2215 laus
1169 2184 1362 2224 gravissima
1387 2188 1439 2215 est
1460 2184 1492 2215 in
1509 2189 1676 2224 magnate,
1688 2188 1761 2215 tum

1075 2243 1155 2264 vcro
1186 2234 1372 2273 praesertim
1408 2233 1440 2263 in
1470 2233 1627 2272 juvenes
1651 2232 1760 2273 Epist.

1075 2282 1220 2323 praeced.
1244 2292 1291 2312 vs.
1319 2284 1370 2312 14.
1413 2282 1500 2312 Vide
1526 2281 1648 2312 Psaitis
1672 2282 1757 2321 regii

1075 2332 1169 2364 Psal.
1206 2340 1237 2363 c.
1277 2332 1287 2348 ‘
1302 2331 1377 2362 Nou
1418 2328 1560 2359 adhaesit
1593 2329 1669 2359 mihi
1699 2338 1760 2360 cor

1076 2390 1214 2421 pravum
1231 2402 1239 2412 .
1255 2403 1264 2412 .
1282 2401 1290 2411 .
1307 2401 1316 2410 .
1332 2388 1406 2410 cnm
1434 2377 1579 2417 superbo
1601 2387 1666 2409 non
1682 2377 1760 2409 ede-

1075 2430 1149 2461 bam
1163 2453 1171 2462 .
1185 2451 1193 2461 .
1205 2449 1233 2460 ..
1250 2438 1314 2460 non
1338 2425 1504 2458 habitabit
1523 2426 1555 2456 in
1573 2435 1648 2456 mea
1662 2426 1762 2458 domo

1076 2479 1132 2520 qui
1147 2479 1292 2519 loquitur
1302 2475 1434 2516 iniqua:
1446 2476 1508 2505 &c.

1117 2531 1136 2558 5
1160 2525 1318 2567 propioris
1329 2524 1437 2564 amici]
1466 2523 1566 2564 Apud
1581 2523 1702 2555 Senec.
1717 2523 1760 2555 de

1077 2575 1199 2607 Benef.
1213 2583 1261 2606 vr.
1276 2576 1329 2605 33.
1352 2575 1362 2591 ⁴
1376 2573 1453 2604 Non
1478 2573 1533 2604 isti
1551 2577 1628 2604 sunt
1651 2573 1761 2613 amici,

1077 2625 1134 2666 qui
1161 2623 1288 2664 agmine
1315 2631 1432 2662 magno
1450 2622 1590 2663 januam
1615 2622 1763 2664 pulsant,

1078 2673 1134 2713 qui
1149 2672 1180 2703 in
1192 2670 1315 2712 primas
1326 2676 1360 2702 et
1371 2670 1534 2704 secundas
1541 2670 1762 2707 admissiones

1077 2720 1297 2762 digeruntur.'
