1930 3242
586 295 863 327 suRMONUM
901 295 1057 326 mai.
1087 285 1128 326 8.
1500 285 1586 326 872)

135 392 226 432 Hic
244 391 407 443 dabat3
434 389 635 431 haeredes
655 392 982 430 monumentum
1007 402 1060 430 ne
1081 391 1348 443 sequeretur.

135 458 270 500 Nunc
289 458 397 499 licet
416 456 629 509 Esquiliis
644 456 839 496 habitare
861 456 1126 504 salubribus,
1147 460 1281 508 atque

135 524 307 578 Aggere
324 524 370 564 in
391 522 543 575 aprico
565 521 765 574 spatiari,
789 534 879 575 quo
901 522 1036 562 modo
1057 522 1208 562 tristes
1532 521 1590 561 15

135 589 265 631 Albis
283 590 511 630 informem
533 588 798 640 spectabant
818 589 992 628 ossibus
1013 601 1178 640 agrum.

137 656 247 697 Cum
268 654 375 697 mihi
394 666 482 695 non
505 655 672 693 tantum
693 653 900 706 furesque
920 654 1129 707 feraeque,
1146 653 1291 695 'suetae

138 722 272 764 Hunc
292 733 456 763 vexare
475 719 638 770 locum,
654 732 771 761 curae
791 725 894 760 sunt
913 725 1045 774 atque
1065 721 1220 770 labori,

136 872 193 894 nos
206 862 240 894 in
253 860 463 899 latitudinem,
476 864 628 892 trecentos
643 870 713 892 vero
728 861 760 892 in
775 861 1012 900 longitudinem,
1026 863 1220 902 occuluitque,
1235 872 1273 893 ne
1287 864 1459 903 sepulerum
1473 865 1514 896 ad
1528 865 1591 895 11ae-

137 906 227 936 redes
245 903 425 944 pertineret.
469 903 545 934 Jam
561 912 632 933 vero
647 903 719 933 licet
733 903 875 934 habitare
891 905 923 934 in
945 904 1098 943 Esquiliis
1120 906 1306 943 salubribus,
1329 908 1359 935 et
1383 906 1536 938 ambulare
1559 907 1592 937 in

137 947 214 978 colle
226 946 344 985 aprico,
359 944 412 976 ubi
427 954 523 984 nuper
537 946 639 975 moesti
654 945 818 976 cernebant
834 955 945 985 agrum
961 947 1040 976 albis
1054 947 1173 977 ossibus
1186 947 1361 985 deformem.
1409 948 1593 987 Quanquam

137 998 199 1020 non
221 990 287 1019 tam
309 997 358 1020 me
381 991 500 1026 angunt
523 990 555 1018 et
579 991 693 1018 vexant
713 989 875 1027 proedones
899 998 936 1019 ac
951 988 1033 1026 feroe
1059 998 1171 1028 agrum
1194 989 1287 1020 istum
1309 990 1459 1027 infestare
1479 990 1594 1030 solim,

746 1092 983 1104 eeeeeeeeeeee

142 1180 264 1220 edidit,
285 1180 506 1211 monimentum
531 1179 587 1210 hoc
613 1188 652 1210 ne
679 1182 880 1218 sequeretur,·
902 1179 989 1220 quod
1021 1190 1086 1211 non
1118 1181 1258 1211 damnat
1285 1179 1446 1210 Zeunins.
1490 1189 1596 1220 seque-

140 1227 251 1256 rentur
273 1223 373 1254 Harl.
389 1224 423 1253 2.
445 1224 478 1252 4.
502 1224 534 1252 6.
554 1223 671 1252 7.-14
694 1221 863 1260 AEsquz'liis
890 1222 1014 1254 Venet.
1042 1226 1137 1254 1559.
1162 1229 1197 1253 et
1221 1223 1378 1253 Glareau.
1402 1231 1458 1261 ap.
1486 1222 1595 1253 Zeun.

142 1268 227 1297 -15
249 1265 364 1295 “Pro
388 1273 446 1304 quo
467 1262 580 1303 modo,'
604 1263 715 1303 inquit
732 1263 921 1304 Bensseius,
944 1265 954 1281 ⁴
973 1265 1048 1305 lege
1075 1265 1190 1295 invitis
1215 1265 1296 1295 licet
1323 1264 1513 1302 codicibus,
1536 1274 1597 1304 qum

141 1307 254 1339 modo:
312 1307 386 1347 Ego
410 1311 522 1337 tamen
546 1314 612 1335 non
640 1305 759 1336 ausim.
807 1305 908 1336 Unde
938 1308 1026 1338 enim
1052 1307 1145 1338 novit
1173 1307 1229 1337 ille
1257 1316 1322 1336 non
1348 1307 1453 1337 licere
1481 1306 1597 1337 dicere

142 1359 202 1390 quo
223 1358 285 1390 pro
306 1349 342 1380 in
364 1358 422 1388 quo
443 1347 508 1378 loco
535 1347 587 1378 vel
612 1346 690 1378 uhi?
747 1346 842 1378 Alias
866 1350 1022 1379 novimus
1045 1359 1079 1379 eo
1102 1353 1138 1378 et
1164 1358 1222 1388 quo
1253 1353 1405 1378 vetustos
1429 1357 1502 1378 esse
1528 1347 1596 1378 Ac-

142 1391 336 1428 cusativos;
375 1399 491 1420 verum
521 1393 558 1419 et
597 1398 656 1428 quo
684 1388 810 1419 dicitur
841 1388 874 1419 in
903 1389 1088 1421 Ablativo.¹
1119 1390 1222 1420 Baxt.
1279 1391 1288 1407 ‘
1307 1390 1456 1420 Bentleii
1484 1399 1597 1421 emen-

143 1433 236 1466 datio
263 1431 450 1474 probabilis
472 1435 538 1470 est,
562 1431 642 1471 quia
669 1439 731 1470 qua
753 1440 773 1461 a
797 1430 946 1462 librariis
975 1432 1018 1463 ob
1046 1440 1191 1473 sequens
1214 1432 1302 1462 modo
1326 1435 1380 1462 est
1404 1431 1600 1463 mutatum!

797 1541 940 1574 NOTAE

141 1618 200 1650 Ita
231 1620 331 1650 vetus
367 1615 566 1657 Inscriptio.
617 1623 656 1647 ιΝ
695 1624 842 1648 ιτκοΝτε
897 1616 956 1648 ubi
973 1617 1065 1657 prius
1081 1616 1177 1648 arida
1201 1620 1409 1647 mortuorum
1432 1624 1509 1646 ossa
1524 1615 1600 1648 tris·

140 1677 220 1700 ur.
243 1676 328 1700 nnn.
355 1675 418 1698 xx.
456 1675 494 1698 tn
517 1674 605 1697 Aen.
628 1674 736 1697 LoNG.
760 1674 842 1697 pen.
898 1671 965 1698 tem
983 1673 1160 1707 aspectum
1179 1666 1322 1697 dabant.

142 1727 204 1750 xx.
229 1720 295 1750 &c.
342 1718 491 1749 Valeant
523 1718 581 1758 qui
614 1716 842 1757 geographice

139 1767 389 1809 longitudinem
403 1766 459 1798 hic
475 1766 650 1806 accipiunt
666 1767 700 1796 in
722 1765 842 1805 majori

142 1815 318 1850 distantia.
363 1817 440 1848 Nec
455 1816 544 1847 enim
562 1816 595 1846 id
614 1816 723 1846 locum
740 1815 844 1847 habet

142 1867 209 1900 nisi
224 1867 260 1898 in
275 1866 536 1907 Geographicis.
582 1865 730 1896 Ptolem.
748 1873 773 1895 r.
788 1867 822 1896 6.

187 1919 228 1949 13
251 1916 404 1948 Hoeredes
429 1917 671 1952 monumentum,
697 1913 766 1953 Esou]
802 1913 843 1944 In

143 1967 247 2008 cippo
259 1965 366 1998 scribi
379 1969 416 1996 et
430 1964 543 1996 notari
563 1963 720 1994 solebant
734 1962 843 1994 literae

144 2016 244 2048 ista:
267 2014 315 2047 H.
341 2015 392 2047 Μ.
418 2014 463 2046 Η.
492 2014 538 2045 Ν.
559 2013 594 2044 S.
638 2012 716 2044 Hoc
731 2021 846 2043 monu-

145 2070 295 2097 mentum
309 2064 464 2096 haeredes
480 2073 546 2095 nou
562 2063 728 2104 sequitur.
781 2063 844 2094 Fe-

147 2113 254 2146 deric.
278 2114 424 2146 eerntus
446 2113 653 2145 Veronensis
675 2112 724 2143 sic
739 2111 844 2143 inter-

148 2167 307 2206 pretatur
321 2164 430 2195 locum
446 2163 550 2201 hunc,
567 2161 759 2193 luculenter
775 2161 847 2202 qui-

148 2215 248 2247 dem:
269 2213 326 2246 hie
340 2213 374 2244 in
391 2212 552 2253 Esquiliis
573 2210 714 2242 extabat
726 2210 847 2251 cippus

147 2265 197 2296 his
211 2267 351 2295 notatus
365 2263 474 2294 literis
489 2272 498 2292 ε
524 2261 565 2292 ab
578 2271 620 2292 ea.
634 2264 745 2302 parte,
769 2271 845 2301 quae

149 2313 318 2355 publicam
341 2313 428 2344 viam
453 2311 604 2352 attingit,
625 2311 717 2342 mille
739 2311 846 2351 pedes

147 2362 220 2404 agri
232 2361 273 2393 ad
287 2362 498 2402 sepulturam
511 2360 619 2402 plebis
630 2360 842 2392 tribuuntor:

149 2413 192 2446 ab
221 2422 262 2445 ea
287 2422 368 2444 vero
398 2416 509 2453 parte,
541 2421 615 2452 quae
649 2411 847 2451 conjunctos

149 2471 248 2504 agros
272 2465 418 2503 spectat,
440 2461 543 2502 pedes
568 2460 726 2492 trecenti.
770 2460 848 2491 Hac

151 2511 400 2553 Imeriptione:
425 2520 552 2543 affines
576 2519 676 2542 nuuc
700 2519 771 2542 81131
787 2518 848 2541 ιο-

153 2569 230 2594 cum
245 2569 459 2594 sernum-uuaz
473 2570 522 2593 m:
536 2568 721 2592 vmbros-r.

197 2613 238 2642 14
261 2611 355 2642 Nunc
369 2611 441 2642 licet
459 2611 623 2652 Esquiliis,
644 2609 714 2650 fisa]
748 2610 850 2641 Nunc

153 2661 235 2691 vero
255 2657 576 2700 sepulcreti’ffimota
601 2660 759 2693 foeditate
786 2669 848 2701 per

156 2709 394 2750 Maecenatem,
413 2709 487 2750 jam
503 2711 586 2742 licet
601 2711 665 2741 frui
683 2709 847 2751 Esquilia-

157 2769 229 2790 rum
245 2758 372 2790 salubri
395 2758 494 2799 ae're3
517 2760 600 2791 licet
617 2761 668 2791 hic
683 2759 850 2799 habitare,

156 2810 238 2852 quin
252 2814 287 2841 et
304 2807 519 2840 deambulare
531 2810 564 2840 in
578 2811 714 2842 amoenis
729 2811 848 2851 hortis,

940 1716 1109 1757 Esquiliis]
1148 1715 1235 1747 Haec
1251 1714 1342 1746 urbis
1359 1714 1476 1745 Romae
1492 1713 1599 1754 regio.

898 1766 1007 1806 Epod.
1028 1775 1061 1796 v.
1078 1770 1114 1796 et
1130 1765 1192 1796 ult.

939 1814 1136 1854 Salubribus]
1171 1815 1260 1846 Illuc
1281 1818 1480 1854 propterea,
1503 1817 1539 1845 et
1555 1813 1599 1845 ad

897 1865 1011 1896 hortos
1026 1864 1292 1896 Maecenatianos
1307 1863 1341 1894 in
1360 1863 1533 1903 Esquiliis,
1550 1873 1600 1893 se-

897 1914 1067 1946 cedebant
1087 1914 1242 1945 Tiberius
1272 1913 1314 1943 ad
1344 1913 1506 1954 quietem,
1534 1912 1601 1942 Αιι-

899 1969 1019 2003 gustus
1051 1972 1135 1994 vero
1173 1972 1265 2002 aeger
1298 1962 1340 1992 ad
1371 1961 1601 1992 valetudinem

899 2012 1164 2055 procurandam.
1209 2012 1264 2042 Ita
1278 2011 1420 2042 Sueton.

945 2066 982 2094 17
1008 2063 1085 2094 Cum
1102 2062 1178 2093 mihi
1193 2071 1251 2093 non
1269 2061 1405 2101 tantum]
1440 2060 1480 2091 In
1495 2060 1602 2091 hortis

900 2113 1037 2154 quidem
1046 2112 1147 2144 sedeo
1155 2111 1354 2142 amoenitate
1366 2110 1508 2151 coelique
1518 2114 1601 2140 tem-

901 2162 996 2202 perie
1023 2160 1207 2204 pergratis,
1237 2161 1348 2201 inquit
1375 2160 1540 2200 Priapus:
1566 2164 1603 2190 at

902 2212 936 2243 id
966 2212 1045 2243 mihi
1077 2212 1270 2249 molestum,
1305 2209 1394 2250 quod
1434 2209 1602 2240 veneficas

901 2262 982 2294 inde
1015 2261 1247 2293 exterminare
1276 2269 1407 2300 nequeo
1445 2260 1602 2300 sepulcra

900 2311 1120 2352 frequentare
1137 2315 1298 2341 assuetas.
1332 2311 1438 2341 Fures
1455 2318 1603 2350 avesque

901 2361 1002 2393 facile
1032 2361 1147 2402 abigo,
1183 2365 1220 2391 at
1254 2369 1320 2391 non
1351 2359 1400 2390 ita
1430 2359 1601 2399 improbas

902 2421 985 2442 anus
999 2411 1094 2442 istas.
1263 2438 1265 2440 ,

947 2462 1117 2501 Furesque,
1132 2460 1202 2502 ὅτι]
1227 2460 1274 2492 Ηί
1292 2458 1503 2490 ventitabant
1520 2457 1600 2488 illue

902 2511 943 2542 ad
976 2511 1164 2551 exquisitos
1187 2510 1320 2541 fruetus
1347 2506 1597 2546 surripiendos:

893 2562 979 2599 ,ἴεν-(ι’
995 2566 1107 2592 autem
1125 2561 1166 2590 ad
1188 2558 1345 2599 projecta
1368 2555 1535 2596 supplicio
1551 2555 1601 2586 af-

904 2609 1070 2640 fectorum
1086 2609 1254 2640 cadavera
1268 2607 1347 2637 olim
1360 2605 1473 2636 venire
1488 2615 1603 2636 assue-

903 2664 946 2690 ta:
962 2659 1042 2690 inde
1063 2658 1118 2688 vix
1135 2655 1436 2693 absterrebantur3
1453 2663 1601 2694 semper-

902 2718 968 2750 que
999 2708 1041 2739 ad
1078 2708 1189 2738 locum
1225 2709 1354 2745 notum,
1382 2703 1601 2745 cupitamque

902 2757 1051 2799 praedam
1065 2756 1305 2789 recurrebant.
