1930 3242
610 315 886 347 sannionum
922 315 1015 346 mu.
1049 315 1102 345 ιι.
1132 304 1176 344 3.
1535 303 1622 346 949

170 411 315 453 Iratus
333 410 429 460 tibi,
448 408 568 464 quod
591 409 681 450 vini
705 409 939 464 somnique
958 408 1170 462 benignus

172 477 252 520 Nil
273 477 449 531 dignum
471 489 670 517 sermone
691 490 845 519 canas.
905 476 1027 527 Quid
1047 475 1157 517 fiet?
1195 478 1241 518 at
1259 475 1374 530 ipsis

171 544 476 586 Saturnalibus
493 543 580 584 huc
598 543 775 596 fugisti;
806 543 980 585 sobrius
1001 556 1104 596 ergo
1595 543 1623 583 5

172 612 260 654 Dic
279 610 444 666 aliquid
466 610 648 664 dignum
667 611 899 665 promissis
917 624 928 653 z
957 610 1132 665 incipe;
1161 609 1224 651 nil
1241 613 1326 652 est.

168 741 252 772 nam,
264 731 389 771 singula
403 736 456 763 tua
469 732 586 773 scripta
599 741 762 764 recensens
774 742 786 768 ‚·
807 733 955 763 adversus
968 732 1163 771 temetipsum
1171 732 1285 771 iratus,
1299 733 1378 773 quod
1389 733 1462 764 vino
1473 735 1504 764 et
1518 740 1623 763 somno

168 774 333 814 indulgens
351 775 429 806 nibil
452 785 616 815 componas
640 775 771 814 dignam
793 774 952 806 celebrari.
999 775 1120 815 Ecquid
1135 775 1218 806 erit?
1262 775 1337 806 Huc
1352 775 1466 807 venisti
1487 775 1526 806 ab
1547 774 1625 815 ipsis

169 815 396 849 Saturnalibus.
442 817 551 857 Igitur
568 817 688 849 sobrias
709 816 809 848 scribe
830 816 989 857 quidpiam
1008 817 1161 857 pollicitis
1185 819 1386 859 respondens.
1429 818 1522 858 Age:
1543 816 1626 848 nihil

776 900 1018 914 eaeaemeaeeoee

167 964 228 986 non
242 958 364 996 quater,
375 957 429 996 ᾃσ.
476 955 535 987 Nil
549 956 680 995 dignum
694 966 833 989 sermone
847 960 961 988 canas?
982 957 1125 999 quidfiet
1132 956 1154 989 ?‘
1178 957 1358 989 Bentl.—4
1381 956 1481 988 Harl.
1495 958 1527 988 2.
1543 958 1575 986 4.
1591 957 1626 986 6.

168 997 247 1029 Vet.
274 998 394 1029 Comb.
419 999 545 1037 Venet.
573 1002 667 1030 1659.
691 999 852 1032 Glarean.
879 1000 997 1031 Lamb.
1022 1005 1059 1031 et
1086 1000 1200 1041 vulgg.
1228 1003 1309 1031 ante
1331 1000 1448 1030 Bentl.
1481 998 1520 1030 ab
1534 997 1626 1038 ipsis.

166 1039 270 1072 codd·
283 1040 499 1081 Bersmanni,
513 1041 551 1072 ab
565 1042 650 1073 istis.
690 1042 812 1075 Bland.
826 1048 952 1075 vetust.
969 1052 1025 1084 ap.
1043 1042 1148 1084 Cruq.
1165 1042 1316 1075 Bentleii
1332 1042 1457 1084 Regin.
1474 1051 1494 1073 a
1508 1050 1554 1072 m.
1570 1049 1623 1082 pr.

823 1136 966 1169 NOTAE

167 1199 307 1232 lectioni
329 1199 498 1231 dandum:
524 1201 630 1232 multa
652 1200 789 1242 quidem
810 1202 869 1232 ha-

170 1249 229 1281 bes
244 1250 277 1280 iu
295 1248 418 1280 tabulis
433 1254 585 1290 exarata,
601 1260 677 1291 quae
700 1255 870 1291 perpetuo

171 1298 312 1334 retexis.
338 1298 397 1329 sed
421 1308 531 1339 pauca
546 1305 604 1331 aut
619 1300 712 1331 nulla
727 1300 760 1331 iu
775 1301 870 1332 char-

170 1354 240 1380 tam
256 1353 292 1380 et
307 1348 467 1379 mundum
485 1348 605 1380 refers.
642 1350 756 1382 Prisci
773 1351 870 1382 nimi-

169 1409 243 1430 rum
268 1398 508 1439 scriptitavere
535 1401 646 1440 primo
679 1400 712 1430 iu
742 1402 868 1432 ceratis

169 1448 304 1480 tabellis
320 1459 330 1487 3
354 1453 391 1479 nt
404 1449 564 1480 annotavi
582 1458 606 1480 1.
623 1450 695 1480 Sat.
710 1453 760 1482 10.
798 1451 867 1482 De-

167 1497 247 1528 inde
264 1497 296 1529 in
311 1497 430 1528 charta
445 1507 504 1528 seu
530 1507 680 1539 papyro:
704 1507 730 1529 1.
746 1498 821 1531 Sat.
836 1502 869 1530 4.

166 1548 297 1580 Postea
310 1547 343 1579 in
357 1548 572 1588 membranis,
585 1558 660 1590 quae
674 1549 781 1590 pelles
797 1550 867 1581 ani-

166 1596 316 1639 malium,
339 1598 430 1640 quod
462 1599 621 1637 Pergami
650 1599 800 1632 iuventae
832 1605 867 1632 et

167 1653 297 1690 aptatae
327 1650 369 1680 ad
392 1649 627 1688 scribendum,
649 1659 866 1690 pergamenae

166 1699 271 1731 dictae
285 1705 375 1730 sunt.
400 1699 489 1732 Plin.
500 1709 582 1732 xm.
599 1703 650 1731 11.
674 1700 709 1731 S.
722 1699 866 1731 Hieron.

168 1749 282 1790 Epist.
319 1749 362 1780 ad
389 1749 641 1781 Chromatium:
670 1752 762 1781 ‘tam
790 1759 866 1790 par-

167 1808 241 1830 vam
261 1799 450 1839 Epistolam
473 1799 636 1830 miseritis
648 1822 657 1831 .
672 1823 680 1832 .
695 1801 867 1831 .chartam

165 1848 317 1880 defuisse
344 1859 411 1880 non
449 1854 548 1891 puto,
579 1849 731 1891 AEgypto
753 1850 867 1881 minis·

165 1903 280 1930 trente
309 1899 526 1931 commercia.
558 1900 604 1931 Et
621 1901 647 1931 si
665 1900 766 1931 alicui
783 1900 868 1932 Pto-

164 1947 302 1980 lemoeus
326 1949 431 1980 maria
456 1948 647 1988 clausisset,
670 1952 784 1981 tamen
803 1958 865 1981 rex

167 1995 304 2029 Attalns
310 1997 516 2040 (Eumenes)
528 1999 741 2031 membranas
753 2000 866 2031 aPer·

168 2056 264 2087 gamo
280 2049 433 2089 miserat,
443 2054 482 2080 ut
494 2051 637 2090 penuria
651 2051 779 2082 chartae
796 2052 866 2091 pel·

168 2097 255 2129 libus
280 2104 504 2139 pensaretur:
534 2098 623 2130 unde
638 2104 675 2130 et
691 2109 867 2140 pergame-

168 2157 287 2179 norum
313 2157 436 2180 nomen
461 2148 503 2179 ad
523 2149 612 2180 hunc
636 2159 743 2191 usqne
764 2150 868 2191 diem,

168 2197 326 2229 tradente
338 2197 400 2230 sibi
413 2198 557 2230 invicem
574 2199 789 2241 posteritate,
799 2210 867 2232 ser-

167 2253 283 2280 vatum
313 2248 391 2280 est-⁹
434 2248 502 2280 Ubi
527 2258 569 2280 ex
590 2250 764 2281 occasione
782 2255 819 2282 et
835 2251 869 2281 ἐν

166 2298 301 2340 παρόδῳ,
329 2300 470 2339 Lector,
492 2299 684 2331 meminisse
714 2305 868 2341 oportet,

165 2347 326 2389 Pergami
351 2357 450 2389 reges
472 2347 545 2380 fere
568 2357 685 2380 omnes
700 2349 867 2390 appellari

165 2398 380 2430 consuevisse
405 2397 565 2429 Attalus:
590 2398 788 2440 pariterque
812 2398 868 2430 ΛΞ-

167 2449 303 2490 gyptius
332 2448 523 2479 nominatos
553 2447 721 2488 deinceps
749 2448 868 2480 Ptole·

168 2507 282 2539 tutos,
296 2498 354 2539 qni
370 2502 470 2530 antea
486 2497 695 2530 Pliaraones.

211 2547 381 2588 nereum]
403 2547 445 2579 In
469 2547 605 2580 tabellis
635 2548 739 2587 enim,
767 2557 866 2579 verso

169 2597 272 2638 stylo,
303 2606 449 2639 ceraque
478 2599 707 2640 complanata,
740 2597 867 2630 licebat

169 2652 302 2678 mutare
326 2651 363 2678 et
386 2647 574 2680 rescribere
588 2648 776 2691 quidlibet:
799 2657 867 2680 non

171 2694 316 2738 perinde
343 2695 377 2727 in
402 2696 617 2732 membranis.
661 2698 766 2731 Ovid.
787 2698 868 2730 ‘In-

172 2745 271 2786 eipit,
287 2750 324 2777 et
337 2744 492 2778 dubitat:
514 2748 651 2790 scribit²
660 2749 868 2791 damnatque

173 2795 340 2828 tabellas:
364 2796 409 2827 Et
431 2800 538 2834 notat,
559 2803 595 2830 et
609 2799 724 2840 delet;
747 2805 870 2842 mutat,

171 2847 372 2889 culpatque,
396 2847 607 2889 probatque.⁸
649 2850 739 2883 Vide
764 2851 872 2884 Quin-

926 1201 976 1233 til.
995 1210 1030 1233 x.
1046 1204 1076 1233 3.
1092 1202 1154 1233 sub
1169 1201 1283 1234 finem.

967 1255 986 1283 3
1011 1253 1118 1284 Iratus
1139 1252 1199 1284 tibi
1221 1251 1402 1293 qaod‚,&c.]
1426 1250 1526 1284 Quod
1544 1249 1626 1282 satis

924 1302 1138 1335 elaboratum
1154 1303 1235 1334 nihil
1252 1303 1317 1334 tibi
1333 1302 1483 1343 videtur,
1500 1301 1625 1332 irasce-

923 1353 966 1384 ris
982 1358 1018 1384 et
1026 1362 1207 1384 succenses
1220 1351 1372 1383 tibimet:
1396 1351 1474 1382 hinc
1491 1350 1627 1390 relegis,

922 1403 1031 1442 deles,
1047 1403 1167 1441 vertis,
1180 1402 1289 1433 donec
1307 1401 1436 1442 aliquid
1453 1400 1558 1431 menti
1568 1409 1627 1431 oc·

922 1456 1038 1483 currat
1054 1451 1143 1493 quod
1160 1450 1234 1491 ipse
1259 1449 1395 1491 probes,
1418 1449 1626 1490 dignumque

916 1500 1056 1543 judices
1070 1500 1222 1542 evulgari
1240 1504 1276 1532 et
1292 1500 1382 1532 tradi
1398 1499 1626 1531 lectitandum

923 1551 1079 1583 eruditis.
1124 1551 1234 1592 Epist.
1264 1549 1308 1581 ad
1334 1550 1501 1581 Pisones:
1527 1548 1626 1580 ‘car-

922 1611 1000 1633 men
1030 1600 1276 1642 reprehendite
1305 1600 1397 1641 quod
1423 1608 1492 1630 non
1510 1599 1626 1630 Multa

923 1651 996 1682 dies
1015 1655 1051 1682 et
1066 1651 1174 1681 multa
1189 1650 1294 1681 litura
1309 1647 1485 1689 coercui&
1499 1649 1567 1679 &c-

963 1702 984 1731 4
1008 1699 1153 1739 Dignum
1176 1699 1332 1740 sermone]
1354 1698 1507 1739 Dignum
1535 1697 1628 1729 Sati-

922 1749 969 1781 ris
985 1748 1152 1790 maudari,
1174 1747 1388 1790 proindeque
1410 1747 1479 1788 legi
1502 1752 1539 1779 et
1555 1748 1626 1778 lan-

922 1798 1009 1830 dari.

963 1849 1011 1880 At
1050 1847 1127 1888 ipsis
1157 1847 1379 1879 Saturnalibus
1409 1847 1467 1878 huc
1487 1846 1626 1887 fugisti]

922 1899 1095 1932 Quorsum
1118 1898 1186 1928 huc
1202 1897 1374 1929 secessisti
1387 1897 1421 1928 in
1444 1897 1556 1927 villam
1573 1902 1624 1928 te·

921 1947 1045 1989 pidiori
1075 1948 1175 1988 coelo,
1206 1948 1259 1978 vel
1298 1946 1378 1979 foco
1407 1947 1624 1978 luculentiori

920 1999 1143 2036 commodam,
1159 1998 1254 2041 qnasi
1271 1998 1314 2031 ad
1330 1998 1548 2031 scribendum
1565 2008 1625 2040 ap-

921 2051 1042 2082 tiorem
1055 2050 1068 2081 ἓ

963 2104 982 2132 5
1006 2099 1242 2141 Saturnalibus]
1265 2099 1307 2131 In
1328 2099 1523 2131 memoriam
1542 2100 1626 2140 pris-

922 2159 974 2181 σε
1002 2150 1175 2182 libertatis
1204 2150 1267 2181 sub
1299 2150 1442 2191 imperio
1475 2150 1627 2190 Saturni,

923 2200 1039 2232 Romae
1054 2200 1318 2232 celebrabantur
1334 2200 1529 2232 Saturnalia
1546 2210 1625 2233 xiv.

923 2251 1002 2283 Kal.
1045 2251 1125 2284 Jau.
1163 2255 1304 2292 tumque
1326 2280 1332 2284 .
1349 2251 1458 2283 servis
1495 2251 1625 2282 domini

922 2301 1136 2341 praestabant
1152 2301 1284 2341 epulas,
1306 2301 1440 2343 ipsique
1455 2301 1625 2333 ministra·

921 2350 1023 2390 bant3
1045 2351 1136 2382 omni
1161 2349 1243 2382 data
1258 2351 1393 2392 quidvis
1407 2351 1567 2392 loquendi
1584 2351 1624 2382 li-

920 2400 1046 2432 centia.
1091 2399 1181 2432 Vide
1209 2401 1366 2432 Macrob.
1390 2402 1505 2432 Satur.
1529 2409 1553 2431 t.
1570 2403 1624 2433 10.

920 2450 1048 2483 Athen.
1069 2459 1146 2482 xlv.
1174 2455 1210 2482 et
1235 2451 1322 2482 iufra
1338 2452 1492 2482 Sat.vn.
1506 2453 1538 2481 4.
1566 2450 1625 2482 ubi

918 2501 963 2533 de
986 2501 1164 2532 ‘libertate
1178 2499 1389 2532 Decembri:

962 2550 1095 2582 Sobrius
1119 2559 1194 2589 ergo
1226 2550 1292 2580 Dic
1321 2548 1455 2590 aliquid,
1483 2548 1556 2590 &at-J
1585 2550 1623 2582 Si

920 2600 1056 2642 quidem
1073 2599 1234 2631 Romanae
1257 2598 1367 2639 plebis
1383 2599 1417 2630 in
1434 2597 1623 2632 Saturnali-

922 2651 985 2683 bus
1014 2649 1281 2682 comessationes
1310 2658 1350 2681 ac
1380 2648 1544 2682 tumultus
1570 2649 1622 2682 fu-

922 2701 1017 2742 giens
1030 2700 1097 2731 huc
1114 2699 1251 2739 venisti,
1272 2704 1308 2730 et
1319 2699 1436 2741 quiete
1458 2705 1624 2742 exoptata

919 2752 992 2792 jam
1007 2749 1145 2788 frueris,
1166 2749 1312 2791 vinoque
1333 2754 1371 2782 et
1386 2758 1503 2782 somno
1518 2760 1621 2792 parce

924 2801 1104 2842 indulgere
1119 2799 1216 2839 licet,
1225 2799 1300 2840 jam
1317 2801 1432 2833 scribe
1446 2801 1622 2844 quidpiam

925 2852 1038 2884 sobria
1053 2854 1167 2883 mente
1181 2849 1334 2892 dignum,
