1890 3256
288 294 398 335 1006
748 306 792 343 Q.
824 303 1027 334 nonA'rn
1063 302 1230 332 ruAcm
1269 291 1274 293 ⁴

290 395 451 447 Magna
469 399 612 437 movet
630 395 852 436 stomacho
873 394 1063 442 fastidia,
1082 406 1159 433 seu
1178 406 1282 446 puer
1301 396 1444 436 unctis

286 461 510 501 Tractavit
529 460 706 500 calicem
727 458 939 506 manibus,
960 457 1060 498 dum
1080 458 1196 499 furta
1213 458 1397 511 ligurrit3

288 525 391 565 Sive
411 525 551 577 gravis
570 522 702 563 veteri
716 526 892 562 craterae
912 522 1040 563 limus
1060 523 1256 565 adhaesit.

287 589 462 630 Vilibus
482 590 525 628 in
543 587 706 639 scopis,
725 587 770 626 in
789 587 979 640 mappis,
999 587 1043 628 in
1062 589 1208 637 scobe,
1228 593 1415 641 quantus

1645 526 1701 568 80

286 739 368 759 seam
378 728 529 758 stomacho
535 727 661 766 faciunt
673 727 738 758 sive
748 726 887 763 famulus
900 728 1044 768 scyphum
1057 729 1258 759 contrectavit
1272 729 1403 760 sordidis
1415 728 1565 766 manibus,
1577 729 1649 759 dum
1662 727 1707 758 lx·-

285 771 371 808 gurit
383 773 543 809 surrepta3
557 770 622 800 sive
635 769 765 800 crassior
780 769 870 800 limus
884 773 1008 808 occupat
1021 769 1180 809 antiquam
1191 773 1351 802 crateram.
1397 771 1497 806 Quam
1516 779 1619 810 parva
1629 773 1702 805 sunt

879 869 1112 883 ooooooooooo

285 946 327 974 78
341 943 351 962 ⁴
366 943 486 982 Mag-na
498 947 615 974 movent
629 944 780 974 stomacho
793 943 929 982 fastidia
944 948 1076 975 veteres
1093 944 1256 976 editiones
1269 955 1277 975 :
1301 954 1408 986 neque
1425 943 1589 986 Cruqnius
1606 945 1700 976 Lam·

287 985 427 1015 biuusve
445 985 621 1024 quicquam
645 985 767 1015 diversi
794 994 835 1014 ex
863 985 1036 1016 codicibus
1063 986 1131 1016 suis
1157 984 1345 1025 proferunt.
1387 986 1434 1016 At
1449 987 1642 1017 Torrentius
1667 987 1702 1019 in

287 1025 856 1097 2:133‘21'323231‘33‘.”matteis
873 1026 1614 1098 *3133ssttffistfflffis‘ssxsszffi‘ssxlztss
1627 1031 1703 1098 '’13’ss

288 1108 404 1146 trensi,
418 1108 622 1146 Batteliano,
635 1076 1051 1148 Vigorniensi‚q80cietatis
1068 1108 1193 1148 Regias,
1206 1114 1242 1140 et
1258 1108 1399 1147 Collegii
1413 1090 1586 1139 T’rinitatis
1598 1089 1703 1148 :’quae

287 1149 357 1179 sine
373 1149 474 1179 dubio
490 1149 602 1179 melior
616 1149 783 1188 scriptura
801 1153 866 1188 est,
888 1149 1008 1187 Magno
1021 1153 1120 1180 movet
1143 1149 1293 1180 stomacho
1307 1149 1454 1187 fastidia,
1467 1159 1522 1180 seu
1541 1158 1628 1190 puer,
1649 1149 1702 1188 ξι.

286 1190 392 1220 Movet
408 1190 461 1221 bic
475 1190 626 1221 absolute
639 1193 675 1220 et
688 1190 957 1230 impersonaliter
973 1190 1116 1229 positum
1133 1194 1205 1221 est:
1230 1189 1305 1222 vide
1322 1190 1392 1221 Nos
1409 1190 1450 1221 ad
1466 1199 1491 1222 1.
1506 1190 1576 1223 Sat.
1589 1193 1639 1221 10.
1650 1190 1704 1220 78.

287 1231 332 1262 Et
352 1236 527 1271 praeterea,
540 1241 614 1262 cum
628 1240 680 1262 seu
695 1234 731 1262 et
743 1230 808 1262 sive
822 1230 1026 1271 disjunctiva
1052 1231 1133 1270 sint,
1154 1231 1352 1271 singularem
1376 1233 1492 1272 utique
1519 1239 1703 1270 nnmerum,

287 1281 352 1302 non
383 1273 557 1312 pluralem,
585 1273 636 1303 liic
667 1271 863 1312 requirunt.’
886 1272 992 1303 Bentl-
1040 1273 1162 1311 Magna
1188 1277 1307 1303 movent
1336 1272 1434 1303 Harl.
1454 1276 1486 1303 2.
1508 1275 1539 1304 3.
1563 1278 1598 1303 et
1624 1273 1705 1303 Vet-

287 1313 490 1344 Comb.—⁷9
511 1315 522 1331 ⁴
540 1313 634 1344 Libri
660 1313 786 1354 aliquot
814 1318 945 1344 veteres
972 1313 1097 1344 habent
1119 1315 1190 1344 dnm
1202 1314 1323 1352 frusta,
1350 1322 1432 1354 quos
1458 1314 1566 1344 malim
1589 1313 1704 1354 sequi:

275 1354 385 1390 frusta
402 1358 512 1385 autern
528 1354 676 1385 carnium
700 1359 736 1385 et
759 1354 898 1394 piscium
925 1354 1096 1395 intellige!
1118 1355 1225 1385 Lamb-
1259 1354 1368 1392 frusta
1392 1351 1492 1385 etiafn
1520 1354 1625 1386 codex
1651 1363 1707 1394 ap.

288 1394 367 1425 Bos.
381 1395 558 1426 Animadv.
581 1399 617 1427 et
632 1395 728 1426 Harl.
743 1397 775 1427 2.
808 1395 935 1431 frustra
960 1396 1044 1427 Exc.
1070 1395 1150 1427 Sax.
1176 1401 1212 1426 et
1235 1395 1334 1427 Harl.
1348 1397 1462 1426 4.-81
1487 1395 1594 1426 Faber
1615 1395 1704 1435 conj.

923 1507 1068 1539 NOTAE

287 1601 352 1623 uno
375 1592 487 1622 catino
508 1598 702 1630 apponere;
725 1593 831 1620 emtos
854 1589 970 1619 videli-

289 1645 345 1671 cet
361 1639 466 1670 tribus
481 1637 627 1668 millibus
643 1637 853 1667 sestertium:
883 1636 972 1668 Gall.

286 1697 361 1728 pour
380 1687 522 1719 soixante
540 1690 570 1717 et
586 1685 692 1726 quinae
705 1686 775 1718 eous
789 1687 826 1717 de
838 1685 972 1726 poissons

287 1740 364 1769 dans
377 1747 420 1768 un
432 1737 512 1776 plat.

331 1789 370 1816 81
401 1785 518 1816 Vilibus
529 1784 563 1815 in
577 1784 686 1824 scopis,
698 1783 768 1823 isa]
791 1783 839 1814 Ut
854 1783 974 1814 nimius

290 1838 419 1864 sumtus
455 1834 488 1863 in
522 1833 666 1873 opsoniis
701 1832 890 1870 damnatur,
925 1831 975 1862 ita

289 1885 383 1912 certe
397 1882 633 1920 negligentiam
648 1881 699 1911 vel
711 1880 828 1910 sordes
843 1880 876 1909 in
889 1880 975 1909 vasis

290 1938 330 1961 ac
346 1929 546 1968 supellectili
564 1938 660 1959 nemo
676 1927 879 1967 probaverit.
916 1928 975 1957 Er-

290 1987 333 2018 go
353 1978 486 2016 calices,
500 1977 624 2014 lances,
641 1984 801 2010 mensam,
823 1984 973 2015 mappas,

289 2026 425 2057 triclinii
437 2025 676 2066 pavimentum,
690 2029 781 2056 toros
795 2034 833 2056 ac
846 2024 974 2063 toralia,

290 2073 414 2104 munda
428 2082 501 2103 esse
518 2076 674 2112 oportet:
697 2076 735 2103 ut
759 2072 861 2102 etiam
887 2080 972 2111 prae-

290 2122 414 2160 cipitur
430 2129 456 2153 1.
473 2121 582 2160 Epist.
598 2124 630 2152 5.

331 2170 473 2210 Mappis]
498 2170 580 2200 Erat
599 2179 723 2209 mappa
745 2168 834 2199 utilis
850 2168 891 2199 ad
908 2172 973 2199 ter-

291 2218 414 2259 gendas
443 2227 557 2249 manus
586 2222 733 2249 tantum:
758 2217 909 2255 mantile,
931 2216 973 2247 ad

291 2266 502 2297 sternendam
531 2275 591 2296 seu
617 2265 795 2305 tegendam
816 2273 974 2296 mensam.

291 2314 466 2346 Absurdus
487 2318 560 2346 esto
584 2315 732 2355 quisquis
756 2314 852 2345 aliter
872 2313 976 2353 scrip-

292 2364 386 2395 serit.
428 2363 483 2394 Ad
506 2363 660 2395 convivia
684 2372 743 2393 seu
765 2362 895 2402 privata
916 2370 975 2393 seu

293 2412 427 2451 publica
439 2420 532 2442 suam
551 2410 689 2452 quisque
712 2419 866 2450 mappam
881 2409 977 2440 detu-

293 2460 334 2490 lit
346 2460 476 2500 pridem
490 2469 499 2490 :
515 2463 551 2490 at
563 2459 692 2490 mantili
705 2458 877 2489 sternebat
886 2467 979 2488 men·

295 2517 365 2539 sam
391 2508 447 2549 qui
462 2506 647 2539 convivium
665 2506 848 2547 praebebat.
890 2505 978 2537 Vide

295 2556 445 2588 Martial.
461 2565 527 2588 111.
544 2559 598 2587 29.

335 2603 445 2644 Βοσὸρ]
467 2604 572 2636 Scobs
587 2607 641 2635 est
662 2603 828 2644 limatura,
841 2603 911 2635 sive
926 2613 977 2634 ra-

292 2656 440 2683 mentum
468 2657 502 2684 et
527 2652 760 2693 strigmentum
788 2661 808 2683 e
839 2651 977 2683 materia

295 2699 455 2740 qualibet,
477 2700 556 2731 dum
579 2701 633 2731 vel
654 2709 748 2732 serra
767 2700 976 2741 discinditur,

294 2749 349 2780 vel
369 2748 505 2779 terebra
526 2749 725 2790 perforatur,
748 2750 800 2780 vel
821 2749 900 2780 lima
916 2749 975 2780 im-

1023 1589 1182 1621 minuitur
1209 1594 1267 1621 aut
1295 1590 1430 1630 politur,
1460 1590 1547 1621 Gall.
1570 1589 1708 1628 limaille,

1022 1638 1147 1670 scieure.
1182 1639 1292 1669 Scobe
1308 1639 1484 1669 triclinium
1497 1638 1641 1678 inspergi
1655 1647 1707 1668 so-

1023 1688 1128 1725 lebat,
1149 1687 1191 1718 ad
1206 1687 1395 1726 colligenda
1409 1686 1539 1717 facilius
1554 1691 1628 1726 post
1641 1695 1708 1717 coe·

1024 1744 1100 1767 uam
1117 1739 1336 1774 purgamenta
1347 1738 1382 1766 et
1393 1736 1501 1775 scopis
1516 1733 1707 1765 sufferenda.

1025 1785 1143 1815 Senec.
1160 1785 1320 1815 controv.
1336 1784 1488 1814 Declam.
1504 1790 1556 1813 tx.
1571 1784 1603 1813 2.
1625 1782 1634 1799 ⁸
1653 1781 1709 1812 In·

1025 1836 1078 1861 ter
1093 1834 1313 1870 purgamenta
1325 1835 1360 1860 et
1369 1831 1481 1869 jactus
1492 1829 1706 1869 coenantium,

1024 1884 1126 1918 atque
1151 1887 1300 1918 sparsam
1329 1879 1360 1908 in
1390 1877 1543 1908 convivio
1562 1877 1707 1916 scobem,

1024 1926 1183 1956 humanus
1210 1926 1344 1965 sanguis
1371 1926 1558 1957 everritur-³
1602 1927 1708 1957 Scoln

1024 1973 1126 2004 etiam
1153 1973 1303 2013 pretiosa
1324 1973 1366 2004 ad
1389 1973 1512 2005 fastum
1527 1973 1708 2014 spargeba-

1026 2026 1089 2052 tur.
1143 2021 1315 2061 Lamprid.
1340 2022 1549 2062 Heliogabal.
1576 2022 1707 2054 ‘scobe

1025 2071 1096 2101 auri
1112 2070 1276 2109 porticum
1299 2071 1420 2101 stravit
1441 2075 1477 2102 et
1495 2071 1635 2110 argenti,
1650 2070 1708 2105 ‹lo-

1025 2119 1097 2149 lens
1112 2118 1200 2159 quod
1215 2128 1281 2149 uon
1297 2123 1410 2159 posset
1425 2124 1460 2150 et
1475 2119 1616 2151 electri.’
1639 2119 1708 2151 Ad-

1026 2166 1204 2198 hibebatnr
1230 2177 1360 2208 quoque
1397 2167 1507 2207 lignea
1539 2167 1636 2199 scobs
1666 2167 1706 2198 nd

1026 2215 1113 2246 atria
1126 2215 1346 2246 emundanda.
1368 2215 1524 2246 Juvenal.
1539 2216 1612 2246 Sat.
1630 2223 1706 2246 ΧΠ.

1025 2267 1077 2296 64.
1099 2264 1109 2279 ⁴
1122 2264 1211 2303 Ergo
1226 2264 1324 2293 miser
1337 2263 1484 2302 trepidas
1501 2271 1543 2293 ne
1557 2267 1707 2294 stercore

1027 2312 1116 2343 foeda
1136 2310 1254 2342 canino
1275 2310 1372 2342 Atria
1391 2310 1588 2349 displiceant
1602 2310 1708 2341 oculis

1027 2359 1192 2392 venientis
1209 2358 1318 2396 amici,
1340 2358 1395 2388 Ne
1419 2357 1553 2398 perfusa
1575 2358 1647 2389 luto
1662 2359 1707 2389 sit

1027 2409 1196 2449 porticus:
1218 2410 1254 2439 et
1269 2411 1377 2438 tamen
1392 2415 1457 2437 uno
1469 2406 1624 2437 semodio
1635 2415 1704 2438 sco-

1027 2458 1077 2489 bis
1091 2458 1161 2488 haec
1176 2455 1330 2487 emendat
1349 2455 1498 2485 servulus
1515 2453 1621 2485 unus.'
1663 2455 1705 2486 Id

1026 2512 1092 2547 est,
1119 2514 1230 2538 servus
1249 2504 1444 2543 inspergens
1467 2503 1575 2534 scobis
1601 2512 1705 2536 semo-

1027 2555 1132 2591 dium,
1146 2553 1256 2584 statim
1274 2552 1413 2583 abradet
1424 2552 1528 2583 lutum
1541 2562 1580 2583 ac
1589 2553 1705 2584 sordes

1027 2611 1163 2634 omnes:
1189 2600 1378 2641 mundaque
1405 2601 1580 2640 praestabit
1608 2602 1706 2641 atria,

1025 2650 1204 2692 porticum,
1228 2651 1291 2680 διο.
1333 2649 1478 2680 Valeant
1500 2649 1556 2690 qui
1571 2649 1705 2681 scobem

1027 2702 1201 2739 autumant
1215 2698 1330 2728 utilem
1344 2697 1446 2729 fuisse
1459 2698 1500 2729 ad
1512 2697 1706 2730 defricanda

1027 2756 1116 2786 vasa,
1131 2747 1342 2788 dandumque
1356 2747 1395 2779 ii's
1409 2746 1629 2787 splendorem.
