1904 3256
383 270 465 310 758
850 279 1046 310 nAcssRn
1083 277 1332 307 PRAEFA'rro

385 373 422 408 in
438 372 521 408 ⁴suis
541 371 677 409 Far-ces
694 369 883 416 hodieque
902 367 1078 414 faciunt,)
1097 359 1303 404 Attellanis¹
1331 373 1432 405 certe
1460 372 1605 405 mutato
1623 374 1702 406 tum
1722 370 1797 420 pri-

386 445 487 470 mum
520 439 528 454 ‘
545 433 749 469 Satirarum
762 430 771 445 '
793 429 945 467 nomine
964 430 1003 464 in
1033 433 1043 450 ‘
1061 428 1234 474 Exodia,’
1253 429 1355 478 quod
1377 430 1414 466 in
1434 435 1627 479 posterum
1645 431 1797 467 mansit.

383 519 387 521 -
438 495 563 543 Atque
593 493 675 529 haee
705 491 776 527 suit
806 491 925 540 prima
957 498 994 527 et
1023 489 1287 539 antiquissima
1305 490 1644 528 RomanaeSatirae
1663 491 1796 528 forma.

387 557 507 592 Erant
524 553 677 603 quidem
695 552 783 589 duae
802 552 901 598 aliae,
919 564 1137 602 quanquam
1157 564 1180 589 a
1199 552 1319 601 prima
1337 552 1496 589 multum
1517 551 1799 602 discrepabant,

387 618 421 654 ei
452 624 579 654 tamen
612 614 723 664 quasi
755 621 878 651 enatae
911 613 1136 663 suffragines
1162 620 1285 650 ortum
1305 627 1414 651 suum
1433 613 1667 656 referebant;
1696 613 1800 663 quod

388 690 501 727 quam
518 675 738 713 brevissime
758 681 903 726 potero,
917 675 997 724 jam
1014 675 1276 712 confirmatum
1295 675 1408 712 dabo.

441 739 525 774 Uno
539 748 640 774 anno
659 743 861 787 postquam
879 737 1005 774 Livius
1023 736 1164 786 primas
1184 736 1354 774 dedisset
1371 737 1534 782 fabulas,
1554 742 1667 773 natus
1687 742 1746 774 est
1763 737 1802 774 in

390 799 500 836 ltalia
519 798 690 836 Ennius:
720 799 783 848 qui
815 811 900 836 cum
929 799 1174 843 adolevisset,
1207 806 1246 836 et
1273 798 1490 848 diligentius
1509 797 1805 843 considerasset,

388 866 622 910 quantopere
639 859 858 910 hujusmodi
877 860 1008 897 Satiris
1027 859 1275 898 delectaretur
1293 860 1472 910 populus,
1500 865 1600 897 reete
1619 865 1658 896 et
1683 859 1722 896 id
1747 859 1804 897 vi·

390 923 459 967 dit,
487 921 684 966 Perimam,
705 934 791 971 quae
818 922 909 960 lieet
935 922 1099 959 Theatro
1117 934 1194 959 non
1214 921 1506 967 destinarentur,
1535 920 1701 958 suffusos
1717 920 1806 958 selle

391 983 490 1021 sales
522 989 562 1020 et
594 983 750 1021 dicteria
782 984 990 1021 Satirarum
1022 983 1215 1020 mordacia
1251 990 1522 1020 conservarent
1551 989 1692 1028 tamen,
1729 994 1806 1021 non

389 1057 503 1094 posse
523 1057 599 1082 non
617 1045 768 1095 placere
785 1045 953 1095 populo;
982 1044 1192 1094 periculum
1222 1045 1314 1081 fecit
1342 1050 1455 1093 atque
1481 1044 1602 1081 edidit
1631 1044 1807 1081 ‘Sermo-

389 1107 486 1153 nes,'
514 1119 612 1156 quos
639 1111 649 1128 ⁴
667 1106 834 1149 Satirasf
863 1111 1010 1143 servato
1044 1105 1200 1154 antiquo
1233 1104 1385 1142 nomine
1416 1104 1634 1154 appellavit.
1688 1104 1809 1142 Erant

389 1170 429 1207 hi
448 1170 650 1207 Sermones
670 1168 904 1213 Horatianis,
919 1167 1022 1217 quod
1042 1166 1090 1204 ad
1102 1172 1368 1216 argumentum
1383 1175 1421 1203 et
1435 1160 1653 1203 varietatem
1667 1177 1805 1211 rerum,

392 1244 458 1282 per
478 1231 605 1269 omnia
635 1230 800 1267 similes:
829 1236 1003 1281 excepto,
1033 1228 1138 1279 quod
1167 1228 1311 1265 Ennius
1331 1227 1379 1265 ad
1397 1226 1635 1278 quorundam
1654 1227 1812 1265 Graeco-

392 1305 489 1339 rum,
519 1293 638 1342 ipsius
668 1293 782 1329 etiam
811 1292 966 1329 Homeri
998 1290 1226 1340 exemplum,
1255 1290 1295 1327 id
1326 1289 1396 1326 sibi
1420 1289 1517 1338 juris
1547 1290 1735 1334 sumserit,
1768 1295 1813 1327 ut

392 1354 503 1404 plura
519 1353 740 1390 Carminum
760 1365 913 1401 genera,
933 1351 1103 1389 confusis
1125 1351 1378 1394 Hexametris‚
1398 1350 1588 1394 Iambieis,
1603 1349 1811 1395 Trimetris‚

395 1422 432 1452 et
451 1413 693 1451 Tetrametris
713 1413 932 1451 Trochaicis
951 1412 1225 1456 commisceret,
1257 1418 1300 1448 ut
1317 1424 1365 1449 ex
1385 1410 1623 1461 Fragmentis
1641 1424 1727 1461 quae
1747 1411 1811 1449 su-

395 1483 567 1526 persunt,
588 1476 680 1512 satis
699 1475 833 1524 liquet.

450 1537 598 1574 Videtis
617 1537 936 1574 Tetrametrorurn
956 1535 1171 1584 exemplum
1192 1536 1239 1571 ab
1258 1534 1357 1572 Aulo
1380 1533 1506 1571 Gellio
1532 1539 1813 1579 conservatum,

397 1599 554 1649 dignum
573 1611 679 1644 sane,
697 1597 801 1647 quod
820 1598 868 1634 ob
887 1597 1063 1634 eximiam
1079 1595 1399 1646 pulchritudinem
1417 1595 1477 1632 hic
1495 1601 1698 1645 reponatur
1714 1607 1723 1632 :

558 1671 644 1708 Hoc
658 1670 729 1708 erit
745 1670 811 1707 tibi
828 1675 1092 1720 argumentum
1112 1681 1259 1719 semper
1275 1668 1312 1706 in
1331 1672 1481 1720 promtu
1498 1666 1624 1712 situm,

555 1731 709 1782 Nequid
727 1737 905 1782 expectes
925 1731 1080 1776 amicos,
1101 1731 1205 1781 quod
1224 1737 1305 1768 tute
1324 1741 1436 1780 agere
1455 1728 1594 1779 possis.

453 1804 787 1842 Annumeraverim
815 1816 927 1856 porro
949 1804 1062 1839 Ennii
1081 1804 1215 1840 Satiris
1235 1803 1390 1839 alteram
1408 1801 1512 1839 illam
1531 1800 1695 1850 speciem
1714 1799 1811 1836 Ver-

403 1879 526 1910 suurn,
557 1866 621 1915 qui
649 1877 696 1902 ea
725 1870 815 1902 sunt
833 1870 1047 1909 venustate,
1066 1876 1112 1900 ea
1131 1863 1334 1912 elegantia,
1353 1869 1394 1899 ut
1413 1861 1594 1900 saeculum
1613 1861 1729 1911 longe
1748 1873 1814 1897 su-

402 1940 534 1979 perare
558 1926 769 1966 videantur.
823 1926 918 1963 Rem
947 1937 1023 1963 non
1050 1925 1238 1972 ingratam
1270 1924 1407 1968 fecero,
1437 1923 1468 1960 si
1498 1922 1666 1960 Lectoris
1695 1921 1817 1959 oculis

403 1990 621 2040 subjecero:

561 2052 650 2089 Non
668 2050 792 2087 habeo
810 2048 974 2099 denique
994 2048 1105 2085 nauci
1126 2047 1296 2085 Marsum
1315 2048 1524 2096 Augurem,

562 2114 651 2151 Non
668 2113 824 2150 vicanos
844 2111 1065 2161 Aruspices‚
1082 2123 1158 2148 non
1177 2110 1225 2146 de
1245 2110 1358 2147 Circo
1377 2109 1618 2158 Astrologos,

563 2173 814 2212 Non'Is‘iacos
833 2173 1092 2222 Conjectores‚
1111 2184 1186 2209 non
1206 2170 1435 2220 Interpretes
1454 2168 1640 2208 somnium
1659 2179 1670 2205 :

563 2236 652 2273 Non
669 2236 768 2273 enim
786 2241 875 2272 sunt
891 2234 930 2279 ii,
949 2240 1016 2271 aut
1029 2233 1201 2277 scientia,
1219 2238 1285 2269 aut
1304 2237 1382 2268 arte
1402 2231 1531 2268 Divini
1546 2243 1557 2273 ;

563 2297 642 2335 Sed
661 2295 915 2347 superstitiosi
930 2302 1048 2341 vates,
1066 2293 1381 2344 impudentesque
1398 2292 1548 2338 harioli,
1566 2301 1573 2307 “

566 2359 646 2396 Aut
659 2359 813 2403 inertes,
827 2363 894 2394 aut
912 2357 1050 2401 insani,
1069 2363 1134 2393 aut
1151 2355 1287 2404 quibus
1307 2358 1459 2404 egestas
1477 2353 1661 2402 imperat:

567 2420 644 2463 Qui
663 2420 721 2456 sui
740 2425 911 2469 quaestus
930 2429 1047 2455 causa
1064 2417 1172 2453 fictas
1193 2416 1380 2453 suscitant
1398 2413 1620 2458 sententias,

567 2481 642 2524 Qui
661 2482 733 2519 sibi
751 2480 922 2518 semitam
940 2491 1016 2517 non
1037 2477 1203 2527 sapiunt,
1222 2476 1328 2514 alteri
1346 2480 1559 2512 monstrant
1578 2473 1690 2520 viam,

564 2543 712 2587 Quibus
733 2541 884 2580 divitias
902 2540 1140 2590 pollicentur,
1155 2539 1202 2575 ab
1222 2538 1266 2575 iis
1286 2536 1503 2574 drachmam
1523 2540 1682 2585 petunt;

568 2606 628 2643 De
647 2604 785 2642 divitiis
805 2603 996 2641 deducant
1013 2600 1244 2645 drachmam,
1259 2598 1422 2636 reddant
1440 2596 1604 2635 caetera!

464 2666 633 2704 Plurima
662 2678 709 2703 ex
738 2665 798 2702 his
831 2663 964 2701 Satiris
997 2661 1182 2701 desumsit
1210 2660 1406 2707 Horatius,
1426 2665 1470 2697 ut
1486 2657 1727 2696 manifestum
1753 2655 1823 2694 erit

413 2727 535 2767 Notas
554 2733 704 2766 nostras
721 2725 950 2766 consulenti.
