1904 3256
322 268 404 308 644

801 281 844 318 Q.
877 279 1081 309 HORA'rn
1120 277 1288 308 FLAcci

543 370 726 411 Paratus
747 383 874 410 omne
897 369 1085 410 Caesaris
1105 369 1338 422 periculum

600 437 770 484 Subire,
793 435 1036 482 Maecenas,
1055 437 1144 475 tuo.

318 530 479 562 discrimen
494 533 645 571 quodlibet
663 534 803 572 promtus
816 531 900 562 obire
919 533 970 561 tuo
986 531 1133 570 periculo.
1178 530 1261 565 Quid
1275 538 1398 569 agemus
1412 538 1479 570 nos,
1494 528 1601 570 quibua
1615 529 1679 560 vita
1693 529 1737 559 vi-

319 661 475 694 Torrent.
518 662 603 693 Haec
628 661 702 693 Ode
728 666 778 693 est
803 660 1002 691 duodecima
1027 659 1119 692 Libri
1141 659 1327 692 secundiin
1343 659 1431 690 Edd.
1446 657 1633 690 Sanam—4
1655 658 1739 689 Post

959 726 1102 760 NOTAE

321 803 418 834 Unde
443 812 522 834 vero
547 802 682 842 Epodos
703 802 882 832 commenti
903 802 1002 832 sunt?

320 852 458 882 Certant
473 851 651 881 etiamnum
665 850 798 881 eruditi.
838 850 888 880 An
913 850 1000 890 quod

318 900 454 930 ultimus
463 899 505 930 sit
515 900 664 930 Odarum
673 899 767 936 liber,
779 903 812 929 et
821 898 912 939 quasi
926 903 1002 938 post

320 948 439 979 Odas?
468 947 516 978 At
537 948 679 979 levicula
700 948 795 978 ratio.
836 947 891 978 An
913 947 1001 988 quod

320 997 407 1028 Odae
420 998 492 1027 istae
509 998 576 1028 sint
592 1001 667 1037 post
683 997 764 1027 alias
780 995 879 1027 factae
893 997 904 1026 ?
935 995 1002 1026 Im—

320 1054 375 1076 mo
402 1054 481 1076 vero
511 1046 681 1085 pleraeque
706 1045 804 1084 hujus
829 1044 904 1075 libri
933 1045 1005 1075 aliis

319 1098 398 1124 sunt
421 1094 559 1133 priores,
583 1103 613 1124 v.
639 1103 671 1133 g.
694 1093 804 1132 Epod.
829 1102 879 1123 rx.
902 1093 1005 1123 mani-

319 1142 404 1173 feste
431 1141 603 1172 antecedit
618 1141 718 1172 Oden
741 1143 794 1171 37.
811 1140 869 1170 lib.
885 1149 911 1171 1.
947 1140 1001 1170 An

318 1190 407 1231 quod
423 1189 564 1229 longiori
588 1189 697 1220 versui
721 1189 856 1219 brevior
876 1188 1004 1219 attexi-

319 1239 400 1269 tur?
433 1238 538 1278 Atqui
553 1238 649 1277 hujus
661 1236 793 1277 generis
809 1235 894 1267 Odae
911 1245 1007 1275 repe·

318 1288 448 1319 ciuntur
464 1290 564 1318 etiam
589 1287 622 1318 in
645 1286 766 1317 ceteris
783 1285 895 1323 libris;
920 1285 1004 1316 etin

316 1338 380 1368 hoc
403 1337 477 1376 ipso
503 1336 588 1367 libro
614 1335 731 1366 ultima
757 1339 792 1365 et
818 1334 1003 1374 penultima

318 1391 371 1418 est
406 1386 596 1416 monocolos
633 1388 667 1414 et
704 1382 853 1423 ejusdem
890 1383 1000 1413 metri.

318 1433 407 1467 Quid
423 1433 512 1474 quod
536 1433 655 1464 doctus
670 1435 706 1463 et
730 1440 832 1470 sagax
849 1431 1002 1462 Muretus

316 1484 459 1524 ingenue
474 1481 618 1520 fatetur,
639 1490 701 1512 non
718 1481 799 1511 satis
814 1480 1002 1519 intelligere

318 1541 353 1563 se
365 1541 425 1563 cur
442 1532 575 1572 Epodos
594 1531 676 1561 liber
691 1530 743 1560 bic
755 1529 918 1560 vocetur?
941 1529 1002 1559 Fa-

318 1581 444 1612 bricius
460 1585 571 1611 autem
587 1579 715 1618 scribit,
731 1579 764 1609 in
779 1578 872 1609 libris
889 1578 1007 1618 priori-

319 1628 381 1659 bus
397 1628 575 1659 Horatium
589 1627 761 1669 imitatum,
769 1635 842 1658 esse
854 1625 1006 1657 Alcaeum

320 1682 355 1708 et
370 1677 581 1716 Sapphonem
596 1686 605 1714 ;
628 1676 661 1706 in
675 1677 740 1706 isto
761 1685 841 1706 vero
856 1674 1009 1706 Archilo-

319 1726 416 1756 chum
433 1730 532 1766 atque
545 1725 718 1756 Lucilium.
754 1725 857 1756 Certe
876 1724 1006 1755 Marius

318 1775 514 1805 Victorinus
539 1773 595 1804 lib.
619 1782 674 1804 111.
697 1774 744 1804 sic
767 1773 891 1804 habet:
915 1774 925 1790 ‘
941 1771 1006 1803 Ar-

318 1822 487 1854 chilochus
512 1821 575 1852 fuit
604 1821 781 1862 singularis
810 1821 943 1853 artificii
972 1821 1005 1851 in

318 1870 548 1911 excogitandis
570 1874 604 1900 et
625 1869 809 1900 formandis
824 1870 919 1899 novis
935 1877 1003 1899 me-

318 1920 391 1959 tris,
428 1919 618 1959 primusque
650 1918 785 1958 Epodos
820 1917 1003 1955 excitavit3

321 1969 404 2000 alios
429 1968 608 2006 breviores,
633 1967 712 1997 alios
741 1966 917 2006 longiores,
945 1965 1003 1996 de-

318 2019 450 2049 trahens
465 2027 564 2048 unum
588 2017 706 2057 pedem
730 2026 787 2047 seu
810 2016 919 2046 colum
937 2025 1002 2046 me-

320 2071 385 2107 tro,
401 2071 438 2098 ut
452 2067 496 2096 illi
514 2066 694 2106 subjiceret
709 2065 743 2095 id
764 2064 851 2106 quod
873 2073 914 2094 ex
930 2064 1004 2103 ipso

319 2116 507 2146 detractum
519 2124 591 2146 esse
604 2114 780 2144 videbatur
798 2133 916 2144 ......
932 2112 1002 2144 Ho-

319 2164 423 2195 ratius
440 2164 512 2203 ejus
536 2163 722 2203 exemplum
745 2166 879 2193 secutus
901 2162 1002 2192 estin

319 2223 360 2244 ea
375 2213 470 2251 Ode;
493 2214 501 2229 ‘
517 2212 668 2243 Solvitur
681 2212 764 2242 acris
779 2212 891 2252 hyems
907 2216 1003 2251 grata

320 2263 391 2294 vice
421 2263 506 2292 veris
537 2266 572 2293 et
602 2262 751 2292 Favoni:
786 2261 1002 2302 Traliuntque

321 2312 427 2342 siccas
443 2311 600 2342 machinae
616 2309 768 2341 carinas!
780 2310 789 2324 '
811 2311 900 2350 Ergo
915 2310 1004 2340 Ἐπο-

320 2362 379 2390 δῶν
393 2360 511 2390 librum
525 2360 611 2390 liunc
624 2359 822 2398 inscripsere
833 2358 1004 2389 Gramma-

320 2410 393 2447 tici,
417 2418 476 2439 seu
498 2407 587 2449 quod
610 2407 799 2439 Archilochi
825 2411 859 2437 et
883 2406 1004 2437 Lucilii

323 2459 478 2498 exemplo
505 2456 691 2488 maledictis
717 2454 869 2487 conferta
894 2455 1005 2494 plera-

324 2517 388 2547 que
418 2506 573 2537 Carmina
600 2505 791 2542 contineat;
832 2512 890 2533 seu
916 2502 1002 2542 quod

321 2555 478 2586 Iambicis
492 2553 664 2585 Trimetris
681 2553 902 2583 subtexantur
918 2550 1006 2581 acci—

322 2610 510 2644 nanturque
533 2603 687 2641 Dimetri,
713 2601 917 2641 longioribus
932 2600 1002 2641 qui-

322 2653 517 2692 buscunque
551 2651 699 2682 versibus
737 2650 915 2682 breviores.
958 2648 1003 2679 Et

321 2701 392 2731 haec
401 2709 473 2730 mea
485 2700 616 2739 quidem
628 2699 805 2731 sententia.
826 2698 1002 2729 Enimvero

323 2758 437 2788 parum
454 2748 614 2779 satisfacit
629 2748 715 2788 quod
729 2748 821 2778 aiunt
839 2746 906 2784 alii,
923 2754 1002 2786 quo-

323 2798 411 2828 niam
436 2797 570 2838 Epodos
600 2802 651 2828 cst
678 2797 771 2828 velut
799 2795 891 2827 Odes
913 2796 1002 2826 clau-

1056 802 1141 839 sula,
1169 800 1367 841 additurque
1399 803 1476 838 post
1503 797 1668 836 Strophen
1702 801 1739 828 et

1055 850 1310 890 Antistroplien,
1347 849 1421 879 binc
1457 847 1585 877 ὲπῶδους
1625 847 1736 877 vocari

1055 909 1112 931 eos
1133 909 1247 930 versus
1269 898 1414 929 minores
1440 895 1494 936 qui
1509 895 1652 935 subjecti
1668 895 1740 925 lon-

1058 948 1203 988 gioribus
1233 956 1364 978 sensum
1394 945 1515 975 finiunt
1543 950 1578 974 et
1603 944 1738 974 conclu-

1055 998 1151 1028 dunt.
1188 996 1398 1029 Contrarium
1420 993 1582 1034 siquidem
1605 993 1639 1023 in
1662 1001 1740 1022 non-

1054 1049 1154 1086 nullis
1197 1047 1331 1078 Horatii
1372 1044 1497 1085 Epodis
1534 1043 1735 1083 agnoscitur.

1052 1096 1141 1127 Vide
1155 1097 1299 1126 Marium
1321 1094 1530 1125 Victorinum
1548 1091 1604 1123 lib.
1618 1099 1644 1122 1.
1670 1091 1736 1122 Ga-

1056 1145 1169 1174 lenum
1191 1144 1234 1174 de
1262 1152 1323 1173 usu
1349 1141 1505 1181 partium,
1527 1140 1667 1180 Epilogo
1682 1139 1740 1170 lib.

1057 1199 1150 1221 xvii.
1199 1190 1394 1221 Diomedem
1418 1197 1474 1220 ιιι.
1498 1190 1530 1219 4.
1574 1187 1739 1218 Isidorum

1057 1248 1080 1269 1.
1103 1233 1154 1269 38'.
1180 1238 1415 1269 Terentianum
1441 1236 1595 1266 Maurum
1617 1235 1675 1267 lib.
1697 1236 1740 1267 de

1058 1287 1192 1318 Mettis.
1227 1285 1432 1324 Scaligerum
1449 1283 1545 1315 Poet.
1560 1293 1587 1316 1.
1602 1285 1656 1316 44.
1666 1286 1731 1316 &c-

1097 1338 1114 1366 1
1139 1336 1206 1366 Ibis
1227 1334 1388 1372 Liburnis,
1415 1331 1484 1373 ἃμ]
1518 1333 1648 1373 Ergone
1675 1332 1740 1364 ibis

1053 1385 1130 1415 hinc
1143 1385 1259 1424 procul
1275 1383 1402 1423 absque
1425 1391 1490 1421 me,
1505 1382 1561 1422 qui
1578 1386 1610 1412 te
1625 1390 1740 1413 carere

1055 1433 1111 1463 vix
1130 1432 1239 1473 queo?
1264 1432 1344 1470 ibis,
1359 1430 1546 1470 Maecenas,
1559 1429 1600 1461 ad
1615 1430 1740 1462 bellum
1761 1435 1764 1437 ’

1055 1491 1130 1513 cum
1146 1481 1299 1520 Augusto
1326 1478 1484 1510 adversus
1501 1477 1680 1510 Antonium
1705 1481 1742 1508 et

1056 1531 1281 1571 Cleopatram,
1296 1529 1420 1559 nullum
1434 1537 1498 1558 non
1514 1532 1648 1567 paratus
1663 1527 1740 1558 sub·

1054 1580 1102 1610 ire
1118 1579 1301 1619 periculum
1318 1586 1378 1617 pro
1392 1577 1526 1607 Caesare
1538 1577 1674 1608 tuendo.

1099 1626 1260 1666 Liburnis]
1283 1626 1395 1657 Naves
1418 1625 1575 1656 Liburnae
1600 1625 1742 1656 minores

1056 1681 1166 1715 erant,
1181 1675 1337 1714 leviores,
1351 1673 1519 1713 agiliores,
1534 1673 1741 1714 proindeque

1056 1724 1145 1755 bello
1171 1724 1307 1754 idonea».
1346 1722 1407 1752 His
1434 1722 1547 1762 itaque
1570 1720 1741 1762 Angustus

1056 1773 1263 1804 Antonianas
1273 1772 1358 1803 mole
1373 1771 1538 1810 graviores
1553 1769 1654 1802 facile
1666 1781 1740 1811 pro-

1055 1822 1196 1863 fligavit,
1208 1822 1456 1862 fugientemque
1473 1825 1667 1861 persecutus
1681 1820 1739 1851 de-

1056 1871 1195 1901 bellavit
1210 1870 1405 1901 Antonium.
1443 1869 1574 1900 Nomen
1590 1878 1608 1899 a
1627 1868 1739 1900 Libur-

1056 1921 1117 1959 nis,
1143 1920 1241 1951 hodic
1278 1919 1410 1951 Croatis
1444 1919 1575 1959 populis
1609 1918 1738 1958 Illyrii;

1056 1969 1124 2009 qui,
1147 1969 1297 2009 piraticae
1311 1977 1410 1998 causa
1430 1966 1608 2002 faciendae.
1634 1976 1738 2006 genus

1055 2019 1134 2049 illud
1156 2017 1496 2049 naviuminvenerant
1511 2017 1572 2048 sibi
1589 2025 1740 2056 percom-

1056 2067 1199 2099 modum.
1239 2066 1324 2097 Vide
1348 2066 1471 2105 Veget.
1497 2065 1540 2097 de
1562 2065 1614 2096 Re
1634 2065 1736 2096 Milit.

1059 2125 1109 2147 iv.
1123 2119 1175 2147 28.
1188 2120 1223 2147 et
1239 2125 1308 2156 seq.

1099 2167 1187 2196 Inter
1200 2166 1264 2196 alta
1274 2165 1397 2196 navium
1408 2162 1646 2205 propugnacula]
1668 2162 1736 2194 Na-

1056 2222 1113 2244 ves
1141 2213 1279 2244 Antonii
1304 2213 1460 2252 designat
1489 2212 1640 2251 ingentes
1665 2210 1737 2250 qui-

1057 2262 1144 2301 dem,
1159 2261 1335 2291 exstructis
1351 2260 1383 2290 in
1404 2269 1502 2300 prora
1518 2263 1553 2290 et
1568 2258 1672 2298 puppi
1689 2262 1736 2288 ta-

1054 2310 1175 2341 bulatis
1187 2309 1324 2340 turrium
1337 2308 1452 2346 instar,
1461 2306 1660 2338 Caesarianis
1671 2310 1737 2336 ter-

1054 2359 1176 2391 ribiles.
1209 2359 1296 2388 Flor.
1312 2365 1360 2387 iv.
1374 2359 1423 2386 ll.
1439 2359 1447 2372 ‘
1465 2355 1570 2386 Nobis
1585 2354 1736 2394 quadrin-

1053 2411 1165 2447 gentae
1191 2405 1330 2445 amplius
1355 2412 1467 2442 naves,
1491 2403 1646 2434 ducente.
1668 2412 1734 2433 non

1053 2456 1158 2486 minus
1174 2455 1337 2485 hostiurn:
1361 2453 1419 2483 sed
1448 2460 1620 2483 numerum
1644 2459 1736 2490 mag—

1053 2503 1171 2535 nitudo
1189 2501 1359 2542 pensabat.
1403 2500 1537 2539 Quippe
1557 2509 1577 2530 a
1598 2499 1685 2529 senis
1701 2500 1734 2529 iu

1054 2562 1199 2584 novenos
1216 2559 1379 2582 remorum
1401 2549 1589 2580 ordinibus:
1612 2548 1653 2579 ad
1670 2549 1733 2580 hoc

1056 2601 1202 2632 turribus
1242 2603 1340 2639 atque
1376 2598 1534 2629 tabulatis
1569 2597 1736 2636 allevatae,

1054 2650 1263 2681 castellorum
1293 2652 1328 2679 et
1359 2646 1489 2677 urbium
1521 2646 1642 2686 specie,
1668 2655 1733 2677 non

1054 2698 1123 2728 sine
1153 2696 1277 2736 gemitu
1297 2695 1397 2726 maris
1422 2699 1456 2725 et
1482 2694 1593 2725 labore
1621 2697 1733 2725 vento·

1053 2755 1125 2777 rum
1154 2744 1357 2776 ferebantur.
1394 2743 1476 2774 Quae
1505 2741 1636 2784 quidem
1663 2742 1734 2782 ipsa

1054 2795 1158 2826 moles
1169 2793 1274 2825 exitio
1285 2793 1346 2824 fuit
1351 2813 1447 2824 .....
1464 2791 1628 2823 Immensa
1648 2790 1731 2822 clas-
