1890 3256
340 275 424 315 988
786 289 833 326 Q.
866 286 1068 317 noum-n
1105 286 1272 315 macer

341 375 473 418 Arma
491 377 618 427 dedit,
639 379 819 431 posthac
839 389 890 416 ne
912 376 1194 428 compellaret
1212 377 1385 417 inultus.

341 443 513 483 Dixerit
531 445 728 484 insanum
748 442 820 493 qui
842 454 921 489 me,
941 441 1116 481 totidem
1136 441 1313 493 audiet3
1344 446 1472 495 atque
1522 433 1526 437 ⁴

340 507 580 560 Respicere
602 509 744 558 ignoto
765 506 906 547 discet
927 506 1158 558 pendentia
1177 510 1305 558 tergo,

338 573 375 621 Ἣ
397 573 556 621 Stoice,
578 576 677 624 post
696 571 894 611 damnum
915 573 979 612 sic
994 572 1158 613 vendas
1178 574 1322 614 omnia
1341 574 1501 626 pluris:

341 638 444 687 Qua
464 651 528 677 me
549 636 731 677 stultitia
747 636 972 690 (quoniam
992 650 1078 678 non
1096 643 1163 678 est
1182 651 1315 690 genus
1336 638 1486 692 unum)

340 703 532 743 Insanire
553 703 715 754 putas?
745 715 822 754 ego
841 715 939 743 nam
962 703 1107 743 videor
1127 703 1229 743 mihi
1250 716 1395 745 sanus.

1668 575 1752 615 300

336 839 404 869 ceps
420 829 539 867 impune
559 829 698 860 dicteriis
721 830 896 862 incesserer.
943 831 1090 872 Quisquis
1105 841 1150 863 me
1164 833 1328 863 dementem
1349 833 1522 872 appellarit,
1545 834 1692 871 paritera
1707 844 1754 865 me

336 871 516 905 vocabitur,-
537 870 762 911 monebiturque
775 873 933 904 advertere
946 874 1107 912 pendentia
1126 875 1213 903 dor-³⁰
1232 883 1348 904 averso.
1394 874 1491 907 Hon.
1517 876 1545 904 0
1559 874 1672 913 Stoice,
1685 880 1752 915 post

328 913 484 949 ,iacturam
498 912 651 947 bonorum,
665 914 710 943 ita
725 916 874 944 venundes
887 918 993 945 cuneta
1006 915 1104 954 pluris
1113 926 1123 946 .·
1134 915 1184 945 dic
1199 924 1282 951 vero,
1297 917 1535 955 quandoquidem
1548 917 1667 947 diversa
1681 921 1753 947 aunt

337 953 466 984 insaniae
484 963 610 993 genera,
625 963 716 994 ecquo
738 965 783 985 me
806 956 942 987 laborare
960 959 1120 987 autumas?
1141 957 1293 987 enimvero
1307 966 1412 996 supere
1427 967 1473 987 me
1487 957 1639 988 existimo.
1683 959 1753 989 DA—

934 1038 1161 1050 eeeeeeeeeeee

339 1101 462 1131 Lucan.
476 1109 543 1131 vu.
558 1102 631 1130 301.
652 1102 729 1131 malo
743 1105 871 1132 mentem
894 1103 1151 1140 percnum—299
1174 1104 1182 1118 ¹
1196 1101 1376 1139 Quorsum,
1397 1109 1520 1142 quaeso,
1546 1100 1627 1131 illud
1652 1101 1756 1140 ignoto

337 1146 443 1180 tergo?
459 1151 499 1172 an
516 1142 547 1172 in
560 1142 680 1173 alieno?
711 1143 799 1173 Cave
816 1142 952 1173 credas!
975 1141 1163 1179 Legendum
1175 1143 1290 1183 utique
1306 1141 1419 1183 fuerit,
1434 1142 1460 1172 si
1477 1142 1554 1182 quid
1570 1141 1677 1177 video,
1694 1142 1757 1175 Re-

335 1185 451 1223 spicere
465 1184 574 1221 ignaro
587 1184 683 1214 discet
695 1184 860 1223 pendentia
874 1188 972 1223 tergo.
1001 1184 1124 1214 Catull.
1139 1191 1233 1214 xxn.
1248 1186 1300 1214 20.
1317 1185 1326 1200 ‘
1341 1184 1408 1215 Sed
1425 1193 1488 1218 uon
1503 1182 1651 1214 videmus
1665 1192 1755 1214 man-

337 1225 414 1255 ticae
430 1225 509 1266 quid
533 1225 565 1255 in
591 1229 687 1264 tergo
703 1225 783 1256 est!’
829 1226 987 1264 Respexit
1010 1225 1166 1255 Fabulam
1183 1225 1294 1264 AEsopi
1319 1225 1361 1255 de
1383 1224 1548 1264 impositis
1570 1224 1690 1255 homini
1714 1225 1757 1256 ab

335 1267 424 1297 Jove
451 1266 579 1297 duabus
606 1267 694 1306 peris
717 1277 768 1306 ap.
792 1266 926 1297 Phaedr.
946 1275 995 1298 tv.
1011 1269 1043 1297 9.
1088 1266 1142 1298 lta
1161 1268 1170 1283 ‘
1187 1266 1341 1306 ignotus'
1363 1273 1398 1297 et
1419 1265 1597 1306 ‘ignarus'
1619 1264 1758 1298 confusa

339 1308 479 1338 vidimus
495 1307 535 1339 ad
554 1308 676 1339 Lucan.
694 1317 749 1339 ιιι.
766 1307 852 1340 194.’
865 1309 963 1339 Javer
976 1309 1015 1339 ad
1031 1307 1146 1339 Lucan.
1159 1315 1216 1339 ιιι.
1232 1309 1411 1339 65⁷.-300
1432 1307 1442 1325 ‘
1456 1307 1553 1338 Hanc
1569 1307 1759 1348 lectionem,

335 1349 364 1380 si
379 1351 490 1380 vendas
503 1349 604 1379 omnia
615 1349 723 1389 pluris,
736 1349 846 1380 inveni
859 1350 891 1380 in
908 1350 1036 1380 duobus
1050 1349 1148 1379 codd.
1159 1349 1261 1379 Mart.
1272 1355 1307 1380 et
1320 1350 1396 1379 Div.
1406 1348 1524 1379 Silvius
1539 1349 1640 1380 etiam
1655 1349 1758 1384 habet

337 1390 377 1425 si,
400 1390 458 1420 sed
483 1392 572 1420 inter
596 1390 696 1421 lineas
719 1390 929 1421 correctum)
955 1391 1151 1430 Cruq.—-301
1176 1390 1185 1406 ‘
1199 1390 1268 1424 Qua
1284 1399 1329 1420 me
1342 1389 1476 1420 stultitia
1498 1398 1610 1420 omnes
1625 1390 1757 1430 quidem

337 1430 475 1470 liabent,
490 1441 570 1471 quos
587 1431 666 1471 vidi,
682 1431 769 1461 libri.
811 1431 877 1461 Sed
894 1431 934 1462 iis
950 1431 1063 1462 invitis
1078 1430 1252 1469 legendum
1265 1439 1396 1465 censeo.
1411 1431 1511 1464 Quam
1523 1431 1756 1470 mummium,

335 1473 389 1510 δῖε.
410 1472 458 1503 sic
471 1472 620 1513 loquitur
635 1482 709 1512 sup.
725 1471 800 1503 ead.
816 1472 887 1503 Sat.
899 1482 946 1503 vs.
962 1475 1015 1503 62.
1032 1474 1041 1489 ‘
1055 1472 1131 1502 huic
1147 1481 1209 1511 ego
1227 1472 1358 1511 vulgum
1376 1472 1487 1502 Errori
1503 1473 1642 1503 similem
1657 1482 1757 1504 cunc·

338 1517 407 1543 tum
423 1514 563 1544 insanire
580 1513 745 1544 docebo.”
768 1513 877 1544 Lamb.
920 1513 1131 1552 ‘Bentleius‚
1146 1512 1311 1544 adductus
1334 1513 1535 1544 auctoritate
1562 1514 1658 1544 unius
1682 1519 1758 1545 tan-

339 1559 408 1585 tum
431 1555 568 1594 codicis,
591 1555 750 1593 reposuit,
775 1555 874 1589 Quam
897 1565 943 1585 me
965 1554 1132 1585 stultitiam
1156 1563 1216 1594 pro
1235 1554 1305 1589 Qua
1319 1563 1364 1584 me
1384 1554 1531 1585 stultitia.
1573 1555 1658 1587 Quae
1682 1563 1766 1586 rara·

337 1595 437 1627 cara?
461 1596 560 1627 Baxt.
606 1596 705 1631 Quam
728 1605 774 1626 me
795 1596 961 1626 stultitiam
982 1596 1088 1626 Mart.
1112 1605 1167 1635 ap.
1191 1595 1293 1636 Cruq.
1318 1595 1398 1626 item
1422 1595 1499 1626 edd.
1516 1596 1618 1636 Cruq.
1633 1596 1757 1628 Sauad.

984 1678 1121 1711 NOTAE

339 1741 447 1780 Chilo,
459 1740 688 1782 Anaxagoras,
704 1741 923 1782 Pythagoras,
935 1741 1024 1773 Ana-

338 1791 477 1829 charsis,
505 1791 708 1829 Arcesilaus,
729 1793 791 1822 &c.
836 1791 922 1822 Vide
946 1791 1024 1822 Dio·

339 1849 417 1879 gen.
435 1839 544 1870 Lacrt.
562 1839 619 1869 lib.
636 1830 660 1869 ι’.
688 1839 757 1870 Cic.
774 1848 813 1870 ιι.
831 1839 872 1869 de
897 1840 976 1879 Leg.
991 1848 1023 1870 n.

339 1891 390 1919 26.
412 1890 421 1906 ‘
434 1888 554 1918 Thales
571 1887 833 1926 sapientissimus
847 1888 935 1918 inter
950 1897 1025 1927 sep·

343 1936 433 1971 tem,'
449 1936 564 1975 inquit.

383 1989 445 2017 297
469 1986 520 2016 Ne
532 1986 722 2024 compethirer
731 1983 860 2024 inultus]
884 1984 915 2016 Ο
933 1993 1025 2024 egre-

341 2034 430 2074 gium
448 2033 623 2074 sapientiae
641 2033 808 2064 fructum!
833 2034 931 2064 immo
947 2032 1026 2063 ridi·

341 2084 451 2115 culam
475 2083 677 2113 vanitatem!
701 2091 765 2112 non
788 2081 948 2121 deinceps
976 2081 1024 2112 in·

342 2134 430 2163 ultus
442 2131 781 2172 compellabituripse
793 2131 1025 2172 stultus‚quip-

342 2190 384 2222 pe
399 2181 454 2221 qui
473 2180 598 2219 pariter
614 2179 694 2210 alios
717 2180 820 2219 possit
836 2180 956 2211 stultos
971 2189 1025 2210 vo-

341 2239 432 2267 care,
457 2227 679 2268 didiceritque
703 2226 774 2258 fere
797 2237 911 2259 omnes
937 2228 1024 2258 insa-

345 2278 416 2308 nire
434 2287 444 2316 ;
482 2276 569 2308 unde
606 2276 808 2308 convicianti
844 2277 1025 2308 conviciari

342 2331 457 2367 queat.

383 2377 446 2407 299
471 2375 580 2413 Ignoto
606 2374 699 2405 discet
727 2374 891 2415 pendentia
919 2374 1023 2414 tergo]

344 2423 509 2455 Nimirum
536 2421 702 2453 fabulatus
727 2427 778 2454 est
804 2423 943 2463 AEsopus
971 2423 1025 2453 ho-

342 2474 448 2504 mines
460 2472 542 2503 duas
555 2471 677 2502 habere
690 2480 787 2511 peras
798 2471 876 2503 hinc
887 2476 922 2503 et
935 2467 1025 2503 illinc

341 2522 528 2562 pendentes
542 2530 550 2551 :
573 2520 605 2550 in
622 2520 791 2551 anteriore
807 2520 916 2551 aliena
928 2528 1025 2560 repo-

344 2571 377 2600 ni
407 2569 501 2607 vitia,
527 2568 662 2608 propria
683 2577 762 2598 vero
783 2568 817 2598 in
840 2570 1027 2608 posteriore

346 2627 420 2658 quae
438 2627 457 2647 a
474 2622 570 2657 tergo
585 2621 638 2647 est
652 2627 660 2648 ε
683 2626 748 2658 quo
761 2616 799 2648 fit
811 2623 846 2648 ut
858 2618 914 2649 illa
929 2617 1027 2649 facile

343 2666 492 2704 videant,
507 2667 580 2696 haec
598 2675 662 2696 non
678 2666 736 2696 ita.
779 2666 901 2697 Sensus
915 2666 1026 2706 itaque

341 2720 416 2747 est:
442 2714 560 2745 Discet
588 2715 729 2745 scrutari
759 2719 795 2745 et
823 2723 1026 2754 cognoscere

342 2763 476 2806 propria
500 2761 580 2793 vitia
596 2771 668 2803 quae
686 2762 872 2803 ignorabat.
905 2763 1027 2794 Catull⁸

1079 1742 1188 1773 Carm.
1198 1750 1292 1773 xxii.
1304 1742 1313 1759 ‘
1323 1741 1390 1774 Sed
1405 1751 1468 1773 non
1481 1741 1631 1774 videmus
1641 1742 1759 1774 manti·

1079 1800 1127 1821 cae
1145 1790 1233 1831 quod
1250 1790 1281 1821 in
1298 1794 1393 1830 tergo
1407 1793 1481 1821 est.’
1513 1791 1608 1822 Pers.
1623 1790 1694 1821 Sat.
1709 1799 1759 1823 nv.

1080 1839 1089 1855 ¹
1101 1838 1166 1868 Sed
1191 1838 1398 1877 praecedenti
1425 1842 1599 1877 spectatur
1613 1838 1760 1870 mantica

1079 1885 1198 1925 tergo.’
1242 1887 1318 1917 Non
1346 1886 1505 1917 absurdus
1531 1886 1676 1926 omuino,
1699 1887 1758 1919 sed

1077 1933 1325 1976 ἆπροσδιόνυσος,
1339 1934 1395 1975 qui
1421 1935 1528 1966 locum
1552 1935 1639 1967 hunc
1658 1936 1760 1967 inter·

1078 1987 1231 2023 pretetur
1267 1992 1308 2014 ex
1345 1983 1454 2014 verbis
1489 1988 1590 2016 antea
1630 1985 1760 2024 positis,

1077 2034 1086 2049 ⁴
1101 2032 1241 2063 caudam
1256 2033 1366 2063 trahat
1378 2031 1399 2071 ;’
1421 2033 1483 2065 hoc
1497 2042 1615 2065 sensu:
1637 2034 1761 2067 Discet

1078 2083 1135 2115 ille
1151 2083 1298 2124 pendere
1314 2083 1376 2115 sibi
1393 2084 1563 2124 alligatam
1575 2089 1671 2126 tergo
1682 2095 1760 2117 cau-

1079 2132 1154 2163 dam
1183 2132 1317 2163 insaniae
1353 2132 1512 2164 videlicet
1546 2133 1689 2165 indicem
1720 2143 1760 2165 ac

1080 2181 1270 2221 probrosam
1283 2186 1407 2213 notam.
1450 2181 1536 2213 Vide
1549 2182 1606 2219 ibi,
1621 2183 1648 2214 si
1663 2187 1760 2215 vacat

1078 2234 1113 2260 et
1129 2229 1221 2267 libet,
1236 2238 1284 2259 vs.
1297 2232 1348 2259 53.

1120 2281 1182 2310 300
1204 2277 1318 2316 Stoice,
1335 2280 1404 2316 post
1423 2279 1576 2318 damnum,
1597 2278 1667 2319 lfa]
1688 2278 1759 2310 Ab·

1078 2327 1154 2358 hinc
1177 2325 1218 2356 ad
1241 2325 1354 2356 satirae
1376 2325 1476 2356 tinem
1500 2326 1660 2358 Horatius
1682 2337 1757 2360 cum

1079 2376 1285 2416 Damasippo
1299 2374 1508 2414 colloquitur.

1125 2425 1180 2456 Sic
1194 2425 1306 2455 venda·
1318 2424 1420 2454 omnia
1440 2423 1552 2464 pluris,
1565 2423 1632 2464 εγω]
1655 2423 1762 2458 Ironi-

1077 2484 1117 2506 ca
1143 2482 1275 2514 prorsus
1301 2473 1518 2512 apprecatio:
1552 2473 1675 2506 Faxint
1699 2475 1760 2507 Dii

1081 2527 1118 2553 ut
1140 2526 1329 2562 quaestuosa
1354 2520 1581 2560 negotiatione
1597 2522 1760 2555 resarcias

1081 2570 1189 2610 priora
1211 2568 1332 2600 damna
1352 2568 1565 2608 jacturasque
1589 2569 1667 2600 olim
1690 2569 1760 2602 fac-

1081 2623 1154 2656 tas;
1175 2615 1438 2657 qnandoquidem
1454 2626 1495 2647 ex
1510 2617 1608 2658 inope
1625 2622 1692 2650 tam
1708 2629 1760 2650 sa-

1080 2667 1173 2707 piens
1188 2664 1337 2703 evasisti,
1357 2674 1396 2695 ac
1411 2669 1462 2696 tot
1477 2666 1652 2706 sapientiae
1666 2676 1760 2699 area·

1079 2723 1120 2745 na
1136 2713 1214 2744 mihi
1231 2713 1400 2745 revelasti.
1446 2712 1491 2744 At
1510 2723 1584 2746 cum
1601 2723 1652 2746 me
1673 2716 1761 2748 insa-

1078 2767 1155 2793 num
1191 2766 1260 2793 tam
1293 2767 1524 2794 asseveranter
1553 2765 1758 2805 pronunties,
