1930 3242
606 287 879 333 smzmouum
918 301 1012 332 mu.
1045 301 1097 332 11.
1127 291 1170 333 2.
1537 292 1624 334 943

172 397 203 439 J
206 399 384 450 urgatur
403 395 551 438 verbis
569 409 580 438 ε
602 396 695 448 'ego
716 396 948 449 vectigalia
968 408 1140 449 magna,
1539 395 1624 438 100

174 463 459 524 Divitiasque
479 463 621 504 habeo
637 463 776 504 tribus
797 464 973 517 amplas
995 464 1182 516 regibus.
1241 461 1357 516 Ergo

173 530 305 582 Quod
327 534 525 584 superat,
545 543 632 570 non
654 535 724 571 est
744 531 904 572 melius
925 543 1014 584 quo
1035 531 1251 571 insumere
1270 529 1456 583 possis‘?

172 596 264 638 Cur
282 602 378 650 eget
395 596 600 649 indignus
620 598 871 651 quisquam,
889 601 933 639 te
955 598 1125 639 divite?
1156 609 1295 651 quare

171 663 361 717 Templa
375 666 504 704 ruunt
524 664 706 717 antiqua
727 664 904 705 Deum?
937 677 1029 714 cur,
1048 664 1262 717 improbe,
1283 675 1397 705 carae

174 730 278 772 Non
299 729 465 783 aliquid
487 730 641 783 patriae
660 733 782 772 tanto
805 732 997 772 emetiris
1017 744 1175 772 acervo
1189 731 1208 770 ’1
1541 731 1626 772 105

174 796 264 838 Uni
283 797 488 837 nimirum
511 797 588 838 tibi
604 802 723 839 recte
743 811 914 852 semper
934 802 1062 840 erunt
1082 811 1165 839 res.

170 926 292 966 quidem
312 925 461 957 Thrasius
481 925 630 964 qiusnwai
649 924 839 955 sermonibus
859 922 1059 962 increpatur:
1084 932 1140 962 ego
1159 932 1230 954 vero
1253 923 1373 954 reditus
1392 924 1535 963 ingentes
1553 933 1626 964 pos-

169 968 265 1008 uideo,
285 971 316 1000 et
331 977 400 1008 opes
415 968 515 999 tribus
528 967 654 1007 regibus
669 966 866 1007 suffecturas.
912 965 965 995 An
988 965 1091 1003 igitur
1111 966 1197 996 deest
1215 967 1323 996 melior
1345 967 1426 996 ratio
1452 966 1626 997 insumendi

169 1012 251 1050 quod
262 1010 452 1052 superfluum
466 1013 536 1041 est?
561 1010 665 1045 Quare
680 1009 765 1049 inops
778 1011 823 1049 est
839 1006 953 1047 aliquis
967 1007 1154 1045 immeritus,
1171 1008 1243 1038 dum
1259 1012 1294 1038 tu
1309 1018 1340 1038 es
1354 1010 1535 1048 opulentus?
1559 1009 1626 1039 Cur

168 1055 292 1084 vetusta
306 1053 464 1084 numinum
469 1052 551 1090 fana
565 1051 734 1082 decidunt?
779 1050 897 1087 Quare,
909 1051 1050 1090 pessime,
1066 1059 1082 1079 e
1097 1053 1162 1080 tam
1176 1049 1347 1081 abundanti
1362 1051 1480 1081 cumulo
1496 1060 1556 1082 non
1571 1051 1625 1081 de-

169 1094 270 1126 trahis
284 1095 442 1135 quicquam
456 1095 578 1126 dilectoe
589 1095 703 1134 patriae
716 1093 934 1132 largiendum?
977 1091 1104 1123 Scilicet
1131 1092 1190 1123 tibi
1211 1093 1269 1123 soli
1291 1093 1364 1124 bene
1387 1102 1503 1134 semper
1518 1093 1625 1134 fluent

773 1186 1010 1199 oeeoeeeeaeooe

171 1253 354 1286 deductum
372 1263 392 1285 a
405 1253 578 1285 Trallibus
595 1253 686 1284 Asiae
704 1254 869 1285 civitate:
895 1253 1061 1294 siquidem
1077 1252 1203 1292 duplex
1220 1252 1249 1282 L
1263 1250 1363 1282 facile
1379 1250 1501 1282 mutari
1519 1249 1625 1290 possit

170 1297 204 1327 in
225 1297 266 1328 U.
314 1296 396 1328 Erat
418 1301 531 1327 autem
554 1297 620 1327 iste
644 1297 789 1327 Trallius
813 1305 930 1336 pauper
954 1299 987 1326 et
1010 1296 1171 1335 prodigus.
1195 1295 1277 1325 Vet.
1293 1293 1406 1325 Schol.
1450 1292 1626 1323 Bentleius

170 1339 325 1379 praetuIit
351 1339 503 1370 Trausius
521 1348 562 1369 ex
587 1339 658 1370 sola
683 1348 743 1368 sua
770 1338 982 1377 conjectura,
1002 1338 1091 1378 quod
1121 1336 1204 1367 illud
1235 1336 1368 1366 Nomen
1393 1334 1562 1375 repererit
1590 1334 1624 1365 in

170 1381 311 1412 Gruteri
337 1379 646 1419 Inscriptionibus!
672 1380 773 1411 Baaet.
821 1380 969 1411 Trausius
992 1378 1136 1410 Blandd.
1164 1377 1318 1417 Cruquii‚
1348 1377 1476 1417 aliquot
1503 1375 1622 1408 Bentl-

169 1423 260 1455 Huu.
279 1425 311 1454 1.
327 1422 425 1454 Gott.
441 1422 558 1453 Zarot.
575 1421 717 1453 Mediol.
735 1424 830 1452 1477.
859 1422 1007 1452 Florent·
1023 1423 1119 1451 1482.
1142 1421 1283 1450 Venett.
1301 1421 1395 1449 1477.
1414 1421 1508 1449 1478.
1527 1420 1622 1449 1479.

168 1467 232 1497 ὅτε.
278 1464 405 1496 Trosius
429 1464 461 1494 in
486 1463 684 1503 quibusdam
711 1463 784 1493 aliis
811 1463 926 1494 Bentl.
950 1467 986 1494 et
1012 1463 1114 1502 Cruq.
1162 1461 1295 1492 Trazius
1317 1460 1412 1491 Leid.
1435 1465 1472 1490 et
1498 1460 1621 1499 Regin.

167 1507 177 1524 ‘
195 1507 301 1538 Porro
315 1506 420 1546 inquit
434 1506 487 1537 hic
503 1504 683 1546 legendum
695 1514 755 1545 pro
770 1505 885 1545 inquis,
897 1514 975 1535 cum
991 1504 1070 1535 edd.
1083 1507 1168 1534 vett.
1182 1509 1218 1534 et
1234 1502 1334 1534 codd.
1350 1502 1499 1533 melioris
1516 1507 1621 1538 notae.

166 1553 205 1579 nt
221 1548 318 1580 Leid.
332 1552 369 1580 et
385 1548 505 1587 Regin.
520 1557 596 1578 cum
612 1547 711 1578 aliis!
729 1547 942 1578 Reum—105
968 1546 1065 1578 Harl.
1080 1548 1112 1577 6.
1128 1551 1163 1577 et
1178 1546 1258 1576 Vet.
1276 1545 1395 1576 Comb.
1412 1554 1524 1584 magno
1539 1555 1619 1575 eme-

164 1590 238 1622 tin‘s
251 1593 480 1622 acerem—106
506 1590 570 1621 Uni
595 1589 742 1620 nimirum
765 1592 847 1620 recte
871 1589 930 1620 tibi
955 1594 1102 1629 quatuor
1127 1587 1226 1619 codd.
1251 1587 1454 1618 Bersmanni
1479 1592 1513 1617 et
1540 1586 1618 1618 edd.

165 1632 322 1673 qnaednm
339 1636 425 1664 vett.
450 1634 460 1650 ‘
474 1631 553 1663 Alio
569 1631 688 1662 ordine
706 1632 841 1662 codices
857 1631 979 1670 nostri,
991 1630 1181 1667 Leidensis,
1196 1628 1480 1662 Zulichemianus,
1493 1628 1622 1659 Galea-

165 1683 242 1713 nns,
255 1678 291 1706 et
307 1674 392 1714 Reg.
414 1674 609 1713 societatis,
623 1674 681 1704 tibi
695 1677 801 1710 νεοίη
825 1673 887 1703 nisi
904 1673 993 1714 quod
1019 1672 1171 1703 nonnulli
1193 1671 1279 1701 male
1306 1670 1492 1710 praeferant
1515 1674 1619 1701 ret-tce.

169 1716 233 1748 Uni
246 1717 394 1748 nimirum
409 1717 485 1752 tibi;
507 1716 541 1746 id
571 1722 638 1753 est,
662 1715 730 1746 Soli
754 1715 834 1746 tibi.-
859 1715 908 1746 ita
931 1716 1003 1746 liaec
1031 1714 1151 1754 melius
1175 1713 1438 1753 conjunguntur.
1482 1711 1617 1742 Deinde

164 1768 227 1798 pro
241 1762 332 1790 erunt
348 1759 528 1799 legendnm
556 1767 600 1788 ex
621 1758 795 1797 ingeniosa
811 1757 888 1789 Nic.
907 1757 1038 1788 Heinsii
1053 1757 1252 1796 conjectura
1266 1758 1339 1785 eunt
1351 1765 1362 1784 .-
1390 1753 1455 1785 Uni
1469 1754 1618 1785 nimirum

162 1800 223 1832 eibi
236 1804 320 1832 recle
333 1810 452 1841 semper
465 1804 536 1832 eunt
551 1809 612 1832 res.
657 1801 712 1831 Ita
729 1800 850 1831 Cicero
866 1800 907 1830 ad
926 1799 1076 1830 Atticum
1094 1807 1171 1829 xiv.
1191 1800 1240 1828 15.
1265 1801 1274 1813 '
1286 1796 1414 1835 Incipit
1431 1805 1484 1826 res
1498 1796 1618 1827 melius

165 1843 172 1849 ¹
543 1842 551 1854 9
795 1845 804 1859 ι
1125 1842 1130 1847 .
1207 1840 1214 1846 ι
1338 1839 1345 1845 n
1607 1854 1618 1860 -

163 1848 562 1917 2'22’3331312‘2‘5330
573 1842 875 1924 ⁶12ffi3v533f‘00132
879 1839 1433 1923 ¹z¹zssss²31ffi13¹33¹212:33522323‘433
1449 1838 1522 1910 {¹335
1538 1847 1616 1910 53:1³

163 1926 302 1958 Tacitus
316 1926 438 1959 Annul.
453 1929 583 1958 xn.68.
607 1928 617 1944 ‘
636 1926 830 1966 Crebroque
845 1925 1018 1965 vulgabat,
1030 1925 1085 1956 Ire
1097 1925 1130 1955 in
1142 1923 1263 1954 melius
1281 1923 1507 1953 valetudinem
1527 1922 1619 1961 prin-

164 1968 272 2009 cipis-⁹
303 1969 360 2001 Ita
373 1970 383 1987 ‘
397 1978 449 2000 res
464 1968 674 2009 proeedere,'
689 1967 795 1999 ‘bene
811 1967 960 2007 cedere‚’
981 1968 991 1984 ‘
1003 1976 1138 2007 pessum
1155 1966 1227 2003 ire‚'
1248 1966 1259 1982 ‘'
1270 1969 1362 1995 retro
1379 1964 1454 2004 ire‚'
1470 1969 1478 1982 ‘
1490 1964 1619 1995 redire’

166 2009 348 2044 dicuntur!
368 2011 477 2043 Benel.
513 2014 606 2042 rectoe
621 2012 656 2042 in
671 2011 768 2042 libris
785 2009 985 2052 quibusdam
1002 2009 1145 2050 reperiri
1168 2011 1312 2040 testatur
1327 2007 1523 2038 Lambinus.
1546 2010 1618 2038 eunt

818 2106 962 2138 NOTAE

159 2175 305 2214 *prorsus
331 2171 429 2212 inops
459 2175 495 2202 et
522 2180 626 2211 egens
654 2179 766 2201 rerum
795 2178 862 2200 om·
962 2170 1049 2210 Ergo
1081 2171 1172 2206 Quod
1207 2172 1345 2209 superat,
1379 2179 1439 2200 non
1475 2173 1521 2200 est
1557 2180 1618 2202 me-

167 2223 271 2254 nium.
916 2220 977 2250 lius
1005 2230 1075 2260 quo,
1101 2219 1172 2261 ξω]
1203 2218 1402 2259 Respondet
1430 2219 1614 2251 Horatius:

209 2275 271 2304 100
282 2272 354 2311 Ego
367 2271 535 2310 vectigalia
553 2280 678 2310 mag-na,
693 2269 762 2310 ξω]
778 2270 862 2300 Pro·
918 2269 1024 2310 Atqui
1040 2270 1176 2301 divitias
1193 2269 1265 2300 illas
1281 2269 1436 2309 ingentes
1451 2279 1517 2300 non
1533 2269 1617 2300 dila-

163 2323 346 2364 lapsis-est.
390 2322 456 2354 Qui
482 2330 548 2352 non
565 2321 693 2362 amplas
708 2320 813 2352 babet
829 2324 862 2351 et
917 2318 1046 2359 pidare,
1062 2319 1120 2349 sed
1147 2325 1242 2350 recte
1265 2319 1434 2350 insumere
1456 2324 1616 2359 oportet:

166 2381 303 2414 magnos
327 2381 425 2412 opes,
451 2381 490 2403 ae
518 2376 646 2402 sumtus
662 2370 746 2402 facit
770 2379 861 2410 mag·
917 2368 1084 2408 superflua
1114 2368 1178 2399 tibi
1204 2369 1310 2400 multa
1337 2375 1436 2400 sunt:
1469 2369 1548 2409 quin
1574 2369 1616 2400 iis

166 2431 239 2462 nos,
254 2421 282 2453 is
291 2421 371 2462 jure
387 2421 588 2453 admonetur
602 2425 638 2452 et
652 2420 861 2460 objurgatur.
915 2418 1070 2450 sublevas
1085 2419 1178 2450 cives
1194 2429 1278 2460 quos
1299 2419 1414 2459 iniqua
1435 2428 1508 2449 sors
1533 2428 1616 2457 pau-

167 2469 272 2513 Atqui
285 2480 348 2512 ego
361 2480 427 2503 non
440 2470 502 2502 ita.
539 2471 627 2502 Nam
643 2471 797 2511 ingentes
812 2470 860 2500 di·
915 2477 1014 2508 peres
1028 2468 1112 2500 fecit
1130 2469 1260 2500 meliori
1278 2468 1473 2499 conditione
1490 2467 1614 2508 alioqui

168 2520 268 2552 vitias
280 2519 437 2561 possideo
447 2521 587 2552 cuilibet
601 2530 723 2562 magno
737 2520 860 2551 sumtui
915 2517 1058 2558 dignos?
1082 2519 1175 2551 Quin
1201 2516 1423 2548 restauranda
1446 2525 1543 2546 curas
1565 2517 1615 2547 di-

159 2567 280 2609 ‘purem
916 2571 993 2598 ruta
1005 2572 1176 2598 vetustate
1190 2568 1339 2597 Deorum
1355 2565 1506 2604 templa?
1522 2565 1614 2598 Quin

219 2616 408 2657 Vectigalia]
433 2618 590 2652 Privatos
604 2620 733 2652 reditus
749 2619 861 2660 copio-
916 2626 934 2646 e
959 2622 1054 2648 tanto
1081 2617 1242 2647 bonorum
1268 2624 1390 2645 acervo
1413 2614 1613 2656 decerptum

168 2676 222 2711 so·
238 2667 383 2708 publicis
398 2669 618 2708 vectigalibus
633 2671 793 2712 aequales.
916 2667 1044 2709 aliquid
1069 2666 1224 2707 impertis
1250 2664 1410 2705 Reipubl.
1425 2670 1460 2696 et
1481 2666 1613 2705 patriae,

212 2719 271 2748 101
298 2717 410 2748 Tribus
427 2719 544 2758 amplas
562 2720 700 2760 regibus]
723 2721 860 2752 Plutar-
917 2727 991 2759 quae
1008 2717 1071 2747 tibi
1085 2720 1181 2748 certe
1196 2725 1275 2747 cara
1290 2720 1365 2746 esse
1382 2715 1506 2746 debet?

167 2767 248 2798 chus
261 2766 308 2797 ita
325 2766 455 2807 scribit,
468 2767 613 2799 Marium
626 2770 716 2801 aedes
731 2775 765 2802 et
776 2775 859 2811 opes
959 2770 1020 2798 106
1041 2767 1103 2798 Uni
1117 2766 1263 2797 nimirum
1279 2764 1350 2804 tibi,
1365 2764 1435 2804 ξω]
1458 2765 1610 2797 Attende

167 2816 324 2848 habuisse
340 2817 454 2848 multis
471 2818 582 2858 reguis
599 2828 710 2859 pares.
914 2828 993 2851 vero
1007 2827 1104 2860 quam
1122 2817 1225 2849 stulte
1241 2816 1403 2858 praesenti
1418 2824 1527 2847 rerum
1542 2820 1610 2847 sta-
