1890 3256
390 260 500 323 1084
853 296 896 331 Q.
930 293 1132 323 nonnil
1170 293 1335 323 FLAcci

391 382 452 423 Ut
473 384 661 435 teipsum
684 397 842 432 serves,
862 397 946 424 non
966 386 1281 437 expergisceris
1295 387 1314 426 Ἰ
1346 387 1465 439 atqui

391 448 439 488 Si
456 449 576 489 noles
596 462 743 496 sanus,
763 461 907 488 curres
925 449 1192 502 hydropicus
1210 463 1220 491 ε
1251 454 1293 491 et
1307 451 1349 490 ni

391 514 556 555 Posces
575 520 674 556 ante
695 515 808 554 diem
829 515 980 554 librum
1000 529 1099 556 cum
1118 517 1290 564 lumine,
1310 517 1345 556 si
1366 529 1453 556 non

391 579 593 619 Intendes
614 580 802 619 animum
823 580 978 620 studiis
999 585 1045 620 et
1067 581 1191 621 rebus
1211 581 1415 628 honestis,

391 643 565 683 Invidia
585 643 652 682 vel
674 655 816 684 amore
837 644 940 696 vigil
959 646 1222 698 torquebere.
1281 645 1396 686 Nam
1417 658 1507 694 cur,

391 709 506 757 Quae
527 707 692 749 laedunt
709 709 896 758 oculum,
914 710 1096 750 festinas
1117 711 1284 751 demere
1302 724 1313 761 ;
1343 711 1379 751 si
1398 711 1500 763 quid

391 774 471 813 Est
492 774 695 823 animum,
715 774 859 814 differs
878 775 1058 815 curandi
1078 779 1248 828 tempus
1269 777 1311 815 in
1329 788 1485 816 anuum
1499 775 1518 814 ’ἕ

1748 516 1806 557 35

390 912 426 939 ιιι
441 919 508 941 vero
522 920 581 941 mm
595 911 741 942 excitaris
755 913 795 942 ad
809 914 898 943 temet
912 912 1114 942 servandum?
1162 911 1272 942 Verum
1290 913 1319 942 si
1337 913 1440 942 valens
1453 913 1605 943 detrectas
1618 911 1675 947 ire,
1698 911 1811 952 hydro-

388 951 475 989 picus
481 951 647 988 festinabis
656 963 666 982 :
687 962 723 983 αι·
737 953 800 983 nisi
809 956 880 983 ante
894 954 991 983 lucem
1004 956 1091 992 peta-3
1103 953 1214 983 librum
1227 962 1293 983 cum
1307 954 1442 988 lucerna,
1455 953 1518 984 nisi
1535 957 1667 985 mentem
1679 953 1811 992 applioes

390 992 491 1022 studio
506 1002 608 1023 rerum
622 994 829 1030 honestarum,
844 994 978 1032 vigilans
1002 993 1184 1024 cruciaberis
1205 994 1337 1030 invidia,
1360 995 1407 1024 vel
1428 1003 1540 1032 amore,
1564 994 1660 1025 aliove
1682 993 1811 1041 affectu.

390 1032 461 1070 Age
476 1042 545 1064 vero
559 1043 651 1073 quare
663 1038 727 1065 tam
739 1035 904 1073 diligenter
918 1035 999 1065 tollis
1014 1035 1157 1074 quicquid
1171 1035 1269 1064 oculos
1283 1034 1411 1074 offendit
1426 1045 1438 1071 ;
1459 1034 1567 1074 diſj'ers
1577 1038 1678 1065 autem
1689 1037 1809 1073 mtegro

987 1137 1216 1150 eeeeeeeeeeee

393 1209 549 1251 Angelic.
570 1212 600 1241 1.
621 1213 846 1250 surgente-33
869 1211 961 1242 Unus
983 1211 1064 1243 Vnt.
1085 1215 1120 1242 ut
1144 1220 1245 1242 semes
1272 1211 1410 1251 teipsum.
1464 1210 1558 1241 Alius
1586 1211 1663 1243 Vnt.
1693 1213 1812 1252 atquin.

390 1253 450 1282 Vs.
465 1254 582 1283 33-63.
605 1257 683 1292 post
698 1261 723 1283 ι.
739 1252 849 1292 Epist.
863 1255 894 1283 1.
907 1255 961 1284 51.
982 1253 1138 1284 collocari
1161 1253 1231 1283 vult
1251 1253 1297 1284 D.
1314 1252 1516 1283 Heium—34
1537 1251 1575 1283 Si
1587 1253 1670 1284 noles
1691 1252 1726 1283 in
1742 1254 1812 1293 qui-

392 1293 529 1324 busdam
547 1297 628 1324 vett.
644 1297 679 1324 et
693 1294 740 1325 ita
754 1294 896 1325 Bodoni.
929 1303 1034 1325 curm
1047 1294 1198 1325 nonnulli
1213 1303 1267 1334 ap.
1281 1294 1393 1332 Feam,
1407 1294 1462 1325 alii
1478 1293 1576 1324 codd.
1595 1294 1683 1334 apud
1699 1294 1815 1325 Lamb.

392 1335 492 1374 Cruq.
517 1335 614 1366 Talb.
638 1335 685 1366 ita
711 1335 840 1376 Pon-ph.
864 1335 946 1367 edit.
972 1335 1084 1367 Venn.
1108 1338 1202 1368 1495.
1218 1338 1313 1366 1552.
1346 1334 1452 1366 Aldu·
1467 1337 1561 1367 1509.
1579 1338 1672 1367 1519.
1702 1335 1816 1366 Banu.

393 1379 487 1407 1527.
501 1378 597 1409 1531.
619 1377 710 1408 Frib.
727 1379 821 1408 1536.
843 1377 944 1408 Dion.
969 1377 1012 1408 ab
1038 1377 1163 1408 Han-sio
1188 1377 1294 1417 Lugd.
1313 1379 1407 1408 1538.
1431 1377 1472 1408 R.
1487 1376 1604 1417 Steph.
1620 1380 1715 1409 1544.
1739 1385 1814 1416 pro-

393 1417 474 1448 bant
490 1417 604 1448 Lamb.
621 1418 725 1458 Cruq.
739 1419 834 1449 Torr.
849 1418 948 1449 Talb.
965 1419 1078 1449 Bentl.
1092 1423 1277 1458 sequnntur
1292 1419 1376 1448 Dae.
1392 1418 1495 1449 Baxt.
1512 1418 1597 1449 Cun.
1613 1419 1693 1449 San.
1709 1417 1814 1449 Gesn-

392 1458 468 1489 Val.
485 1458 603 1490 Oberl.
618 1459 755 1496 Combe,
770 1458 904 1491 Wakef.
923 1459 1061 1490 Wetzel.
1077 1459 1183 1490 Zeun.
1196 1468 1281 1490 cures
1294 1458 1372 1490 Vnt.
1388 1462 1418 1490 1.
1436 1463 1468 1490 5.
1490 1459 1569 1490 Vnt.
1585 1459 1680 1490 Rom.
1694 1462 1727 1490 2.
1738 1462 1769 1489 5.
1783 1462 1815 1490 6.

392 1501 423 1530 7.
447 1500 524 1530 Vnt.
551 1500 660 1530 Palat.
687 1502 717 1530 1.
754 1500 899 1531 chisian.
925 1503 956 1531 5.
981 1503 1013 1531 6.
1034 1501 1190 1531 Vallicel.
1204 1503 1235 1532 4.
1257 1499 1338 1531 edit.
1362 1500 1475 1531 Princ.
1490 1500 1582 1531 Med.
1603 1503 1697 1531 1476.
1727 1500 1818 1531 Flor.

396 1542 488 1571 1482.
511 1541 620 1571 venn.
640 1543 732 1571 1483.
749 1545 842 1572 1490.
859 1544 954 1572 1509.
978 1542 1119 1581 aliaeque
1135 1550 1177 1571 ex
1205 1541 1321 1580 priscis
1338 1546 1416 1572 ante
1431 1541 1510 1572 Aldi
1526 1544 1620 1572 1501.
1641 1541 1694 1572 cui
1713 1542 1815 1581 vulgo

395 1581 554 1612 tribuitur
569 1582 640 1612 haec
656 1582 769 1612 lectio.
812 1583 910 1613 nolis.
921 1605 929 1613 .
940 1592 1043 1613 sures
1064 1583 1167 1613 etiam
1189 1583 1285 1613 Harl.
1302 1586 1332 1614 1.
1345 1585 1378 1613 2.
1391 1585 1423 1613 4.
1438 1586 1471 1613 6.
1487 1585 1517 1614 7.
1540 1587 1577 1614 et
1600 1583 1677 1613 Vet.
1698 1583 1817 1614 Comb.

393 1623 402 1638 ‘
421 1622 487 1653 Hie
509 1623 600 1653 locus
626 1623 691 1653 levi
714 1623 836 1654 menda
857 1623 998 1654 laborat.
1042 1623 1216 1655 Bentleius
1238 1632 1280 1654 ex
1305 1623 1501 1663 quibusdam
1517 1624 1610 1655 libris
1626 1623 1708 1661 legit
1721 1633 1818 1663 «mres,

394 1664 471 1703 quia
487 1663 566 1694 illud
583 1674 685 1695 curres
700 1664 878 1696 manifesto
893 1664 1099 1695 mendosum.
1143 1664 1208 1696 Sed
1232 1665 1295 1696 nisi
1315 1663 1426 1700 fallor,
1440 1664 1582 1696 dederat
1597 1665 1692 1695 nobis
1707 1664 1817 1696 Hora-

396 1705 460 1735 tius
474 1706 535 1736 hoe
551 1706 668 1736 modo:
690 1706 787 1746 atqui,
803 1705 840 1737 Si
855 1707 933 1738 nolis
946 1715 1051 1742 sanus,
1065 1715 1181 1746 quoeres
1195 1706 1390 1747 hydropicae,
1409 1706 1433 1737 i.
1448 1716 1478 1738 e.
1490 1706 1692 1746 hydropicus
1707 1705 1817 1737 factus

395 1745 518 1778 frustra
535 1748 724 1786 expergisci
749 1747 935 1780 conaberis.
979 1750 989 1765 ‘
1008 1747 1182 1780 Quaerere'
1202 1753 1253 1780 est
1269 1757 1388 1788 magno
1403 1747 1523 1787 studio,
1537 1753 1572 1778 et
1586 1755 1677 1786 saepe
1690 1746 1818 1778 frustra

394 1789 519 1819 conari.
563 1789 619 1819 Sic
641 1789 746 1829 Epod.
761 1798 802 1820 n.
815 1792 868 1820 70.
884 1794 920 1820 et
934 1797 1010 1820 xvr.
1027 1791 1078 1820 16.
1102 1794 1203 1830 atque
1225 1790 1274 1820 ita
1295 1789 1435 1829 passim!
1454 1789 1551 1820 Jever
1570 1789 1610 1818 ad
1624 1787 1742 1819 Lucan.
1758 1797 1816 1819 111.

394 1831 553 1861 657.—35
578 1831 694 1860 Post-as
707 1831 786 1861 Vat.
802 1833 852 1861 16.
874 1831 985 1861 Poscis
999 1831 1080 1861 Vat.
1093 1833 1145 1862 10.
1159 1831 1187 1860 si
1201 1840 1239 1861 ne
1254 1830 1409 1869 Angelic.
1421 1832 1537 1860 8.-36
1552 1830 1703 1861 Quamor
1717 1828 1815 1859 codd.

395 1871 1015 1942 ἰῗόηῗῗέἶῗὲοῖῗῗῖωεἶ’ξΞἝῖῗί
1026 1872 1110 1942 ‘2³¹5
1123 1871 1219 1941 5⁰¹3·
1236 1875 1271 1941 ἓ·
1285 1876 1339 1941 .ἳῦ
1348 1871 1543 1942 ξ“““ιὲ3ῑ.ῗ·
1553 1872 1817 1950 ὅὲ3.”“ὧ’2ἷ.ῖ.ῗῗ

395 1953 512 1982 oculum
522 1961 534 1989 ‚·
556 1922 838 1983 defendithemL
862 1933 1048 1991 {eqnuntur
1074 1952 1177 1983 Baxt.
1198 1951 1341 1991 Cnning.
1358 1921 1477 1982 sgnad.
1491 1951 1593 1983 Gesn.
1609 1951 1714 1982 Zeun.
1730 1951 1818 1982 Phil.

397 1993 549 2032 Francis,
560 1992 715 2025 Oberlin.
724 1993 840 2024 Comb.
853 1992 985 2024 Wakef.
998 1993 1139 2024 Wetzel.
1151 1992 1256 2024 Kidd.
1267 1993 1346 2032 Fen,
1357 1993 1478 2032 Bothe,
1488 1992 1608 2032 Jaeck,
1616 1998 1651 2024 et
1666 1993 1818 2034 Doering.

1036 2106 1178 2138 NOTAE

397 2181 476 2211 bere
490 2179 560 2210 illic
577 2183 653 2219 post
671 2189 719 2210 vs.
734 2182 786 2211 51.
807 2179 816 2197 ‘
832 2179 894 2211 Cui
910 2179 951 2210 sit
967 2178 1082 2210 condi-

398 2229 470 2261 tio!
511 2229 665 2260 Materiae
690 2229 823 2270 quidem
844 2234 880 2261 et
896 2229 1083 2270 argumenti

399 2279 484 2310 ratio
513 2278 554 2308 ad
579 2278 664 2308 hanc
687 2279 950 2310 emendationem
979 2278 1084 2309 ducit.

398 2326 572 2360 Judicabit
589 2335 703 2368 aequus
729 2327 836 2358 lector
855 2326 898 2358 de
914 2327 1084 2366 conjectu-

400 2385 436 2406 ra
452 2376 514 2407 hac
529 2379 582 2406 sat
597 2375 727 2406 audaci.

441 2427 482 2455 34
505 2423 542 2455 Si
563 2425 645 2455 noles
666 2433 770 2463 sanus,
786 2422 855 2462 &sc-J
890 2423 926 2454 Si
941 2423 1020 2454 dum
1036 2433 1087 2455 sa-

400 2482 461 2504 nus
475 2482 524 2509 es,
541 2473 590 2504 ire
605 2473 688 2504 nolis
703 2472 746 2503 ad
761 2473 947 2512 medicum;
970 2482 1086 2504 curres

401 2522 570 2563 profecto,
595 2532 671 2554 cum
701 2522 893 2563 aegrotabis.
943 2522 1086 2555 Quidam

403 2573 467 2612 leg.
483 2572 511 2603 ai
535 2582 594 2603 non
620 2572 649 2602 2¹⁸
672 2582 776 2611 sanus,
805 2573 856 2612 ξε.
890 2572 931 2603 Id
955 2576 1027 2603 est:
1051 2571 1087 2603 Si

402 2621 513 2661 segnis
529 2630 576 2662 es,
591 2626 626 2652 et
642 2621 690 2652 ire
708 2622 812 2662 piget,
827 2621 904 2652 dum
918 2630 1016 2652 sanus
1030 2630 1089 2659 εις

403 2670 429 2700 si
446 2676 560 2710 torpes
575 2671 728 2711 ignavia,
745 2671 865 2702 deinde
879 2670 1010 2712 cogeris
1025 2670 1087 2709 ire,

403 2718 501 2750 immo
517 2729 662 2760 currere,
683 2729 758 2750 cum
774 2719 944 2760 hydropisi
958 2719 1086 2751 crucia-

404 2767 516 2805 heris3
545 2777 644 2799 cursu
660 2769 748 2799 enim
763 2773 798 2799 et
813 2768 964 2807 corporis
980 2767 1085 2806 agita-

1135 2179 1227 2210 tione
1242 2188 1281 2210 ae
1296 2179 1408 2210 labore
1425 2179 1559 2211 morbus
1572 2179 1634 2210 iste
1648 2179 1818 2211 minuitur.

1134 2228 1257 2259 Sensus
1273 2232 1347 2259 est:
1371 2228 1446 2259 Nisi
1470 2228 1549 2258 vitia
1570 2233 1703 2259 mature
1717 2229 1818 2259 corri-

1136 2286 1208 2317 gas,
1235 2274 1358 2306 frustra
1380 2275 1503 2306 deinde
1519 2275 1692 2307 conaberis
1708 2285 1747 2307 ea
1761 2275 1819 2307 de-

1136 2326 1263 2367 pellere
1288 2325 1495 2356 inveteratat
1519 2323 1599 2364 quin
1623 2324 1664 2355 ab
1686 2324 1736 2355 hin
1759 2334 1818 2365 op-

1138 2374 1291 2416 primere.
1314 2374 1460 2413 Vulgare
1472 2378 1524 2404 est
1538 2383 1546 2404 :
1570 2373 1580 2390 ‘
1594 2373 1748 2404 venienti
1764 2382 1819 2405 oe-

1137 2423 1263 2455 currite
1279 2421 1416 2454 morbo.’

1180 2476 1220 2504 35
1243 2473 1291 2503 Ni
1309 2480 1414 2512 posces
1437 2475 1508 2502 ante
1521 2471 1600 2502 diem
1615 2471 1736 2512 librum,
1753 2471 1822 2511 ὅπη]

1138 2521 1174 2552 Si
1198 2521 1330 2560 vigilare
1356 2520 1500 2550 nolueris
1526 2519 1692 2551 discendae
1718 2529 1821 2551 causa

1140 2569 1270 2602 virtutis
1286 2578 1325 2600 ac
1341 2569 1526 2609 sapientiae,
1550 2568 1610 2599 fiet
1624 2573 1661 2600 nt
1675 2568 1820 2600 dormire.

1139 2618 1315 2660 aliquando
1331 2627 1476 2658 nequeas
1491 2617 1532 2648 ob
1548 2617 1718 2658 invidiam,
1731 2626 1821 2647 amo-

1139 2678 1220 2707 rem,
1243 2673 1300 2699 aut
1329 2667 1417 2698 alind
1444 2667 1559 2698 vitium
1588 2671 1653 2732 qno
1677 2666 1818 2698 solicita-

1137 2717 1227 2748 bere.
