1936 3236
285 255 370 296 552
753 269 796 305 Q.
828 265 1034 297 HoRA'ru
1068 265 1238 295 FLAcci

396 357 662 408 Laudantes,
684 359 793 411 pede
815 358 1000 400 candido

455 423 508 462 In
527 435 684 463 morem
705 424 871 464 Salium
891 427 956 464 ter
973 423 1167 476 quatient
1184 421 1374 463 humum,

399 487 474 528 Me
494 501 574 529 nec
593 489 787 539 foemina,
804 502 884 530 nec
904 500 1012 541 puer

453 553 483 594 J
486 565 570 602 am,
590 567 668 595 nec
688 567 790 608 spes
811 555 942 596 animi
963 553 1135 594 credula
1154 553 1304 602 mutui,

399 617 495 659 Nec
517 623 676 660 certare
688 620 816 671 juvat
835 632 963 668 mero,

457 684 500 724 N
503 697 552 725 ec
574 685 735 726 vincire
752 686 877 726 novis
897 688 1090 738 tempora
1109 685 1302 726 floribus.

397 750 483 790 Sed
502 762 591 800 cus,
611 751 713 791 heu!
747 752 963 803 Ligurine,
985 764 1061 792 cur

455 815 609 857 Manat
629 829 725 857 rara
746 830 864 858 meas
884 818 1074 871 lacryma
1092 829 1166 870 per
1185 817 1345 869 genas?

399 881 485 922 Cur
503 881 690 922 facunda
710 895 864 934 parum
886 883 1045 923 decoro

453 945 572 986 Inter
591 947 721 987 verba
740 947 860 988 cadit
877 948 1024 999 lingua
1044 947 1244 988 silentio?
1275 939 1286 950 '

397 1009 633 1054 Nocturnis
652 1024 732 1064 ego
752 1013 931 1053 somniis

451 1075 482 1116 J
486 1089 555 1117 am
575 1082 754 1130 captum
775 1081 926 1128 teneo3
951 1077 1045 1130 jam
1065 1076 1282 1118 volucrem
1301 1088 1461 1130 sequor

1652 553 1708 593 30

1654 880 1710 922 35

286 1194 362 1224 olbis
374 1194 498 1233 pedibus
512 1198 628 1225 terram
650 1197 813 1235 pulsabunt
827 1200 888 1233 ter,
910 1196 977 1226 ritu
991 1195 1155 1226 Saliorum.
1198 1196 1292 1226 Modo
1307 1205 1354 1226 me
1365 1205 1460 1235 neque
1473 1196 1593 1235 mulier,
1616 1205 1714 1236 neque

283 1244 370 1273 puer,
384 1244 479 1274 neque
494 1235 604 1273 facilis
617 1245 685 1275 spes
708 1237 808 1266 mutui
821 1237 934 1266 amoris
955 1236 1096 1272 oblectat,
1111 1244 1167 1265 nec
1181 1236 1250 1265 vino
1264 1238 1454 1273 contendere,
1467 1245 1561 1275 neque
1575 1237 1715 1277 floribus

284 1279 374 1314 caput
399 1286 550 1307 coronare.
595 1276 641 1306 At
665 1287 771 1314 quare,
790 1277 955 1314 Ligurine,
975 1277 1049 1306 eheu
1069 1285 1162 1314 quare
1185 1285 1240 1313 per
1260 1278 1356 1306 malas
1376 1286 1459 1306 meac
1469 1276 1577 1315 fluunt
1597 1277 1715 1316 aliquot

284 1317 375 1346 stilloe
387 1315 402 1347 ?
423 1326 514 1355 quare
528 1316 636 1354 lingua
649 1317 765 1346 diserta
779 1317 812 1346 in
826 1317 949 1346 vocibus
964 1317 1088 1346 hoesieat
1103 1315 1224 1346 silentio
1240 1325 1299 1346 non
1313 1315 1454 1348 decenti?
1502 1317 1568 1355 Ego
1582 1320 1613 1348 te
1626 1321 1713 1348 nocte

284 1357 318 1387 in
332 1357 446 1387 somnis
461 1358 546 1387 modo
563 1357 742 1396 prehensum
755 1358 933 1397 amplector,
949 1357 1034 1387 modo
1051 1360 1081 1387 te
1093 1364 1147 1396 per
1159 1357 1282 1387 herbam
1294 1357 1392 1397 campi
1409 1357 1532 1397 Martii,
1547 1361 1578 1389 te
1588 1367 1644 1398 per
1657 1367 1713 1389 un-

887 1437 1100 1449 ‘nocetne‘
1105 1436 1123 1447 e

286 1490 430 1521 Bentleii
446 1490 561 1521 Graev.
575 1495 609 1520 et
626 1490 745 1530 Regin.
762 1491 855 1530 Lips.
873 1494 902 1523 1.
918 1494 950 1522 2.
965 1494 997 1521 4.
1015 1496 1049 1522 et
1067 1491 1256 1522 Helmstad.
1270 1491 1432 1530 quatiunt,·
1454 1498 1488 1522 et
1504 1492 1552 1523 sic
1569 1493 1713 1535 Cuning.

286 1534 371 1562 ——29
390 1532 518 1562 Novum
535 1532 588 1562 hic
600 1532 742 1563 Carmen
758 1533 887 1564 orditur
902 1533 992 1564 Sivr.
1035 1533 1117 1563 Post
1130 1542 1218 1572 puer,
1230 1542 1294 1564 non
1311 1538 1386 1573 post
1397 1534 1482 1573 Jam,
1498 1543 1543 1563 vs.
1556 1536 1609 1565 30.
1625 1544 1714 1566 com·

285 1582 340 1603 ma
368 1572 494 1604 habent
519 1573 634 1604 multae
661 1573 739 1605 edd.
771 1578 852 1605 vett.
904 1574 1065 1605 Nostram
1096 1573 1400 1613 interpunctionem
1428 1579 1564 1606 servant
1587 1575 1712 1616 Delph.

286 1614 458 1646 Schrevel.
487 1615 568 1645 Fal).
593 1615 751 1654 Rutgers.
777 1616 904 1647 Dacer.
930 1616 1042 1647 Bentl.
1060 1615 1199 1653 Cuning.
1219 1615 1324 1647 Gesn.
1341 1616 1447 1646 Zeun.
1468 1616 1560 1656 sani,
1574 1616 1712 1658 Bipont.

288 1655 424 1686 Mitscb.
440 1656 580 1686 Wetzel.
599 1655 726 1687 Wakef.
752 1657 904 1694 Francis,
926 1657 1044 1688 Comb.
1072 1661 1107 1687 et
1133 1656 1322 1688 Kidd.—3o
1345 1657 1438 1696 Lips.
1461 1661 1494 1689 4.
1516 1658 1627 1690 nuntia
1653 1669 1715 1699 pro
1753 1674 1756 1676 ·

286 1697 430 1731 credula,-
453 1698 461 1713 ‘
479 1697 704 1727 memorabilis
730 1697 854 1728 lectio.’
877 1698 1050 1729 ὠναὶ-34
1074 1698 1186 1728 Manae
1212 1698 1316 1729 crebra
1341 1699 1470 1730 emend.
1491 1699 1632 1731 Withof.
1654 1701 1712 1732 im·

289 1737 455 1776 probante
471 1737 646 1769 hub—3⁷
664 1739 836 1769 Nocturnis
849 1742 879 1769 te
895 1749 951 1777 ego
964 1749 1006 1770 ex
1022 1739 1100 1770 edd.
1118 1739 1234 1771 Lamb.
1251 1743 1286 1770 et
1300 1740 1453 1772 Torreat.
1469 1741 1501 1771 in
1517 1742 1598 1772 olias
1612 1741 1714 1782 pluri-

288 1787 357 1808 mas
376 1779 488 1809 venit:
511 1779 591 1809 item
617 1779 756 1810 Venett.
784 1789 838 1819 ap.
859 1781 965 1810 Zeun.
988 1780 1129 1811 Chabot.
1154 1781 1278 1812 Muret.
1303 1781 1420 1821 steph.
1449 1780 1567 1813 Heins.
1583 1783 1664 1815 Fab.
1679 1787 1716 1815 et

290 1821 417 1850 uacet.
441 1824 478 1850 et
501 1820 549 1850 sic
571 1825 624 1851 est
643 1821 676 1851 in
695 1821 783 1861 Lips.
798 1823 830 1853 2.
855 1831 874 1851 a
889 1831 934 1851 m.
958 1830 1027 1852 sec.
1074 1822 1117 1852 N.
1133 1831 1188 1860 ego
1203 1826 1233 1853 te
1245 1823 1371 1853 somniis
1387 1823 1533 1854 Bentleii
1547 1824 1664 1856 Graev.
1680 1828 1716 1856 et

294 1861 387 1891 Bodl.
403 1863 434 1891 2.
449 1865 484 1892 et
499 1861 590 1902 Lips.
604 1865 635 1893 4.
681 1862 724 1892 N.
753 1866 783 1892 te
807 1863 934 1893 somniis
948 1862 1096 1893 Bentleii
1114 1863 1231 1903 Regin.
1247 1867 1282 1893 et
1300 1864 1389 1903 Lips.
1404 1867 1435 1896 2.
1457 1873 1476 1894 a
1493 1874 1535 1895 m.
1551 1874 1600 1905 pr.
1646 1865 1714 1897 Sed

935 1947 966 1978 N
971 1947 1074 1979 OTAE

331 2010 373 2039 28
389 2007 428 2038 In
442 2016 555 2038 morem
570 2008 690 2039 Solium
705 2012 753 2040 ter
767 2009 907 2049 quatient
921 2011 975 2040 hu·

1028 2019 1086 2041 nos
1102 2010 1344 2051 qninquaginta
1365 2014 1463 2041 natus
1486 2019 1570 2049 sum,
1589 2019 1650 2040 cur
1672 2009 1714 2040 ad

289 2055 386 2095 mum]
402 2055 549 2087 Chol-eas
565 2057 665 2087 etiam
682 2057 714 2087 in
731 2058 836 2088 sacris
850 2058 976 2088 adhibi·
1023 2058 1207 2099 juvenilem
1225 2067 1277 2089 me
1295 2059 1463 2089 lasciviam
1481 2059 1638 2088 revocas?

290 2109 351 2140 tas,
363 2104 517 2134 annotavi
533 2109 602 2135 tum
620 2105 710 2144 alibi,
722 2109 791 2136 tum
808 2115 833 2137 1.
844 2106 911 2137 Od.
925 2109 976 2137 36.

292 2153 347 2184 ubi
363 2152 453 2184 etde
466 2153 563 2184 Saliis
579 2153 698 2185 Martis
713 2154 962 2186 Sacerdotibus.

332 2204 374 2232 29
397 2201 452 2232 Me
473 2211 527 2233 neo
545 2201 685 2239 flemina,
710 2213 776 2242 nec,
801 2204 870 2244 qen]
894 2204 976 2235 Ver-

291 2259 372 2289 gens
388 2259 451 2290 ego
467 2251 507 2281 ad
524 2251 665 2291 senium,
676 2253 783 2283 minus
794 2258 894 2292 aptus
907 2262 977 2284 sum

292 2298 470 2335 amoribus,
484 2299 583 2330 immo
596 2309 658 2331 nec
674 2300 761 2340 jocis
774 2306 809 2332 et
825 2302 978 2333 certami-

292 2346 388 2378 nibus
414 2348 621 2387 poculornm.
664 2349 731 2380 Sed
754 2360 862 2391 neque
879 2352 979 2391 Juvat

293 2405 345 2425 me
373 2395 510 2428 floribus
536 2407 695 2429 coronare
726 2399 814 2431 inter
842 2401 979 2440 epulan-

297 2443 386 2481 dum,
402 2454 444 2476 ex
459 2454 561 2481 more.
577 2446 620 2477 de
633 2456 698 2487 qno
712 2447 770 2479 lib.
785 2457 808 2479 ι.

339 2495 379 2523 33
403 2495 465 2525 Sed
478 2505 544 2535 cur,
559 2496 617 2527 heu
627 2496 642 2527 !
659 2496 822 2538 Ligurine,
833 2498 900 2538 ξω]
922 2498 980 2529 Me

299 2550 378 2572 vero
400 2552 441 2573 ea
462 2549 561 2576 aetate
584 2554 643 2577 cur
666 2550 780 2577 tamen
795 2556 906 2578 amore
921 2551 980 2578 tuo

299 2591 461 2631 incendis,
476 2601 496 2622 o
509 2594 677 2635 Ligurine,
691 2604 773 2635 puer
784 2594 891 2626 forma
903 2605 981 2627 con-

299 2643 435 2682 spicue?
470 2643 549 2683 Cur,
572 2654 591 2674 o
606 2647 732 2682 Venus,
756 2656 868 2678 rursus
893 2647 982 2678 bella

299 2701 424 2731 moves,
439 2697 514 2732 post
537 2698 710 2733 acceptam
732 2695 847 2727 rudem
870 2700 904 2727 et
927 2705 981 2727 va-

299 2741 461 2773 cationem
479 2752 497 2772 a
512 2746 570 2773 tua
585 2743 726 2775 militia?
748 2745 910 2786 siquidem
925 2755 982 2777 an-

1071 2110 1112 2139 34
1136 2108 1250 2138 Manat
1263 2117 1337 2138 rara
1352 2116 1433 2138 meas
1447 2107 1580 2147 lacryma
1593 2115 1650 2146 per·
1659 2116 1713 2145 ge-

1029 2156 1099 2196 nas]
1133 2155 1236 2186 Amor
1262 2156 1356 2187 elicit
1387 2156 1558 2195 lacrymas,
1588 2164 1716 2195 paucas

1031 2210 1154 2244 tamen,
1175 2215 1244 2245 prae
1269 2205 1418 2245 pudore:
1449 2214 1522 2235 narn
1545 2213 1588 2236 ex
1612 2203 1714 2236 Ovid.

1031 2254 1146 2285 Amor.
1163 2263 1188 2285 1.
1210 2254 1219 2270 ⁴
1236 2254 1348 2294 Turp'e
1371 2262 1471 2284 senex
1491 2254 1597 2293 miles,
1615 2258 1715 2294 turpe

1031 2303 1144 2334 senilis
1161 2301 1274 2334 amor)

1074 2354 1114 2382 35
1141 2351 1206 2381 Cur
1222 2350 1360 2389 facunda
1385 2360 1493 2390 parum
1510 2351 1629 2391 decoro,
1650 2350 1718 2391 Brea]

1032 2400 1131 2433 Quod
1147 2400 1249 2431 etiam
1272 2399 1428 2430 indicium
1451 2401 1571 2431 amoris
1592 2404 1644 2431 est
1665 2409 1718 2431 ar·

1033 2449 1235 2489 denfissimi,
1263 2448 1376 2489 lingua
1412 2448 1534 2490 alioqui
1572 2447 1717 2480 facunda
1743 2476 1748 2486 ,

1028 2498 1098 2538 jam
1107 2498 1245 2534 titubat,
1256 2498 1423 2538 verbaque
1435 2497 1622 2538 intercepta
1633 2506 1717 2538 prae-

1033 2547 1188 2578 fucantur
1202 2557 1210 2578 :
1234 2546 1324 2588 quod
1337 2555 1418 2578 sane
1433 2546 1626 2578 indecorum
1639 2547 1718 2578 mihi

1035 2601 1096 2627 est.
1133 2594 1249 2635 Virgil.
1271 2594 1400 2627 AEneid.
1423 2604 1472 2626 tv.
1495 2597 1547 2626 76.
1564 2595 1572 2611 ‘
1588 2595 1718 2635 Incipit

1034 2644 1141 2684 effari,
1158 2644 1330 2684 mediaque
1345 2644 1379 2675 in
1395 2653 1476 2675 voce
1493 2644 1641 2675 resistit:

1074 2697 1114 2726 3⁷
1140 2694 1308 2725 Nocturnis
1332 2703 1388 2732 ego
1410 2693 1545 2733 somniis,
1564 2691 1633 2732 ξω]
1660 2692 1718 2724 In-

1036 2749 1085 2775 ter
1097 2742 1324 2775 somniandum
1334 2747 1367 2775 te
1379 2747 1492 2774 mente
1502 2741 1722 2782 verso,modq
