1904 3256
651 324 928 357 sunuouum
964 324 1058 356 me.
1091 326 1125 358 1.
1153 315 1196 356 2.
1563 318 1649 360 783

199 420 361 462 Omnia
378 416 609 461 conductis
630 419 837 461 coemens
857 420 1045 462 obsonia
1065 420 1252 461 nummis
1269 432 1280 471 ;

197 487 412 529 Sordidus
432 491 566 540 atque
587 486 722 527 animi
743 486 860 540 quod
882 487 1011 541 parvi
1031 486 1142 529 nolit
1159 487 1324 536 haberi,

197 554 480 609 Respondet.
522 552 748 594 Laudatur
769 554 824 594 ab
845 553 931 605 his,
953 553 1159 608 culpatur
1179 554 1235 595 ab
1254 554 1357 595 illis.

198 622 402 664 Fufidius
422 634 584 675 vappae
602 621 762 662 famam
785 621 908 662 timet
929 634 983 663 ac
1004 621 1254 670 nebulonis,

198 689 338 731 Dives
360 690 494 742 agris,
514 688 640 729 dives
663 688 825 741 positis
842 688 885 728 in
905 688 1075 730 foenore
1095 689 1300 730 nummis.

198 755 375 806 Quinas
393 755 466 796 hic
487 754 625 808 capiti
646 754 870 795 mercedes
892 759 1102 797 exsecat:
1133 760 1266 809 atque

198 823 378 874 Quanto
396 822 610 877 perditior
630 822 820 876 quisque
842 828 927 872 est,
945 826 1071 864 tanto
1088 823 1233 864 acrius
1255 827 1379 876 urget
1396 837 1407 874 3

1592 487 1648 529 10

1592 826 1649 866 15

194 979 267 1002 nore
278 973 455 1010 comparata
464 981 477 1008 ;
492 971 671 1012 respondet:
687 970 759 1010 quia
770 970 860 1002 timet
872 971 1025 1002 oestimari
1038 971 1127 1002 nomo
1140 981 1252 1012 parcus
1262 975 1292 1004 et
1302 973 1401 1003 animi
1411 972 1531 1011 exigui.
1565 972 1651 1004 Lau-

194 1013 289 1044 datur
299 1023 318 1043 a
328 1013 519 1053 quibusdum,
531 1013 766 1054 reprehenditur
780 1013 818 1043 ab
837 1014 920 1045 aliis.
946 1013 1090 1055 Fufidius
1100 1016 1230 1055 locuples
1240 1016 1341 1055 agris,
1353 1018 1384 1046 et
1394 1015 1524 1055 pecunia
1533 1014 1651 1053 soenori

195 1056 282 1091 datu,
290 1056 472 1094 reformidat
485 1057 747 1087 existimationem
759 1056 878 1095 perditi
895 1060 926 1087 et
934 1057 1112 1088 decoctoris.
1139 1057 1173 1088 Is
1183 1059 1221 1089 de
1234 1061 1318 1089 sorte
1329 1059 1451 1088 deducit
1464 1067 1574 1088 usuras
1583 1058 1651 1098 qui-

195 1106 253 1128 m
261 1108 272 1128 .·
283 1101 311 1129 et
324 1108 382 1138 quo
390 1099 581 1130 luxuriosior
590 1099 715 1139 quisque
722 1101 780 1135 est,
792 1108 827 1129 eo
835 1099 996 1130 ardentius
1005 1103 1199 1131 consectatur
1208 1111 1218 1131 .-
1230 1101 1343 1141 quoerit
1355 1101 1478 1131 nomina
1485 1100 1651 1141 juvenum,

808 1193 1047 1205 ooeeeeeee-eot

194 1257 311 1295 glubie.
368 1258 407 1288 In
424 1267 490 1288 uno
504 1262 607 1299 atque
625 1259 734 1290 altero
749 1259 933 1294 Torrentii,
953 1259 1092 1298 frangat
1110 1259 1209 1290 mulus
1222 1259 1362 1299 ingluvie
1379 1261 1540 1291 rem—10
1564 1259 1651 1290 Cha-

198 1299 268 1330 bot.
282 1301 373 1339 parti
388 1301 468 1340 quod
483 1300 559 1331 nolit
573 1300 781 1332 haberi.—12
798 1298 946 1332 Futwius
961 1305 1094 1332 veteres
1108 1300 1182 1333 fere
1197 1302 1401 1334 membranae
1416 1302 1600 1339 Torrentii‚
1614 1306 1651 1333 et

198 1342 453 1383 antiquissimus
467 1343 589 1374 Biana.
607 1344 708 1384 Cruq.
757 1343 911 1374 Fusidius
925 1344 1030 1375 Mart.
1053 1344 1207 1384 ejusdem
1222 1345 1325 1386 Cruq.
1340 1348 1376 1375 et
1390 1344 1545 1386 quaedam
1572 1344 1651 1376 edd.

197 1389 284 1415 vett·
310 1394 363 1424 ap.
389 1385 546 1416 Torrent.
589 1395 696 1427 vuppoe
720 1395 829 1416 nornen
853 1386 1026 1416 'ronsanns
1048 1386 1289 1426 Cruquii.-13
1314 1387 1382 1418 Hic
1407 1396 1458 1418 vs.
1481 1386 1653 1427 reperitur

198 1426 298 1457 etiam
315 1427 347 1457 iu
364 1426 442 1457 Art.
464 1427 564 1457 Poe't.
583 1437 630 1458 vs.
643 1430 806 1458 ‹mh—14
832 1427 931 1458 Harl.
946 1430 977 1458 4.
994 1429 1026 1457 6.
1044 1429 1074 1458 7.
1097 1427 1178 1458 vet.
1195 1428 1315 1459 Comb.
1331 1429 1455 1459 venet.
1471 1437 1525 1468 ap.
1541 1429 1649 1460 Zeun.

197 1472 232 1498 et
248 1467 410 1499 Giarean.
425 1470 577 1504 mercedes
588 1468 714 1507 ezr-igin
738 1468 835 1499 Harl.
853 1471 881 1499 1.
897 1471 927 1500 2.
941 1470 972 1499 3.
996 1468 1139 1509 Cruquii
1154 1469 1278 1500 Biand.
1294 1473 1323 1501 1.
1340 1473 1372 1500 2.
1389 1473 1420 1501 3.
1437 1472 1470 1501 4.
1491 1470 1573 1502 Div.
1588 1470 1650 1501 su.

194 1509 338 1541 Tonsor».
355 1509 486 1541 Buslid.
501 1516 536 1541 et
559 1510 647 1542 Nan.
663 1515 698 1542 et
713 1509 791 1542 edd.
807 1514 956 1542 recentt.
977 1511 1130 1542 mercedes
1154 1514 1373 1546 cnecon—15
1399 1512 1495 1544 Unus
1511 1517 1546 1544 et
1564 1512 1651 1544 aiter

847 1594 987 1627 NOTAE

191 1660 272 1701 lam,
286 1659 372 1691 adeo
387 1660 546 1692 celeriter
567 1659 678 1692 omnia
700 1658 897 1700 absorpsit!

192 1711 328 1751 Σφαῖραν
361 1710 488 1749 ἐποίησε
509 1710 570 1748 τὴν
598 1709 744 1750 πατρῴαν
771 1709 891 1741 οὐσίαν·

192 1759 274 1792 οὕτω
287 1760 583 1802 συνεστρόγγυλλεν
595 1760 710 1799 ἰταμῶς
723 1759 774 1791 καὶ
795 1759 890 1799 ταχύ.

190 1811 358 1852 Adagium
374 1818 428 1844 est
442 1812 624 1849 Graecum;
648 1811 745 1852 quasi
757 1810 890 1842 diceres

191 1863 435 1903 metaphorice,
450 1871 516 1893 uno
533 1862 622 1902 bolo,
634 1861 784 1903 globulo,
796 1866 889 1893 cata-

190 1912 298 1953 pofio,
313 1913 425 1943 omnia
439 1921 498 1943 sua
513 1911 704 1943 devoravit.

234 1963 368 2003 Ingrata
380 1963 536 2004 ingluvie]
561 1962 650 1994 Nam
668 1971 744 2003 quae
766 1961 815 1993 sic
831 1971 890 2002 gu-

190 2012 261 2044 lose
277 2019 380 2054 atque
395 2013 503 2044 instar
512 2013 590 2054 pilae
607 2012 801 2050 sorbentur,
817 2011 890 2042 sine

193 2062 264 2093 utio
289 2063 378 2103 grati
406 2063 534 2103 saporis
561 2068 664 2104 gustu
690 2071 752 2103 per
775 2061 891 2093 fauces

193 2111 481 2142 transmittuntur.

236 2162 279 2191 12
316 2160 472 2202 Fufidius]
507 2160 657 2201 Insignis
690 2159 887 2197 foenerator,

192 2210 388 2243 immodicas
402 2221 520 2242 usuras
534 2211 684 2252 exigens.

239 2261 349 2301 Vappoe
362 2260 534 2301 nebulonis]
558 2260 630 2292 Has
646 2269 748 2292 voces
771 2268 888 2291 excus—

191 2309 295 2341 simus
310 2309 383 2342 Sat.
398 2310 548 2351 pra-ced,

237 2363 276 2392 14
299 2361 422 2396 Quinas
446 2362 496 2393 hie
521 2362 617 2403 copiti
631 2362 783 2393 mercedes
800 2371 887 2392 exse-

192 2413 258 2455 ent]
279 2414 288 2431 ‘
302 2413 438 2455 caput¹
461 2418 515 2445 est
541 2422 612 2445 sors
640 2413 728 2454 ipsa,
744 2421 802 2443 seu
828 2421 888 2452 pe-

191 2465 291 2496 cunia
312 2463 433 2496 foenori
454 2465 547 2505 data,
563 2465 655 2496 Gall.
681 2465 709 2496 le
726 2464 889 2504 principat.

194 2513 292 2555 hujus
313 2523 394 2546 vero
413 2514 557 2556 fructus,
585 2515 728 2554 reditus,
747 2514 888 2554 foeuora,

193 2571 322 2604 usuras,
354 2567 507 2597 mercedes
550 2571 648 2598 vocat
699 2566 887 2598 Horatius:

195 2613 288 2646 Gon.
307 2614 471 2656 cinerat,
487 2618 518 2648 Ια
539 2620 638 2649 rente.
683 2617 794 2649 Usum
811 2626 889 2648 cen-

197 2665 321 2696 tesimo
341 2664 466 2697 dicitnr
479 2677 555 2699 cum
578 2668 621 2700 de
638 2672 775 2700 centum
791 2677 888 2699 num-

195 2713 259 2744 mis
273 2716 440 2748 mensibus
455 2718 592 2758 singulis
607 2710 703 2751 'nnus
726 2719 888 2758 solvitnr3

197 2762 283 2795 adeo
306 2766 541 2799 uit-centesimo
554 2777 670 2800 mense
692 2779 794 2801 usura
817 2779 888 2801 sor-

197 2818 265 2844 tem
292 2813 474 2855 adaequet:
497 2822 532 2847 at
554 2818 718 2858 Fufidius,
740 2820 889 2861 iniquior

198 2863 318 2904 inuito,
341 2865 485 2905 singulis
495 2868 666 2899 mensibus
681 2879 746 2901 non
763 2871 887 2911 simpli·

948 1669 1019 1700 σεε,
1046 1659 1089 1692 de
1114 1660 1237 1702 quibus
1259 1670 1352 1700 mox,
1369 1660 1427 1692 sed
1445 1662 1556 1701 quinas
1572 1671 1650 1692 iisn-

947 1719 1001 1741 ras
1017 1710 1231 1751 accipiebat:
1249 1721 1332 1752 quas
1349 1715 1387 1742 ut
1402 1711 1558 1751 haberet,
1573 1721 1651 1752 per-

946 1759 1115 1792 ditissimo
1130 1761 1254 1802 cuique
1270 1761 1449 1802 pecuniam
1466 1771 1559 1792 suam
1576 1771 1649 1793 cre-

945 1809 1027 1842 dere
1056 1810 1205 1850 amnbat,
1236 1815 1273 1842 ut
1312 1819 1390 1841 mox
1420 1811 1568 1843 dicetur.
1613 1813 1649 1845 S.

945 1859 1103 1891 Ambros.
1128 1860 1161 1891 in
1186 1870 1265 1901 cap.
1282 1863 1334 1892 12.
1357 1860 1446 1892 Tob.
1471 1866 1479 1879 ¹
1494 1862 1650 1894 Veniunt

891 1932 893 1934 -
945 1911 1126 1951 Kalendae,
1141 1912 1231 1952 parit
1245 1921 1316 1942 sors
1328 1913 1548 1943 centesimam
1565 1923 1575 1944 :
1594 1922 1650 1944 ve-

944 1963 1045 1994 niunt
1082 1972 1215 1993 menses
1264 1963 1402 2002 singuli,
1439 1969 1649 2003 generantur

945 2023 1056 2045 usurae
1073 2024 1081 2044 :
1111 2013 1220 2045 crevit
1250 2013 1438 2044 centesima
1455 2023 1464 2044 ι
1503 2014 1646 2054 petitur,

944 2072 1008 2095 nec
1023 2063 1189 2095 solvitur:
1212 2063 1408 2104 applicatur
1434 2063 1477 2094 ad
1508 2069 1648 2095 sortem.

941 2113 1066 2155 Itaque
1097 2123 1162 2145 non
1191 2114 1265 2155 jam
1295 2113 1485 2145 centesima
1523 2114 1647 2154 incipit

942 2171 1030 2202 esse,
1045 2163 1105 2195 sed
1123 2173 1265 2203 summa,
1280 2163 1344 2194 hoc
1370 2169 1426 2195 est
1450 2173 1516 2195 non
1539 2162 1646 2194 foeno-

944 2212 988 2244 ris
1004 2215 1200 2249 centesima,
1223 2213 1283 2244 sed
1298 2213 1410 2244 foenus
1425 2214 1648 2245 centesimael

986 2263 1139 2303 Exsecat]
1161 2263 1320 2304 Proprie.
1366 2263 1455 2294 Nam
1470 2263 1529 2302 illi,
1542 2272 1647 2304 pecu-

940 2315 1030 2347 niam
1047 2316 1223 2347 tradentes
1238 2315 1280 2346 ad
1293 2314 1414 2352 foenus,
1431 2317 1547 2347 statim
1566 2326 1644 2347 usu·

942 2374 1013 2397 ram
1031 2365 1131 2406 primi
1153 2366 1278 2398 mensis
1294 2366 1478 2398 demebant
1503 2375 1522 2397 e
1538 2372 1645 2405 sorte,
1682 2364 1687 2369 '

942 2423 1000 2446 seu
1015 2424 1057 2446 ex
1077 2415 1151 2456 ipsa
1165 2426 1265 2457 quam
1288 2417 1477 2448 credebant
1503 2425 1644 2447 summa.

944 2465 996 2496 De
1019 2475 1120 2497 usura
1142 2466 1275 2507 iegibus
1298 2467 1452 2497 humanis
1467 2475 1506 2497 ac
1522 2465 1645 2495 divinis

943 2516 1113 2557 prohibita
1122 2517 1193 2548 dixi
1209 2517 1252 2548 ad
1270 2516 1381 2557 Epod.
1398 2525 1436 2546 11.
1453 2518 1484 2545 4.

986 2571 1025 2599 15
1052 2569 1179 2605 Quanto
1200 2568 1367 2607 perditior,
1379 2566 1451 2605 ὅπη]
1475 2566 1552 2598 Quo
1577 2575 1646 2597 ma-

942 2618 994 2659 gis
1015 2619 1110 2650 novit
1134 2618 1278 2648 luxuriae
1304 2617 1457 2648 deditum
1471 2617 1649 2657 juvenem,

941 2667 1094 2708 adeoque
1111 2667 1265 2708 pecuniae
1288 2666 1486 2706 avidiorem,
1506 2676 1548 2698 eo
1570 2667 1644 2698 dili-

942 2719 1076 2760 gentius
1092 2719 1181 2750 hunc
1198 2718 1282 2759 adit,
1295 2723 1331 2751 et
1346 2720 1470 2760 quaerit
1488 2720 1518 2751 ei
1542 2729 1644 2760 pecu·
1688 2755 1690 2758 v

942 2770 1031 2801 niam
1044 2769 1186 2801 credere
1198 2769 1411 2809 gravioribus
1423 2769 1554 2800 scilicet
1567 2780 1644 2801 usu-

941 2820 997 2854 ris,
1013 2819 1056 2850 ob
1073 2824 1251 2859 urgentem
1264 2819 1410 2860 inopiam
1426 2819 1481 2851 vel
1496 2819 1644 2850 habendi

941 2870 1178 2910 cupiditatem.
