1904 3256
684 296 872 328 EPODaN
907 296 1071 328 LIBER.

1517 287 1603 329 695

322 388 377 430 Io
397 387 629 442 triumphe,
649 401 729 431 nec
748 389 778 430 J
780 389 1014 443 ugurthino
1034 400 1184 442 parem

377 455 506 497 Bello
526 456 761 508 reportasti
775 456 954 507 ducem,

320 520 484 574 Neque
504 518 732 571 Africano,
752 522 822 563 cui
844 535 975 576 super
996 520 1303 574 Carthaginem

1546 523 1603 565 25

376 586 529 628 Virtus
554 587 805 640 sepulcrum
828 588 1040 630 condidit.

321 651 460 694 Terra
476 653 673 707 marique
694 653 843 695 victus
863 655 1017 706 hostis,
1037 655 1210 697 Punico

374 718 580 772 Lugubre
602 721 791 762 mutavit
809 733 962 774 sagum
978 734 990 773 ;

1264 770 1290 794 ,Ι

148 844 275 872 matos
287 851 396 873 currus
409 845 442 874 et
453 842 605 881 juvencas
619 842 772 882 integras.
810 841 847 872 Io
862 841 1028 881 triumphe,
1041 850 1102 871 mm
1117 839 1267 872 revexisti
1282 840 1502 881 Imperatorem
1515 839 1605 870 simi-

149 882 208 912 lem
221 892 275 914 seu
289 883 322 915 in
338 884 412 915 bello
425 885 632 925 Jugwthino,
649 895 701 916 seu
715 885 749 915 in
763 883 917 922 Africano
932 893 1000 914 eum
1016 883 1067 913 cui
1080 893 1138 914 sua
1157 884 1257 914 virtus
1272 884 1422 914 tumulum
1436 882 1538 914 erexit
1550 891 1603 912 su-

145 933 203 963 per
215 926 451 967 (ἴαήὶιαςίηεηι.
498 927 613 959 Hostis
626 929 790 968 superatus
803 927 837 957 in
851 929 936 957 terra
949 929 982 956 et
1003 925 1084 956 mari
1102 927 1244 965 sagulum
1263 935 1452 966 purpureum
1467 923 1602 956 mutavit

755 1020 873 1035 eeeeee

877 1019 995 1033 eeeeee

149 1082 252 1115 etiam
268 1093 386 1116 omnes
401 1084 502 1117 codd.
518 1090 555 1118 et
570 1086 650 1118 edd.
667 1086 773 1127 antiq.
788 1085 918 1117 habent
932 1085 1166 1117 ἐπῆκται-25
1192 1084 1261 1115 Nec
1275 1083 1374 1115 Harl.
1388 1085 1420 1116 4.
1434 1086 1466 1115 6.
1509 1082 1604 1121 Afri-

148 1134 259 1157 canum
273 1126 372 1159 Harl.
386 1131 417 1159 1.
433 1130 464 1159 3.
478 1131 509 1160 4.
525 1131 558 1160 6.
582 1129 659 1170 plus
682 1128 803 1159 decem
829 1128 969 1168 optimae
994 1133 1084 1158 notae
1111 1137 1167 1167 ap.
1183 1127 1344 1158 Torreat.
1360 1125 1457 1158 Gott.
1475 1125 1532 1156 alii
1549 1134 1605 1165 ap.

148 1167 389 1207 Pulmannum‚
399 1173 435 1200 et
448 1169 580 1201 Bersm.
596 1171 738 1202 Venett.
753 1169 897 1201 Locher.
914 1170 993 1201 Vet.
1009 1170 1127 1201 Comb.
1139 1174 1175 1200 et
1191 1169 1268 1199 edd.
1286 1169 1400 1208 plures
1415 1167 1531 1199 saeculi
1543 1175 1605 1198 xv.

148 1213 186 1240 et
199 1210 249 1242 sic
264 1211 347 1250 legit
365 1211 526 1250 Bradins,
546 1217 637 1244 teste
660 1212 844 1243 Glareano.

889 1213 982 1243 Hinc
998 1212 1114 1243 Bentl.
1131 1211 1264 1243 emend.
1284 1212 1392 1251 Neque
1405 1209 1605 1249 Africanum,

147 1260 207 1290 quo
220 1261 326 1294 super,
338 1253 392 1292 4¹⁶·
415 1253 475 1285 sed
490 1254 526 1285 in
542 1258 675 1286 textum
691 1255 823 1295 recepit
837 1264 846 1284 :
870 1255 979 1295 Neque
994 1253 1194 1293 Africanum,
1208 1254 1259 1285 cui
1273 1263 1376 1294 super,
1392 1253 1446 1293 ξε.
1457 1259 1604 1293 eumque

805 1350 836 1381 N
842 1349 946 1381 01·AE

143 1408 283 1449 ἐμφερές·
298 1408 372 1440 ἀλλ’
388 1409 431 1442 εἷς
442 1409 563 1451 πύργου
575 1412 755 1451 περιφεροῦς
766 1410 840 1452 τρό-

141 1468 203 1488 πον
213 1456 402 1498 ἐξείργοντα.
451 1459 571 1491 Currus
583 1463 688 1491 autem
701 1459 840 1501 (trium-

144 1507 255 1548 phalis
282 1507 432 1550 scilicet)
453 1518 550 1550 neque
575 1510 719 1541 Cir-censi
743 1519 841 1550 neque

142 1553 249 1589 benico
275 1557 389 1590 similis
397 1569 410 1596 ;
434 1560 488 1591 sed
517 1559 552 1591 in
574 1560 673 1591 turris
695 1560 839 1591 rotunde

142 1607 380 1646 modumsactus
394 1612 474 1640 erat.

185 1661 229 1691 22
249 1659 392 1692 Intactas
406 1658 512 1699 boves]
546 1659 842 1701 Triumphantium

143 1707 286 1751 quisque
301 1709 499 1741 immolabat
514 1709 684 1750 juvencas
696 1710 846 1747 intactas,

142 1757 179 1790 id
208 1763 275 1799 est,
303 1759 357 1791 vel
379 1763 479 1791 tauro
504 1760 560 1791 vel
586 1760 668 1801 jugo
691 1759 843 1791 nondum

142 1808 308 1842 subditas.
327 1810 449 1851 virgil.
460 1810 589 1851 Georg.
598 1819 648 1843 ιν.
658 1813 735 1842 640.
752 1811 761 1828 ‘
773 1810 843 1841 De-

141 1858 210 1901 lige
234 1863 271 1891 et
294 1859 425 1892 intaeta
452 1859 596 1891 totidem
623 1859 759 1892 cervice
787 1859 841 1900 jn-

143 1909 288 1941 vencasss

182 1961 224 1991 83
247 1960 317 1992 Nec
332 1959 528 2000 Jugmhino
539 1959 661 2000 parem]
685 1959 764 1990 Non
781 1967 840 1999 pa-

143 2017 214 2040 rem
240 2009 302 2042 sed
330 2010 431 2051 longe
461 2009 615 2051 Angusto
644 2007 839 2041 inferiorem

143 2057 293 2089 Manum
305 2058 502 2099 ‘Jugurthae
531 2059 704 2090 victorem.
747 2058 840 2089 Vide

143 2114 185 2138 ιι.
208 2106 276 2139 od.
298 2110 328 2138 1.
348 2110 403 2139 28.
425 2108 539 2149 ibique
553 2108 637 2140 Not.
656 2107 700 2138 ad
723 2116 840 2139 vocem

143 2157 370 2198 *Jugurthaess

185 2209 226 2238 26
251 2208 362 2248 Neque
391 2207 560 2248 Africano]
600 2207 676 2239 Nec
710 2206 840 2238 Caesari

142 2266 259 2298 parem
286 2258 493 2299 Scipionem,
520 2266 712 2300 quanquam
734 2257 841 2289 diruit

139 2308 194 2340 bie
223 2308 466 2350 Carthaginem
496 2309 637 2350 Imperii
661 2309 838 2347 aemtilam3

139 2357 191 2390 ita
205 2363 244 2391 ut
269 2359 344 2399 ejus
370 2359 462 2391 urbis
485 2359 591 2390 ruinae
613 2358 682 2390 sint
705 2358 840 2390 illustre

140 2408 247 2440 veluti
261 2409 469 2440 mausoleum
495 2409 535 2440 P.
551 2409 689 2440 cornel.
706 2407 851 2448 Scipio-.

141 2458 190 2498 ni,
205 2457 249 2489 ob
272 2459 347 2500 eJus
372 2459 517 2490 virtutes
537 2458 638 2498 plane
654 2457 839 2498 singulares

141 2515 216 2546 quas
243 2507 277 2539 in
305 2506 472 2540 Africano
496 2507 588 2539 bello
609 2511 646 2540 et
668 2507 838 2548 triumpho

143 2555 333 2588 eluxerunt.

184 2606 228 2636 2⁶
247 2605 440 2647 Sepulcrum]
469 2608 578 2639 Vetus
593 2607 771 2647 Interpres
783 2606 837 2637 hic

143 2651 193 2683 sie
221 2659 380 2687 annotat:
411 2657 422 2675 ‘
438 2657 562 2698 Tangit
587 2657 770 2696 historiam,
799 2655 835 2686 in

143 2710 213 2742 qua
242 2702 404 2743 scriptum
431 2711 497 2742 est,
526 2717 568 2738 ex
598 2707 761 2743 Oraculo,
791 2704 836 2736 ad

142 2753 405 2792 compescendos
430 2754 530 2787 Afros
566 2756 693 2788 debere
723 2756 836 2797 sepul·

143 2809 237 2832 crum
252 2799 402 2842 Scipioni
419 2801 580 2837 Africano
596 2806 644 2837 ita
660 2804 835 2845 constitui,

894 1415 932 1441 ut
957 1410 1109 1442 Africam
1133 1411 1336 1444 intueretur.
1380 1411 1459 1443 Hoc
1486 1415 1601 1443 autem

891 1459 1044 1491 Deorum
1072 1460 1202 1491 monitu
1240 1460 1391 1500 positum
1421 1463 1475 1492 est
1505 1460 1599 1491 inter

891 1508 1025 1540 Ostium
1042 1513 1078 1541 et
1094 1512 1250 1550 portum.’
1296 1509 1345 1541 At
1373 1514 1494 1541 contra
1513 1509 1596 1540 Plu-

890 1559 1030 1590 tarchus
1058 1559 1179 1590 scribit
1203 1559 1399 1600 sepulcrum
1427 1559 1598 1600 Scipionis

890 1609 1047 1641 Linterni
1086 1613 1219 1642 extare.
1251 1609 1463 1642 Mancinello
1495 1614 1598 1647 teste,

892 1660 984 1701 apud
1006 1661 1161 1693 Caietam
1187 1661 1220 1691 in
1238 1670 1425 1692 marmoreo
1441 1661 1600 1701 sepulcro

895 1720 1059 1752 aeneaque
1083 1720 1169 1742 urna
1193 1711 1269 1742 haec
1295 1711 1480 1750 leguntur:
1504 1711 1514 1727 ‘
1530 1710 1601 1741 De-

894 1760 984 1791 victo
1022 1759 1228 1794 Hannibale,
1260 1762 1296 1790 et
1323 1763 1428 1800 capta
1457 1759 1602 1791 Cartha-

893 1809 985 1850 gine,
1016 1813 1052 1840 et
1074 1813 1175 1840 aucto
1198 1808 1363 1849 Imperio,
1388 1808 1447 1839 lios
1468 1808 1602 1840 cineres

893 1870 1061 1892 marmore
1077 1864 1189 1892 tectus
1204 1860 1325 1892 habes:
1350 1860 1414 1891 Cui
1437 1869 1505 1891 non
1529 1860 1600 1891 Eu-

895 1920 991 1952 rope,
1016 1920 1083 1942 non
1112 1910 1250 1942 obstitit
1277 1909 1394 1941 Africa
1418 1909 1602 1951 quondam.

894 1960 1040 2000 Respice
1071 1969 1125 1991 res
1154 1959 1338 1994 hominum,
1361 1968 1461 2000 quam
1486 1958 1600 1991 brevis

893 2019 980 2041 urna
995 2008 1149 2050 premit!

935 2062 976 2091 27
1003 2060 1099 2091 Terra
1114 2059 1255 2100 marique
1269 2059 1372 2090 victus
1389 2059 1503 2099 hostis]
1527 2058 1599 2092 An-

896 2111 1007 2142 tonius
1021 2121 1031 2150 ;
1059 2114 1138 2150 post
1158 2111 1256 2151 cujus
1272 2109 1388 2151 fugam
1404 2110 1437 2141 in
1454 2112 1598 2152 AEgypt-

894 2171 964 2202 um,
993 2162 1170 2194 terrestris
1201 2162 1272 2202 ejus
1309 2161 1482 2193 exercitus
1510 2160 1598 2192 duce

895 2213 1038 2245 Canidio
1055 2213 1096 2244 ad
1113 2213 1258 2253 Augusti
1275 2217 1393 2253 partes
1411 2212 1556 2243 transiit.

937 2263 1059 2294 Punico
1074 2262 1221 2302 Lugubre
1235 2261 1370 2293 mutavit
1383 2262 1510 2302 sug-um]
1556 2260 1598 2292 In

893 2311 1023 2352 siguum
1045 2312 1212 2353 moeroris,
1237 2311 1334 2342 exuit
1356 2321 1473 2351 sagum
1498 2310 1598 2351 puni-

893 2362 959 2401 cei,
974 2361 1138 2399 coccinei,
1149 2361 1328 2402 purpurei,
1341 2361 1438 2392 rubei
1449 2360 1572 2392 coloris
1585 2370 1595 2398 ;

891 2410 1070 2453 induitque
1084 2410 1177 2442 aliud
1191 2410 1334 2451 pullum,
1358 2415 1484 2449 atrum,
1498 2409 1594 2448 lugu-

892 2459 964 2492 bre.
986 2462 995 2479 ‘
1012 2459 1233 2492 Pboeniceus'
1262 2469 1321 2490 seu
1348 2457 1515 2498 puniceus
1540 2465 1596 2487 co·

890 2509 944 2540 lor
981 2509 991 2526 ‘
1016 2508 1273 2540 exuberantiam
1311 2505 1595 2546 splendoremque

891 2558 1062 2599 significat
1089 2556 1247 2594 ruboris‚’
1273 2554 1383 2595 inquit
1400 2553 1534 2585 Gellius
1550 2563 1594 2587 11.

890 2610 944 2638 26.
987 2607 1113 2646 Sagum
1126 2604 1232 2636 vestis
1246 2607 1320 2634 erat
1336 2603 1370 2633 in
1386 2602 1475 2634 bello
1487 2603 1593 2635 usita-

892 2660 940 2695 ta,
955 2655 1111 2691 brevior;
1129 2653 1280 2684 subnexa
1299 2661 1360 2692 per
1372 2650 1511 2683 fibulam
1527 2652 1594 2683 cir-

890 2714 932 2736 ca
957 2705 1114 2735 dextrum
1140 2702 1326 2733 humerum.
1372 2700 1441 2732 Alii
1472 2702 1593 2734 volunt

890 2764 1008 2795 sagum
1034 2752 1192 2784 habuisse
1214 2751 1365 2782 manicas
1382 2751 1488 2782 instar
1502 2752 1592 2783 tuni-

891 2813 953 2836 cae.
999 2803 1090 2835 Gall.
1113 2803 1274 2843 hoqueton.
1320 2801 1405 2833 Erat
1421 2809 1523 2841 porro
1534 2810 1591 2832 co-
