1904 3256
606 286 883 327 sannionum
919 295 1015 327 ΜΒ.
1049 296 1078 326 ι.
1109 285 1149 326 1.
1501 285 1586 327 771

137 383 380 433 Dimoveat
397 390 536 439 lucro,
557 402 698 443 neque
717 390 886 444 hyems,
908 389 1038 443 ignis,
1058 402 1192 439 mare,
1213 388 1369 430 serrum
1386 401 1396 439 3

137 458 219 513 Nil
239 458 389 499 obstet
407 456 504 505 tibi,
519 455 623 497 dum
644 470 698 498 ne
718 457 779 498 sit
798 461 842 498 te
863 456 996 498 ditior
1011 457 1132 498 altor.

137 525 259 577 Quid
273 525 403 580 juvat
421 524 683 565 immensum
704 527 746 565 te
766 524 935 577 argenti
957 522 1130 578 pondus
1152 526 1197 563 et
1218 523 1310 564 auri

136 592 304 636 Furtim
319 591 500 633 defossa
515 591 718 632 timidum
739 591 958 645 deponere
977 591 1120 633 terra?
1318 642 1320 644 ,

137 659 174 709 ἹῙ
193 658 343 711 Quod,
365 659 404 700 si
426 657 713 708 comminuas,
735 658 869 699 vilem
890 658 1107 711 redigatur
1127 656 1183 698 ad
1205 669 1376 698 assem.-

135 726 172 776 ΊῘ
197 725 255 778 At
272 726 318 768 ni
337 725 383 767 id
402 726 466 775 fit,
482 724 588 779 quid
609 725 740 766 habet
761 725 936 779 pulchri
957 728 1238 766 constructus
1257 726 1472 767 acervus?

137 793 283 835 Millia
301 794 502 835 frumenti
518 797 598 833 tua
619 792 788 833 triverit
809 805 914 834 area
933 797 1125 841 centum,

134 859 244 902 Non
263 863 366 911 tuus
387 860 471 901 hoc
495 859 647 913 capiet
665 863 815 900 venter
835 859 938 912 plus
958 871 1090 913 quam
1111 872 1260 900 meus:
1291 863 1356 908 ut,
1378 860 1418 901 si

1532 456 1588 496 40

1531 795 1589 835 45

132 992 214 1026 rum,
237 995 257 1016 a
279 989 400 1026 questu
422 987 570 1018 deterret.
619 985 712 1016 Nihil
727 987 758 1015 te
773 987 962 1015 remoratur.
1006 983 1103 1014 Modo
1119 987 1153 1014 ut
1168 984 1248 1014 alius
1263 993 1349 1015 nemo
1364 986 1394 1013 te
1408 981 1589 1022 locupletior

132 1027 263 1059 existat.
309 1028 394 1064 Quia
408 1038 480 1059 vero
501 1028 627 1069 prodest
651 1027 712 1059 tibi
736 1026 895 1066 ingentem
919 1026 989 1056 auri
1011 1026 1060 1056 vel
1083 1026 1207 1065 argenti
1230 1035 1379 1056 summum
1397 1026 1488 1056 humo
1510 1024 1589 1054 clam

132 1073 238 1109 egesta
253 1071 418 1110 occultare,
432 1081 494 1102 non
516 1070 584 1101 sine
601 1068 710 1102 metu?
754 1069 948 1109 Respondes:
975 1069 1017 1099 At
1032 1069 1061 1099 si
1075 1068 1260 1099 detrahatur
1273 1067 1443 1108 quidpiam,
1464 1065 1590 1104 redige-

132 1114 188 1142 tur
200 1121 328 1144 acervus
343 1113 384 1144 ad
396 1122 528 1153 parvum
544 1110 653 1143 assem.
700 1112 826 1151 Repono
846 1120 902 1150 ego
914 1122 924 1141 .·
947 1110 1048 1151 Atqui
1062 1111 1123 1142 nisi
1138 1111 1215 1142 illud
1229 1111 1349 1150 agitur,
1360 1110 1431 1150 quid
1442 1107 1589 1150 praecwri

133 1151 224 1186 babet
238 1155 375 1186 monulus
398 1153 587 1193 congestus?
631 1154 706 1184 Etsi
726 1163 800 1184 urea
825 1156 879 1184 tua
901 1153 1084 1184 contriverit
1109 1153 1223 1184 centies
1243 1154 1327 1184 mille
1342 1152 1445 1183 tritici
1459 1150 1589 1187 modios,

132 1199 193 1226 non
202 1200 366 1238 propterea
378 1200 486 1228 tenter
498 1200 571 1228 tuus
580 1197 650 1237 plus
663 1195 823 1227 devorabit
836 1205 930 1236 quam
941 1205 1049 1227 meus.-
1071 1196 1151 1227 sicut
1166 1197 1195 1226 si
1210 1205 1368 1227 servorum
1382 1203 1460 1226 unus
1473 1197 1508 1225 tu
1521 1202 1588 1224 sac-

740 1291 898 1303 ΟΝΝΝΟ
901 1291 938 1302 'O
941 1290 978 1302 Ν

133 1354 256 1395 capiens
271 1353 368 1385 Harl.
384 1358 412 1385 l.
428 1357 460 1386 2.
476 1357 508 1386 7.
534 1365 651 1387 omnes
668 1356 868 1397 Cruquiani,
885 1361 953 1388 tres
978 1356 1135 1386 Torrent.
1153 1355 1283 1396 aliquot
1300 1354 1466 1393 Lambini,
1481 1354 1588 1384 Bent-

133 1395 189 1426 leii
213 1394 310 1428 Leid.
325 1395 442 1428 Graev.
454 1401 489 1427 et
507 1397 627 1436 Regin.
635 1397 752 1428 'codex
766 1407 820 1437 ap.
846 1399 928 1428 Bos.
943 1396 1058 1428 Anim.
1074 1407 1108 1437 p.
1123 1400 1176 1428 56.
1199 1407 1276 1427 cum
1293 1396 1372 1427 edd.
1391 1396 1501 1436 prima
1519 1405 1590 1427 om·

131 1437 224 1468 nium
246 1437 364 1469 Zarot.
389 1437 438 1468 H.
456 1438 577 1478 Steph.
598 1439 717 1470 Lamb.
740 1439 845 1480 Cruq.
871 1439 1000 1479 Delph.
1026 1439 1143 1469 Bentl.
1169 1439 1314 1477 Cuuing·
1338 1437 1463 1469 sanad.
1485 1437 1589 1470 Baxt.

131 1477 241 1510 Gesn.
257 1478 366 1510 Zeun.
381 1478 532 1520 Towers,
549 1480 704 1520 Francis,
719 1481 859 1520 Bipont.
883 1479 1068 1516 Heindorf.
1091 1480 1234 1511 Wetzel.
1249 1479 1388 1511 Wakef.
1414 1479 1535 1511 Comb.
1551 1485 1588 1511 et

128 1518 236 1552 Kidd.
281 1519 361 1553 Vid.
377 1519 531 1553 Gronov.
547 1521 590 1553 ad
606 1522 727 1554 Senec.
741 1523 882 1564 Thyest.
895 1525 972 1554 470.
1004 1522 1045 1558 Q.
1070 1522 1211 1562 potieris,
1229 1531 1259 1554 v.
1283 1523 1408 1562 potiens
1433 1521 1587 1553 Florent-

128 1564 224 1594 1482.
246 1562 371 1594 Venet.
388 1564 483 1596 1486.
506 1567 542 1596 et
566 1565 793 1597 Lucium—39
817 1565 989 1596 Demoveat
1016 1574 1133 1599 omnes
1162 1564 1262 1596 codd.
1289 1564 1430 1606 Cruquii
1459 1569 1587 1604 praeter

126 1613 244 1642 unum,
260 1605 362 1638 etita
376 1605 455 1637 edd.
481 1606 601 1639 Lamb.
626 1607 731 1648 Crnq.
746 1608 908 1639 Torrent.
933 1607 1052 1639 Heius.
1076 1607 1117 1638 R.
1136 1607 1254 1647 steph.
1277 1606 1451 1638 Schrevel.
1474 1606 1587 1638 Bond.

127 1646 256 1688 Delph.
274 1647 441 1688 Duuster,
460 1649 574 1680 Bentl.
590 1649 714 1682 Sanad.
735 1651 885 1688 Towers,
904 1649 1058 1685 Francis,
1077 1648 1262 1688 Heindorf,
1281 1649 1424 1680 Wetzel.
1448 1648 1586 1679 Wakef.

127 1693 166 1722 et
180 1689 288 1722 Kidd.
334 1690 502 1722 Dimoveat
518 1691 616 1723 Harl.
632 1695 664 1723 l.
679 1694 711 1723 2.
727 1694 758 1723 3.
774 1694 806 1723 4.
822 1695 854 1722 6.
869 1695 902 1724 7.
924 1692 1028 1723 Mart.
1054 1691 1208 1732 Cruquii,
1234 1695 1269 1722 et
1292 1690 1371 1721 edd.
1397 1695 1481 1721 vett.
1508 1700 1585 1721 cum

128 1731 232 1765 Baxt.
259 1732 365 1764 Gesn.
389 1733 498 1764 Zeun.
525 1734 665 1774 Bipont.
692 1739 727 1765 et
755 1734 874 1765 Comb.
906 1743 962 1764 nec
985 1734 1083 1765 hiems
1106 1733 1222 1764 Bentl.
1250 1732 1373 1764 Sanad.
1401 1731 1586 1771 Heindorf,

127 1773 280 1815 Tovem,
294 1780 330 1807 et
346 1775 541 1807 Kidd.—43
564 1776 610 1808 At
632 1777 695 1807 nisi
717 1776 905 1808 comminuas
928 1775 1027 1807 Harl.
1050 1779 1082 1807 3.
1129 1776 1211 1806 Nam
1236 1775 1265 1806 si
1287 1775 1475 1806 comminuas
1500 1784 1584 1804 unns

127 1813 221 1850 Han.
243 1818 277 1849 in
291 1827 389 1849 assem
405 1817 514 1850 codex
531 1818 943 1855 &ammuh—nmilia
960 1817 1062 1849 codd.
1080 1815 1322 1859 C‘ruquii.—‹16
1342 1817 1412 1848 Non
1427 1821 1500 1848 tuus
1513 1817 1586 1848 hinc

127 1861 229 1902 cupiet
244 1861 299 1892 ed.
318 1860 479 1894 Glarean.
496 1870 550 1902 ap.
570 1861 678 1892 Zeun.
725 1865 733 1879 ⁴
748 1861 929 1893 Editiones
945 1860 1084 1902 quidem
1106 1865 1243 1892 veteres
1262 1860 1333 1900 plus
1347 1869 1439 1900 quam
1453 1869 1537 1891 meus
1552 1860 1585 1890 in

782 1956 926 1988 NOTAE

882 2033 954 2063 lent
971 2031 1064 2063 avari
1088 2030 1206 2063 sordes
1223 2040 1302 2061 suas
1319 2029 1490 2061 obvelare.
1535 2029 1584 2060 At

883 2082 910 2113 si
927 2082 969 2113 de
985 2090 1108 2113 acervo
1124 2080 1304 2112 detraham
1330 2079 1457 2121 aliquid
1478 2080 1583 2110 inter-

130 2039 198 2072 qno
213 2029 350 2062 divitias
365 2031 439 2062 haec
461 2041 522 2072 per
537 2037 709 2063 tormenta
733 2040 828 2063 coac-

129 2080 203 2111 tu?
248 2080 332 2112 Cum
355 2079 450 2111 furor
477 2080 567 2112 haud
593 2081 727 2120 dubius,
751 2090 828 2112 cum

129 2129 176 2161 sit
197 2127 377 2161 manifesta
401 2130 587 2170 phrenesis,
608 2129 658 2160 Ut
678 2130 829 2170 locuples

129 2179 295 2219 moriaris,
308 2179 425 2220 egenti
441 2179 556 2211 vivere
572 2178 670 2211 fato?
693 2179 830 2211 Interea

128 2229 232 2270 pleno
248 2239 324 2261 cnm
341 2234 456 2271 turget
477 2230 631 2262 sacculus
644 2239 715 2266 ore,
733 2229 829 2262 Cres-

128 2280 178 2312 cit
204 2288 298 2311 amor
321 2280 459 2319 nummi,
486 2285 650 2322 quantum
675 2280 749 2321 ipsa
771 2290 829 2322 pe-

127 2330 228 2362 cunia
254 2331 400 2362 crescit:
429 2331 470 2362 Et
493 2331 601 2362 minus
623 2332 710 2362 hanc
730 2336 828 2372 optat

129 2380 269 2422 quinon
299 2379 424 2412 habet!
473 2381 661 2422 Theognis,
683 2382 830 2413 Πλούτου

125 2430 168 2472 δ’,
190 2431 310 2473 iuquit,
331 2431 419 2463 οὐδὲν
439 2431 549 2474 τέρμα,
571 2443 601 2463 κ.
618 2443 649 2462 τ.
668 2438 702 2463 λ.
747 2431 827 2474 Χρή-

128 2483 300 2520 ματιτοῗς
332 2484 453 2520 θνητοῖς
482 2482 627 2522 ’γίγνεται
658 2481 828 2524 ἀφροσύνη.

131 2531 327 2564 momorum
351 2533 452 2565 nullus
472 2533 554 2574 finis
567 2537 614 2564 est
637 2533 828 2564 hominibus:

134 2578 357 2621 &plurimu
380 2582 505 2623 habent,
529 2585 621 2624 duplo
643 2593 695 2615 eas
713 2592 828 2622 augere

131 2632 292 2662 em.
337 2631 417 2668 Quis
434 2633 623 2664 saturaverit
638 2642 689 2663 eos
701 2634 827 2662 omnes?

136 2675 219 2717 θρα
227 2677 346 2718 quidem
355 2681 538 2713 mortalibus
551 2685 625 2714 simi
635 2681 784 2713 amentia.

176 2726 218 2758 4³
243 2726 344 2764 Quod,
370 2730 399 2760 si
423 2731 621 2771 comminuas,
646 2730 715 2772 Cym]
749 2730 826 2763 Jam

133 2783 196 2816 per
217 2777 438 2817 multiplicem
459 2781 634 2821 prolepsin
661 2780 761 2812 diluit
786 2789 827 2812 ac

134 2824 273 2857 discutit
290 2827 398 2858 varios
413 2834 615 2867 praetextus,
638 2830 759 2870 quibus
776 2839 829 2861 so-

883 2131 963 2163 dum
976 2141 1016 2163 ac
1033 2140 1139 2172 saepe,
1154 2131 1265 2171 inquit
1280 2130 1337 2160 ille
1355 2138 1490 2168 avarus,
1506 2128 1582 2159 bre⁴

884 2182 914 2212 vi
931 2182 973 2214 ad
989 2192 1088 2213 {inum
1107 2190 1215 2213 assem
1227 2189 1370 2212 acervus
1384 2179 1560 2219 redigatur
1572 2189 1582 2209 :

882 2242 946 2273 ego
963 2242 1043 2264 vero
1061 2241 1138 2263 mox
1154 2234 1310 2272 egestate
1325 2228 1561 2261 conflictabor.

925 2284 967 2312 44
989 2282 1036 2313 At
1063 2282 1097 2312 ni
1124 2281 1159 2312 id
1177 2280 1236 2322 fit,
1265 2279 1337 2321 asa]
1386 2278 1584 2319 Respondet

884 2330 1016 2362 Poe'ta:
1042 2331 1090 2362 At
1116 2330 1182 2362 nisi
1209 2330 1316 2361 utaris
1340 2330 1485 2370 pecnnia
1514 2334 1583 2367 tua,

883 2381 964 2422 qnid
980 2390 1023 2412 ex
1038 2390 1078 2412 ea
1091 2380 1222 2421 pulchri
1235 2378 1366 2411 facies?
1411 2378 1501 2411 Quid
1514 2379 1582 2408 erit

883 2431 1118 2463 absconditum
1134 2440 1252 2462 aurum
1262 2434 1298 2460 et
1310 2427 1509 2469 argentum?
1540 2436 1582 2458 n.

883 2480 952 2512 Od.
970 2484 1002 2512 2.
1021 2484 1053 2512 1.
1073 2482 1083 2499 ⁴
1101 2480 1222 2512 Nullus
1247 2483 1390 2519 argento
1413 2477 1506 2507 color
1529 2480 1596 2507 est·

883 2531 994 2562 avaris
1017 2529 1146 2561 Abdito
1168 2528 1282 2567 terris,
1301 2526 1434 2557 inimice
1459 2525 1580 2556 lamnae

882 2580 1002 2620 Crispe
1018 2579 1171 2618 Sallusti,
1182 2577 1244 2608 nisi
1258 2581 1450 2616 temperato
1460 2575 1581 2616 Splen-

882 2629 964 2660 deat
977 2628 1063 2660 usu.'

923 2680 964 2709 4⁵
992 2677 1097 2708 Miltia
1115 2676 1286 2715 frumenti,
1311 2674 1382 2716 ξω]
1413 2674 1486 2707 Etsi
1507 2676 1580 2716 agri

882 2728 944 2760 tibi
960 2727 1108 2759 reddant
1121 2725 1285 2758 frumenti
1298 2725 1485 2757 modiorum
1502 2735 1580 2757 cen-

883 2784 964 2810 tena
979 2777 1096 2817 millia,
1120 2786 1186 2808 non
1208 2776 1287 2808 ideo
1309 2776 1385 2817 plns
1401 2775 1580 2807 devorabis

883 2838 983 2870 quam
997 2836 1058 2868 ego
1073 2827 1129 2868 qui
1147 2835 1256 2868 pauca
1272 2825 1439 2867 possideo.
