1904 3256
652 283 839 315 EPODoN
874 283 1037 314 LIBER.

1482 271 1569 313 703

284 383 358 424 Ad
378 395 465 424 non
487 382 655 423 amicos
675 382 778 433 (heu
792 378 825 435 Ξ)
844 380 951 422 mihi
970 382 1139 434 posteS,
1157 380 1202 420 et
1219 376 1323 434 (heu
1337 376 1370 431 Ξ)

341 450 516 491 Limina
534 449 657 499 dura,
678 449 841 502 quibus
860 448 1034 490 lumbos
1058 450 1103 488 et
1122 445 1278 499 infregi
1295 446 1431 487 latus.

283 514 436 565 Nunc,
456 514 688 568 gloriantis
710 515 953 568 quamlibet
970 512 1272 554 mulierculam

339 579 532 622 Vincere
551 580 754 630 mollitia,
776 593 900 622 amor
919 579 1100 634 Lycisci
1119 592 1190 620 me
1211 582 1352 630 tenet;

279 645 412 688 Unde
434 645 645 701 expedire
665 660 753 688 non
775 647 1013 688 amicorum
1034 650 1197 700 queant

1507 645 1567 686 25

338 713 500 754 Libera
520 713 720 763 consilia,
741 726 820 754 nec
842 712 1119 754 contumeliae
1142 723 1324 764 graves;

284 777 374 820 Sed
394 779 508 820 alius
529 778 659 821 ardor
680 784 756 821 aut
775 780 935 834 puellae
956 779 1177 829 candidae,

338 843 433 887 Aut
452 846 599 887 teretis
620 847 761 900 pueri,
782 846 958 898 longam
977 844 1234 887 renodantis
1254 858 1436 887 comam.

111 964 205 996 ciendi
228 964 263 995 in
286 965 368 996 πᾶσι
390 974 486 1004 meas,
505 964 596 996 dubio
615 973 727 1003 gressu
741 964 822 995 ibam
838 965 879 995 ad
891 964 982 1002 soree
996 964 1072 996 eheu
1087 963 1165 996 mihi
1186 975 1246 997 non
1264 965 1428 1006 propitias,
1442 968 1474 997 et
1488 966 1568 996 dura

110 1007 187 1038 eheu
201 1006 364 1047 vestibula,
375 1006 410 1038 in
423 1006 534 1048 quibua
552 1009 624 1047 rupi
638 1007 755 1038 lumbos
769 1010 801 1038 et
815 1008 909 1038 latus.
952 1007 1030 1037 Jum
1043 1016 1091 1038 me
1104 1011 1228 1047 occupat
1251 1017 1337 1038 umor
1350 1007 1475 1048 Lycisci
1497 1009 1568 1047 glo-

109 1047 226 1080 dantis
239 1055 358 1080 omnem
372 1048 537 1087 foemt‘vmm
559 1059 705 1089 superare
728 1049 880 1080 mollitia.-
902 1058 959 1089 quo
982 1058 1030 1080 me
1050 1051 1206 1081 exsolvere
1229 1059 1290 1081 non
1309 1050 1431 1090 possint
1447 1050 1569 1081 sincera

111 1091 279 1122 eaucerem
293 1091 411 1122 monita
425 1091 474 1122 vel
495 1091 726 1130 objurgationes
739 1091 857 1122 αισι-1η
865 1101 878 1128 ;
900 1092 953 1122 sed
974 1094 1096 1122 tantum
1110 1092 1193 1123 alius
1207 1102 1306 1132 umor,
1318 1092 1383 1124 eive
1397 1093 1568 1124 adolescen-

111 1133 186 1164 ΜΦ
198 1133 356 1174 speciose,
369 1133 433 1165 eive
447 1134 607 1165 rotunduti
625 1134 718 1174 pueri
734 1133 878 1173 prolixos
891 1133 1019 1173 capillos
1032 1135 1112 1165 nodo
1127 1134 1314 1175 colligentis.

720 1226 838 1242 000000
841 1226 958 1240 ‘moe

113 1292 292 1341 ”ing-*22
314 1292 458 1332 Cuuing.
474 1292 649 1334 lumbosque
674 1297 706 1325 et
727 1294 943 1333 infregi—24
973 1294 1104 1326 Vincere
1127 1294 1259 1326 mollitie
1281 1294 1397 1343 Bentl.
1421 1304 1440 1326 e
1466 1295 1567 1327 codd.

112 1333 246 1366 Zalich.
261 1339 299 1365 et
313 1344 334 1366 a
347 1343 392 1366 m.
409 1343 460 1375 pr.
476 1335 678 1367 Onam—28
702 1337 787 1368 Exc.
802 1337 883 1368 Sax.
898 1340 934 1368 et
947 1336 1050 1369 Bodl.
1066 1337 1160 1376 longa
1174 1337 1344 1368 ren-‘deum
1358 1346 1443 1368 com
1454 1348 1468 1374 ;
1490 1338 1568 1369 Flo·

112 1380 203 1408 rent.
215 1377 310 1408 1482.
331 1377 458 1416 longum
470 1377 643 1408 renidentis
656 1387 784 1409 comam.

766 1459 908 1492 NOTAE

110 1520 200 1561 frui;
223 1525 344 1554 contra
357 1521 472 1553 subito
493 1521 660 1554 redeunte
686 1526 723 1554 et
740 1526 810 1555 tra·

109 1571 212 1603 hente
239 1580 352 1603 amore
375 1570 537 1611 Inachiae,
554 1571 597 1602 ad
618 1571 692 1612 ejus
716 1572 809 1604 aedes

108 1619 259 1652 ferebar·
297 1620 426 1652 Tibull.
457 1629 498 1651 11.
524 1623 557 1652 6.
586 1622 638 1651 13.
661 1620 810 1653 ‘Juravi

109 1669 241 1711 quoties
278 1669 468 1702 rediturum
498 1669 540 1701 ad
570 1669 691 1702 limina
721 1679 808 1701 nun-

109 1720 234 1761 quam?
255 1719 340 1752 Cum
364 1719 452 1751 bene
473 1719 600 1760 juravi,
615 1729 678 1761 pes
695 1724 809 1753 tamen

109 1769 187 1811 ipse
202 1768 319 1802 redit!

149 1821 194 1851 22
205 1819 332 1852 Matina
345 1820 442 1861 dura]
462 1819 528 1851 Vel
544 1823 688 1861 propter
701 1819 810 1850 immi-

109 1871 178 1900 tem
192 1868 377 1910 dominam,
392 1869 447 1902 vel
463 1868 577 1910 potins
599 1868 691 1911 quod
712 1868 748 1899 in
769 1867 811 1899 iis

103 1917 224 1958 jacens
238 1923 515 1960 pernoctansque
526 1919 658 1950 lumboa
672 1921 709 1949 et
720 1918 811 1949 latus

109 1966 318 2009 infregerat:
348 1978 391 2000 ex
419 1978 513 2001 more
543 1968 742 2009 amantium,
767 1966 810 2000 de

110 2025 176 2058 quo
197 2015 273 2050 fuae
299 2027 358 2051 111.
375 2017 445 2051 Od.
467 2021 520 2050 1⁰.
543 2018 647 2050 Ovid.
665 2017 809 2050 Remed.

110 2064 229 2099 Amor.
244 2069 319 2099 508.
333 2067 344 2085 ‘
360 2068 436 2100 Nec
449 2069 538 2100 latus
547 2068 582 2099 in
594 2067 681 2099 duro
693 2067 810 2100 limine

111 2123 203 2155 pone
217 2115 336 2147 tuum!

153 2166 196 2196 2³
209 2165 431 2198 Muliercutam
441 2166 572 2198 Vincere
581 2166 728 2207 mollitia]
744 2166 810 2198 Lu-

111 2213 175 2245 dus
189 2215 296 2247 estin
312 2224 394 2247 voce
407 2216 418 2233 ‘
430 2215 577 2256 mulier,'
592 2215 689 2257 quasi
704 2217 715 2234 ‘
726 2216 811 2247 mol-

110 2263 193 2296 lier’
215 2274 236 2296 a
257 2265 400 2296 mollitie
416 2265 521 2297 dicta.
549 2265 674 2297 Isidor.
690 2274 741 2297 x1.
758 2268 810 2297 ll.

111 2313 286 2346 Proeclare
311 2315 436 2347 Petrus
462 2315 635 2347 Blesensis
656 2315 764 2348 Serm.
783 2324 810 2347 ι.

111 2361 147 2394 in
162 2361 312 2396 Advent.
347 2363 548 2405 Angelicam
570 2365 810 2396 salutationem

112 2412 306 2454 explicans:
322 2413 334 2432 ‘
345 2413 421 2446 Ave
435 2415 618 2447 benedicta
631 2415 723 2446 inter
737 2424 810 2446 mu·

111 2460 240 2502 lieree,'
263 2462 386 2506 inquit,
407 2464 469 2496 ‘id
491 2470 559 2506 est,
573 2465 647 2497 sola
669 2464 810 2496 robusta

113 2509 204 2542 inter
217 2513 359 2546 moues!

156 2561 199 2591 ffl
230 2556 345 2595 Libera
374 2564 519 2606 eoncilia]
568 2564 688 2597 Amice
716 2564 807 2605 data,

864 1522 991 1565 absque
1014 1523 1084 1556 ulla
1106 1523 1315 1565 adulatione,
1331 1525 1386 1556 vel
1407 1523 1569 1558 offensio-

862 1573 915 1605 nis
930 1578 1037 1608 metu.

908 1618 1114 1656 emmeliae
1135 1625 1265 1666 graves]
1295 1624 1437 1657 Jactata
1458 1634 1568 1656 acom-

863 1677 956 1704 mata
990 1674 1032 1705 ab
1061 1674 1178 1705 amicis
1208 1674 1451 1714 objicientibus
1485 1674 1568 1705 mihi

864 1732 1013 1755 amorem
1027 1723 1241 1764 probrosum.
1289 1723 1359 1754 Alii
1373 1723 1568 1764 explicant:

864 1772 1007 1813 Injuriae
1038 1772 1081 1804 ab
1120 1772 1268 1814 Lycisco
1297 1772 1353 1803 vel
1384 1773 1567 1804 meretrice

864 1823 1020 1864 qualibet
1035 1822 1195 1863 irrogatae
1209 1832 1218 1853 ε
1243 1821 1353 1853 minus
1369 1821 1412 1853 ad
1429 1831 1513 1863 rem,
1528 1825 1567 1853 ut

864 1873 945 1904 mihi
961 1872 1099 1914 quidem
1116 1872 1263 1903 videtur.

906 1925 948 1955 2⁷
972 1922 1036 1954 Sed
1050 1922 1133 1954 alius
1147 1923 1253 1962 ardor,
1266 1921 1337 1963 em]
1364 1921 1438 1953 Cic.
1462 1921 1565 1953 Tusc.

864 1980 915 2004 ιν.
931 1981 966 2003 ιι.
981 1974 1036 2004 74.
1052 1972 1062 1990 ‘
1078 1971 1192 2003 Etiam
1209 1980 1297 2002 novo
1313 1970 1458 2012 quodam
1474 1980 1565 2002 amo-

863 2030 901 2053 re
928 2025 1082 2053 veterem
1106 2029 1255 2053 amorem
1280 2025 1442 2062 tanquam
1469 2020 1567 2052 clavo

862 2071 996 2103 clavum
1022 2070 1226 2111 ejiciendum
1255 2070 1404 2112 putant!
1461 2070 1565 2102 ovid.

863 2119 1009 2152 Remed.
1021 2119 1139 2152 Amor.
1150 2122 1228 2153 462.
1239 2120 1250 2137 ‘
1263 2121 1465 2152 Successore
1476 2129 1565 2152 novo

863 2169 995 2201 tollitur
1010 2170 1118 2201 omnis
1133 2168 1252 2202 amor-³

905 2221 948 2250 28
964 2219 1101 2260 Ter-etis]
1142 2219 1310 2251 Habentis
1325 2220 1478 2254 membra
1492 2230 1566 2253 suc-

864 2268 896 2300 ci
911 2269 1024 2310 plena,
1039 2269 1160 2305 solida,
1175 2269 1295 2310 polita,
1310 2269 1459 2302 obesnla.

904 2318 1048 2358 Longam
1061 2319 1244 2350 renodantis
1255 2319 1388 2360 comum]
1404 2319 1566 2352 Catamiti

863 2367 913 2398 illi
927 2377 986 2399 seu
1001 2368 1100 2409 pueri
1116 2368 1282 2400 meritorii
1298 2370 1441 2410 capillos
1458 2370 1567 2400 instar

862 2416 1041 2449 mulierum
1062 2418 1214 2457 alebant,
1230 2423 1266 2450 et
1280 2418 1314 2449 in
1331 2418 1455 2449 nodum
1471 2418 1565 2448 colli-

862 2465 1002 2505 gebant.
1040 2466 1132 2498 Vide
1148 2475 1189 2499 ιι.
1204 2467 1272 2499 Od.
1287 2470 1320 2499 5.
1342 2467 1379 2498 in
1401 2465 1479 2497 fine.
1517 2465 1564 2496 Et

862 2523 913 2546 ιν.
930 2515 998 2549 od.
1015 2518 1067 2548 1⁰.
