1890 3256
352 311 462 352 1148
813 323 855 359 Q.
887 321 1088 352 HORATu
1122 322 1291 351 rLAccr

354 413 417 454 Ut
435 414 589 453 vinosa
609 413 772 464 glomos
791 412 958 452 furtivae
979 412 1157 466 Pyrrhia
1174 414 1303 463 lanae,

354 479 417 519 Ut
436 491 531 518 eum
551 477 712 529 pileolo
734 477 879 517 soleas
900 477 1085 518 conviva
1106 478 1286 518 tribulis.

355 544 425 583 Ne
445 543 572 595 vulgo
593 555 736 582 narres
756 546 795 582 te
816 543 1042 583 sudavisse
1061 543 1233 584 ferendo

354 607 567 655 Carmina,
587 619 682 658 quae
702 607 871 658 possint
892 607 1046 648 oculos
1067 621 1279 662 auresque
1300 611 1454 651 morari

355 671 544 713 Caesaris
562 685 572 711 :
605 675 751 711 oratus
772 672 906 712 multa
923 685 1070 724 prece,
1089 674 1220 714 nitere
1241 687 1380 726 porro.

353 738 498 785 Vade,
519 736 632 786 vale,
654 749 760 777 cave
781 749 834 777 ne
854 737 1030 788 titubes,
1049 739 1336 792 mandataque
1355 739 1542 793 frangas,

1712 480 1767 521 15

354 863 416 893 ras,
431 858 465 885 ut
480 856 614 893 agrestis
626 865 761 894 agnum;
782 859 817 887 ut
832 856 929 896 bibax,
940 857 1076 898 Pyrrhia
1095 858 1261 897 sphoerulos
1273 859 1350 888 lanoe
1357 857 1447 896 furto
1460 858 1580 898 ablata,
1593 862 1628 889 ut
1637 857 1770 898 plebeius

354 896 480 926 conviva
495 898 590 927 soleas
604 907 639 927 ιιι·
651 899 775 936 pileum.
817 898 974 928 Praeteren
989 908 1026 929 ne
1040 898 1125 929 obvio
1139 899 1244 938 cuique
1262 899 1397 939 offatim,
1417 903 1447 930 te
1467 910 1576 938 magno
1588 899 1688 931 labore
1699 908 1770 938 por-

356 940 435 967 tasse
448 938 582 968 carmina
596 940 695 969 ocutos
715 942 745 969 et
767 948 856 970 aures
870 939 1005 977 Aogaaeei
1026 940 1176 971 oblectare
1190 941 1307 971 idoneo.
1351 941 1459 971 Etiam
1472 945 1562 981 atque
1576 942 1670 972 etiam
1681 950 1771 980 roga·

355 981 405 1008 tus
414 988 508 1018 perge
522 980 614 1010 ultra.
658 979 720 1015 Ito,
733 981 800 1010 vale
811 991 821 1011 .·
842 990 880 1011 ne
895 981 1029 1020 vacilles,
1043 984 1097 1011 aut
1109 984 1327 1020 proeceptorum
1340 983 1499 1022 quicquam
1510 982 1741 1022 proetermittos.

950 1070 1186 1083 Nooeeemeo

357 1131 532 1164 κίοι-13
557 1134 729 1166 Fasciculus
754 1144 836 1166 unus
856 1135 1018 1166 Van—14
1046 1136 1089 1167 Ut
1102 1136 1208 1167 vinosa
1227 1136 1344 1174 glomus
1368 1134 1465 1167 Gott.
1487 1135 1572 1167 Exc.
1591 1135 1670 1167 Sax.
1692 1134 1774 1167 Vat.

357 1175 454 1206 Rom.
470 1178 502 1206 5.
524 1184 543 1205 a
559 1184 601 1206 m.
618 1185 669 1215 pr.
686 1186 769 1207 unus
783 1186 836 1216 ap.
850 1177 952 1217 Cruq.
969 1177 1024 1208 alii
1041 1187 1094 1218 ap.
1108 1178 1221 1208 Bentl.
1236 1178 1315 1208 item
1331 1176 1408 1208 edd.
1421 1177 1517 1209 Junt.
1535 1179 1627 1209 1503.
1650 1175 1773 1207 Vener.

358 1218 453 1246 1509.
475 1216 588 1247 Bentl.
611 1217 706 1257 Traj.
733 1218 775 1248 ad
802 1219 910 1249 Rhen.
939 1221 1030 1250 1713.
1065 1218 1206 1260 Cuning.
1232 1218 1352 1250 Sanad.
1371 1219 1458 1250 Phil.
1474 1217 1776 1258 Dorigh.F1-ancis.

361 1256 490 1287 Wakef.
509 1258 646 1291 Wetzel.
668 1259 769 1290 Kidd.
785 1260 866 1296 Fen,
882 1260 1004 1298 Bothe,
1019 1264 1054 1291 et
1069 1260 1187 1292 Jaeck.
1221 1261 1232 1278 ‘
1246 1260 1432 1299 Neutrum3
1447 1263 1483 1290 et
1497 1260 1623 1290 rectius
1638 1267 1775 1290 numero

359 1298 529 1338 singulari.
574 1299 628 1330 ΑΙ.
647 1302 774 1340 glomos,
791 1301 908 1339 globos,
924 1311 966 1332 ex
982 1302 1179 1341 glossemate
1203 1300 1308 1341 puto.’
1329 1301 1404 1332 Fea.
1449 1301 1546 1332 Harl.
1561 1303 1594 1332 2.
1609 1303 1640 1332 6.
1661 1299 1775 1339 globos.

359 1339 455 1371 Harl.
471 1342 500 1370 1.
517 1343 548 1371 3.
562 1343 593 1372 4.
607 1344 635 1372 7.
659 1351 771 1372 omnes
795 1342 912 1374 Lamb.
939 1347 1007 1373 tres
1031 1343 1176 1375 Blandd.
1199 1343 1305 1374 Mart.
1330 1342 1409 1374 Div.
1435 1346 1472 1373 et
1495 1342 1575 1373 Silv.
1599 1341 1699 1381 Crnq.
1721 1341 1776 1371 alii

360 1380 454 1411 codd.
475 1383 721 1422 quamplurimi,
737 1389 773 1414 et
796 1385 908 1424 vulgg.
927 1385 1054 1422 glomos.
1099 1385 1192 1415 Unus
1209 1383 1351 1415 Fabricii
1369 1384 1580 1422 glomen.-—15
1597 1382 1778 1424 Bamberg.

355 1422 476 1461 pilleolo
491 1423 709 1455 tribalia—16
726 1426 791 1455 Nec
805 1426 895 1464 vulgo
910 1426 990 1456 Vat.
1005 1426 1099 1456 Rom.
1113 1429 1145 1456 8.
1169 1425 1314 1456 Cliisian.
1327 1428 1359 1456 5.
1382 1424 1557 1456 Barberin.
1570 1427 1600 1455 1.
1616 1434 1635 1454 a
1650 1433 1694 1455 m.
1709 1432 1776 1454 nec.

361 1463 426 1493 duo
442 1473 496 1503 ap.
513 1465 624 1496 Bentl.
647 1470 683 1496 et
702 1466 796 1497 Harl.
812 1470 843 1498 2.
865 1469 897 1497 6.
918 1467 1007 1507 quod
1025 1471 1228 1507 receperunt
1244 1467 1322 1501 Fen,
1337 1466 1459 1506 Bothe,
1485 1469 1521 1497 et
1545 1465 1664 1498 Jaeck.
1709 1464 1779 1495 Neu

359 1505 449 1543 vulgo
466 1505 639 1536 Bentleiua
654 1516 695 1538 ex
712 1517 776 1538 uno
792 1508 926 1546 codice3
953 1507 1040 1547 quod
1064 1513 1100 1538 et
1125 1508 1160 1538 in
1189 1508 1253 1539 alio
1281 1507 1355 1538 cod.
1371 1517 1391 1538 a
1414 1518 1457 1538 m.
1472 1517 1540 1538 sec.
1557 1517 1611 1544 ap.
1626 1506 1779 1538 Oberlin.

361 1550 546 1585 sequuntur
559 1547 650 1588 Traj.
667 1548 709 1578 ad
724 1549 829 1580 Rhen.
843 1552 936 1580 1713.
959 1550 1102 1588 Cuning.
1117 1549 1239 1580 Sanad.
1255 1549 1390 1588 Dorigh.
1408 1547 1540 1580 Wakef.
1558 1548 1696 1579 Wetzel.
1711 1547 1778 1577 Bo-

362 1587 454 1625 doni,
470 1588 620 1628 Francis,
635 1595 670 1620 et
686 1589 790 1621 Kidd.
835 1591 886 1621 Ne
899 1591 988 1629 vulgo
1007 1591 1100 1622 Harl.
1117 1593 1147 1621 1.
1163 1593 1192 1620 3.
1207 1593 1238 1621 4.
1252 1593 1284 1621 7.
1307 1590 1402 1621 Gott.
1416 1590 1500 1622 Exc.
1516 1590 1593 1620 Sax.
1610 1589 1664 1620 alii
1680 1587 1778 1618 codd.

362 1629 594 1668 quamplurimi
620 1635 654 1661 et
680 1631 875 1671 mugga-17
900 1631 997 1663 Harl.
1014 1635 1042 1663 1.
1058 1635 1087 1662 2.
1103 1634 1133 1662 3.
1147 1635 1179 1663 4.
1193 1634 1225 1662 6.
1242 1634 1272 1663 7.
1305 1631 1401 1662 Gott.
1426 1632 1509 1662 Exc.
1531 1631 1609 1662 Sax.
1639 1629 1732 1660 Vatt.
1750 1631 1779 1659 1.

361 1672 394 1700 3.
409 1673 440 1700 5.
455 1672 485 1701 7.
502 1673 552 1701 10.
570 1674 619 1702 12.
635 1675 682 1702 15.
700 1674 751 1703 18.
792 1673 885 1703 Vatt.
910 1673 1008 1704 Rom.
1035 1675 1066 1703 2.
1084 1675 1114 1703 3.
1128 1675 1159 1703 4.
1175 1676 1205 1703 5.
1221 1676 1254 1704 6.
1288 1673 1431 1704 Chisian.
1454 1675 1485 1704 1.
1504 1675 1536 1703 6.
1572 1671 1724 1710 Angelie.
1751 1672 1781 1700 1.

364 1711 518 1742 vallicel.
542 1714 571 1743 3.
594 1713 649 1744 alii
675 1713 771 1744 codd.
798 1723 853 1753 ap.
881 1715 989 1745 Pulm.
1017 1719 1053 1745 et
1078 1715 1208 1744 Valart.
1233 1714 1370 1753 possunt,-
1392 1713 1540 1744 restituit
1566 1711 1678 1744 Lamb.
1703 1710 1781 1741 inde

364 1753 521 1790 Duneter,
533 1754 666 1792 'Palbot‚
682 1755 782 1786 Baxt.
797 1755 911 1786 Bentl.
935 1756 1034 1794 Pine,
1057 1756 1197 1794 Cuning.
1221 1755 1340 1786 Sanad.
1356 1756 1443 1786 Phil.
1458 1754 1591 1786 Mervil.
1605 1754 1708 1785 Gesn.
1725 1751 1780 1782 Bi·

365 1799 457 1832 pont.
483 1794 622 1834 Dorigh.
643 1796 795 1827 Oberlin.
817 1796 934 1828 Comb.
952 1796 1084 1827 Wakef.
1102 1797 1243 1828 Wetzel.
1266 1797 1414 1832 Francis,
1441 1796 1546 1827 Zenn.
1572 1793 1674 1826 Kidd.
1703 1793 1780 1828 Fen,

362 1835 484 1874 Bothe,
498 1836 618 1876 Jaeck,
633 1843 668 1868 et
684 1838 834 1878 Doering.
855 1842 979 1878 possunt
1004 1838 1109 1869 ceteri
1130 1838 1226 1868 codd.
1249 1843 1283 1868 et
1309 1837 1386 1868 edd.
1411 1839 1538 1876 primm,
1561 1843 1634 1866 cum
1660 1834 1781 1870 Venet.

363 1878 459 1906 1559.
482 1877 640 1908 Glarean.
668 1879 787 1917 Delph.
813 1879 969 1910 Torreut.
995 1884 1031 1911 et
1055 1879 1226 1910 Schrevel.
1248 1888 1336 1909 aures
1360 1879 1515 1916 oculosque
1539 1875 1618 1905 Vat.
1639 1874 1735 1904 Rom.
1751 1876 1781 1904 l.

364 1919 520 1955 oculosque
542 1928 685 1958 auresque
709 1920 849 1958 Cuning.
877 1929 918 1950 ex
950 1930 1029 1951 aure
1060 1922 1216 1950 sum—18
1249 1918 1421 1948 Bentleius
1450 1916 1643 1957 distinguit:
1667 1916 1782 1947 nitere:

360 1966 452 1997 porro
468 1958 563 1997 Vade,
578 1961 631 1998 ᾀτ.
654 1961 703 1989 ita
719 1961 820 1990 etiam
837 1960 941 1989 Kidd.

1009 2040 1146 2072 NOTAE

410 2106 449 2134 14
475 2101 624 2143 Pyrrhia]
648 2103 777 2133 Nomen
794 2107 846 2134 est
857 2103 1001 2142 ancillae,
1017 2103 1049 2134 iu

366 2152 481 2183 fabula
509 2151 648 2192 quadam
675 2151 811 2191 Titinii:
838 2161 912 2192 quae
941 2151 1051 2183 furata

367 2202 453 2231 lanae
477 2201 602 2240 glomos
624 2201 671 2230 ita
693 2201 849 2240 gestavit,
872 2206 910 2231 ut
933 2200 1050 2241 depre-

354 2250 470 2280 'hensa
480 2250 535 2280 sit.
578 2249 634 2279 Ita
650 2252 715 2279 vet.
732 2249 843 2280 Schol.

410 2303 449 2331 15
477 2301 520 2331 Ut
534 2309 601 2330 cum
611 2300 719 2339 pileolo
733 2299 843 2338 soleas]
864 2299 911 2330 Ut
925 2299 1051 2331 vicinus

368 2359 410 2381 ex
425 2349 543 2380 eadem
565 2349 654 2380 tribu
676 2347 717 2379 ad
740 2357 868 2379 coeuarn
891 2349 1051 2380 invitatus

368 2399 527 2439 pileolum
556 2407 596 2428 ac
624 2397 729 2428 soleas
757 2401 880 2436 portat,
906 2397 1052 2438 indeque

369 2451 532 2488 reportat,
560 2455 682 2486 nempe
712 2450 828 2476 tenens
857 2445 917 2476 sub
942 2446 1054 2477 axilla.

368 2497 421 2528 Ex
437 2497 501 2527 isto
512 2496 587 2526 loco
601 2498 711 2535 patet,
731 2495 888 2534 pileolum
900 2495 1054 2526 habuisse

368 2549 501 2576 veteres
528 2544 687 2576 conviviis
711 2543 883 2583 proprium
898 2553 938 2574 ac
954 2553 1054 2583 pecu-

369 2593 504 2624 liarem:
535 2593 665 2634 qualem
696 2592 873 2623 etiamnum
905 2592 1054 2633 plerique

370 2645 539 2672 nostrates
566 2640 734 2672 interdum
768 2644 940 2671 assumunt
966 2641 1054 2672 inter

370 2690 584 2729 epulandum,
593 2689 682 2721 velut
694 2688 870 2728 aptiorem,
882 2689 1055 2727 leviorem,

371 2738 639 2773 commodiorem.
682 2737 734 2770 De
762 2736 895 2768 ‘soleis’
923 2737 994 2768 dixi
1013 2737 1054 2768 ad

1104 2111 1145 2134 11.
1161 2103 1232 2134 Sat.
1247 2106 1278 2133 8.

1145 2153 1184 2182 18
1210 2151 1327 2181 Oratus
1340 2151 1435 2181 multa
1447 2159 1547 2190 prece,
1565 2151 1667 2182 nitere·
1680 2152 1784 2192 porro]

1103 2199 1134 2230 A
1151 2209 1203 2231 me
1219 2200 1319 2231 toties
1334 2204 1483 2240 rogatus,
1499 2209 1518 2230 ο
1539 2199 1630 2239 Vini,
1643 2199 1783 2239 diligen-

1103 2253 1156 2279 ter
1185 2257 1224 2279 ac
1256 2247 1372 2278 sedulo
1400 2257 1567 2288 exequere
1595 2253 1630 2279 et
1658 2247 1784 2288 perfice

1104 2297 1191 2338 quod
1217 2297 1371 2337 proecepi.
1415 2296 1483 2327 Alii
1508 2299 1578 2329 nic:
1602 2297 1676 2328 Etsi
1695 2296 1783 2328 forte

1105 2346 1254 2376 curiosus
1268 2344 1430 2386 quispiam
1453 2349 1527 2375 oret
1549 2350 1584 2375 te
1607 2348 1784 2384 perconte-

1105 2399 1238 2436 turque,
1265 2393 1344 2435 quid
1374 2393 1423 2424 rei
1448 2394 1492 2424 sit
1519 2398 1784 2434 propterquam

1105 2443 1255 2482 veneris3
1270 2452 1312 2474 ne
1323 2443 1510 2481 immorare,
1523 2451 1564 2473 ne
1580 2443 1763 2484 obsequere
1773 2453 1783 2482 ;

1105 2493 1205 2523 immo
1221 2491 1275 2522 abi
1287 2491 1536 2532 quamprimum.

1149 2544 1189 2572 19
1213 2541 1292 2571 Cave
1319 2548 1356 2569 ne
1383 2539 1504 2579 titubes,
1522 2541 1591 2581 qma]
1623 2541 1783 2572 Constan-

1106 2593 1159 2620 ter
1182 2597 1264 2628 age:
1287 2596 1504 2628 quaecumque
1526 2598 1604 2620 vero
1628 2589 1726 2620 docui
1750 2591 1784 2620 te

1104 2647 1195 2678 naepe
1211 2635 1324 2674 verbo,
1340 2639 1375 2666 et
1391 2645 1480 2669 nuuc
1495 2637 1624 2679 scripto
1638 2637 1713 2678 hoc,
1730 2645 1784 2669 ac-

1105 2690 1223 2720 curate
1235 2684 1387 2717 observa.
