1904 3256
631 286 903 319 omninum
937 285 1032 316 mn.
1065 285 1132 316 ιν.
1163 274 1236 316 12.

1570 246 1657 315 615

425 380 665 435 Impellunt
684 381 844 422 animae
864 380 1002 422 lintea
1018 379 1254 421 Thraciae:

425 448 455 490 J
459 461 528 490 am
549 461 632 490 nec
653 453 779 502 prata
798 449 951 502 rigent,
970 461 1055 490 nec
1076 447 1202 489 fluvii
1221 449 1425 500 strepunt

595 515 811 569 Hyberna
830 517 931 556 nive
950 515 1127 568 turgidi.

424 582 594 624 Nidum
616 583 756 637 ponit,
780 583 882 637 Ityn
905 583 1113 624 flebiliter
1133 593 1325 635 gemens,
1629 582 1657 620 5

426 649 592 691 Infelix
613 651 728 701 avis,
750 654 792 691 et
810 651 1042 704 Cecropiae
1061 650 1222 691 domus

194 762 261 793 vela
271 763 410 803 pulsant.
452 765 529 796 Jam
543 774 640 805 neque
651 769 742 805 pratu
757 768 829 796 sum
843 766 918 804 gelu
937 764 1120 801 constricta,
1143 774 1200 795 nec
1213 763 1352 804 flumina
1371 764 1567 794 murmurant
1584 761 1658 802 hye-

194 804 254 836 mis
267 806 389 838 nivibus
403 807 526 848 inflata.
571 808 692 840 Nidum
707 809 804 840 struit
825 807 894 839 avis
916 805 1114 844 infortunata
1131 807 1208 847 Ityn
1232 807 1342 846 lugens
1364 805 1599 844 miserabiliter,
1621 815 1656 834 nc

801 900 943 914 ‘Omu

945 899 1045 912 ΝΜΟ

193 965 213 995 4
238 963 381 996 Hiberum
404 966 474 998 nice
497 967 624 998 candidi
649 966 741 1007 Lips.
757 969 854 998 4.-5
880 966 967 1006 Itym
994 965 1087 1006 Lips.
1105 968 1137 997 ³.
1152 967 1185 996 Δ.
1211 965 1331 996 Basili.
1358 963 1438 997 Ald.
1460 964 1608 997 Ascens.
1624 970 1660 997 et

194 1005 296 1040 Pabr.
330 1007 438 1050 Ithym
452 1010 580 1041 Venet.
597 1012 692 1041 1492.
714 1009 859 1041 Locher.
901 1009 972 1050 Itys
987 1008 1087 1039 Han-i.
1104 1011 1136 1039 6.
1170 1008 1246 1048 Ityn
1263 1008 1362 1039 Harl.
1379 1011 1409 1039 l.
1423 1011 1455 1039 2.
1472 1011 1502 1040 3.
1517 1011 1549 1039 4.
1564 1012 1596 1039 6.
1621 1014 1657 1040 et

194 1050 300 1081 ceteri
328 1051 428 1084 codd.
456 1055 649 1084 omnes.——6
674 1052 854 1093 Cecropidoe
890 1051 1002 1084 codex
1033 1051 1262 1083 Laurentinus
1298 1061 1354 1093 ap.
1379 1051 1659 1083 'torrentium—

849 1148 994 1180 NOTAE

196 1217 286 1250 haud
303 1219 479 1260 vulgares:
495 1221 608 1262 aitque
623 1221 747 1253 merito
761 1221 898 1262 dignam

196 1268 322 1309 videri,
338 1279 414 1310 quae
431 1270 474 1301 ad
490 1271 670 1310 Virgilium
689 1272 899 1310 mitteretur3

196 1327 261 1350 nec
275 1320 365 1350 enim
383 1320 435 1351 vel
450 1321 561 1361 ipsum
579 1326 631 1352 tot
646 1321 829 1360 coloribus,
845 1326 900 1352 tot

194 1367 316 1400 florum
333 1371 558 1402 varietatibus
571 1370 799 1403 efflorescere.
831 1372 898 1402 Va-

193 1417 288 1450 leant
316 1428 399 1460 ergo
432 1420 488 1460 qui
518 1420 750 1452 adulterinum
780 1422 897 1452 nescio

195 1477 295 1510 quem
319 1469 457 1500 titulum
481 1470 558 1501 hnic
574 1469 662 1501 odae
682 1470 860 1511 praefixum
878 1480 897 1500 e

195 1518 370 1551 veteribus
391 1519 560 1551 nonnullis
575 1519 750 1551 codicibus
770 1525 898 1551 eruunt

195 1577 386 1610 perperam,
412 1570 509 1611 quasi
533 1569 698 1602 Horatius
720 1570 899 1612 scripserit

195 1619 238 1651 ad
268 1620 448 1661 Virgilium
480 1624 649 1662 quendam
684 1621 897 1662 myropolam

194 1678 256 1701 seu
284 1670 559 1711 unguentarium.
606 1671 711 1702 Certe
735 1672 824 1702 enim
850 1672 899 1702 in-

194 1718 401 1761 telligendus
422 1721 477 1752 liic
505 1725 558 1752 est
580 1720 747 1762 Virgilius
774 1721 899 1761 Poeta,

195 1771 254 1813 qui
269 1776 364 1803 recte
379 1772 388 1789 ‘
405 1772 511 1804 cliens
526 1772 688 1803 nobilium
705 1772 897 1813 juvenum:

192 1830 260 1854 non
276 1822 365 1854 alter
379 1823 557 1865 quisquam
573 1829 766 1855 censeatur.
810 1824 898 1855 Vide

194 1871 283 1904 infra
301 1873 384 1904 Not.

244 1922 338 1954 Veris
350 1923 489 1964 centices,
505 1922 575 1964 ξιπ]
602 1922 753 1965 Zephyri
778 1924 897 1964 procul

194 1971 311 2014 dnbio,
323 1973 485 2015 quicquid
500 1974 557 2004 alii
573 1974 744 2012 sentiant3
760 1974 794 2005 hi
807 1975 896 2006 enim

195 2030 255 2054 ver
269 2023 425 2055 comitari
440 2023 610 2056 duntaxat
631 2028 668 2056 et
690 2025 798 2056 maria
813 2030 898 2057 tem·

195 2081 317 2113 perure
328 2074 397 2106 dici
413 2080 569 2116 possunt.
613 2075 661 2108 At
678 2087 740 2109 cur
758 2078 899 2110 Thraciae
917 2075 919 2077 ’

195 2123 310 2155 anim
325 2130 510 2166 vocantur;
525 2135 601 2157 nam
615 2127 754 2167 proprie
769 2128 898 2161 Boreas

196 2182 216 2204 e
239 2173 384 2206 Thracia
409 2175 444 2206 in
466 2174 604 2207 Italiam
629 2177 762 2217 spirat?
792 2178 850 2210 Ita
875 2189 900 2212 1.

197 2222 266 2256 Od.
282 2227 336 2256 25.
354 2227 406 2257 11.
449 2225 588 2258 Scilicet
614 2227 760 2259 Thracia
784 2234 900 2261 vento-

195 2282 271 2305 rum
301 2275 532 2315 qnorumlibet
566 2276 666 2308 sedes
695 2283 732 2310 et
762 2277 899 2310 officina

195 2328 262 2363 est,
281 2328 372 2356 teste
389 2325 568 2358 Eustathio
591 2326 632 2358 ad
649 2327 749 2360 Iliad.
766 2337 821 2360 tx.
847 2331 900 2361 vel

195 2373 323 2415 potius,
358 2375 487 2407 Noster
516 2377 716 2419 Homerum,
746 2386 784 2412 ut
818 2381 899 2412 alibi

195 2434 303 2466 saepe,
323 2425 496 2458 insecutus
525 2428 637 2459 minus
662 2436 824 2462 accurate
850 2432 900 2463 lo-

196 2481 296 2507 cutus
309 2482 374 2508 est.
400 2477 496 2508 Bene
512 2479 620 2511 citato
634 2480 710 2512 loco
728 2481 899 2513 Homerus

195 2524 339 2558 Boream
356 2531 393 2558 et
409 2526 606 2568 Zephyrum
621 2540 640 2560 e
655 2530 799 2563 Thracia
814 2531 900 2563 flan-

197 2580 251 2608 tes
267 2578 396 2618 pariter
410 2579 565 2611 exhibet:
592 2585 628 2611 at
644 2590 709 2612 non
726 2582 809 2613 item
826 2583 899 2614 Ho-

200 2626 315 2659 ratius.
342 2628 410 2660 Hic
425 2629 592 2671 siquidem
605 2631 728 2672 Italus,
743 2633 801 2663 ille
818 2642 899 2664 vero

201 2683 221 2705 e
244 2677 394 2717 partibus
415 2679 557 2711 Minoris
573 2680 678 2713 Asiae.
724 2683 832 2723 Atqui
849 2683 899 2714 di-

203 2724 291 2756 versi
316 2727 418 2766 plane
441 2730 533 2761 venti
557 2740 576 2761 e
601 2731 746 2763 Thracia
762 2732 897 2764 Italiam

202 2775 386 2816 Asiamque
399 2776 556 2816 perflant,
566 2781 656 2812 inter
667 2782 754 2814 hanc
765 2787 800 2814 et
809 2783 899 2814 illam

201 2823 275 2857 fere
291 2825 411 2856 media.

998 1221 1078 1257 Quae
1099 1231 1184 1253 mare
1206 1222 1395 1263 temperant]
1421 1222 1474 1254 De
1490 1221 1659 1263 Zephyris

952 1271 1062 1302 maria
1076 1272 1286 1303 solventibus
1300 1282 1341 1304 ac
1359 1281 1417 1303 ver
1433 1271 1660 1313 parientibus,

954 1325 1059 1353 111.⁴'I.
1076 1322 1184 1354 initio.

995 1373 1016 1402 2
1031 1371 1172 1410 Animae]
1197 1371 1330 1402 Allusio
1353 1371 1396 1402 ad
1417 1372 1575 1403 Graecam
1602 1382 1659 1403 vo-

951 1428 1038 1459 cem,
1052 1419 1177 1460 ἄνεμος,
1192 1424 1312 1452 ventus.
1345 1421 1467 1462 Virgil-
1484 1421 1560 1453 AEn.
1576 1431 1659 1454 vnt-

952 1473 961 1486 ⁴
977 1470 1151 1502 Quantum
1181 1470 1276 1510 ignes
1304 1470 1493 1512 animaeque
1517 1471 1660 1504 valent!

951 1519 1091 1551 Lucret.
1107 1521 1116 1537 ‘
1131 1520 1373 1562 Anrarnmque
1387 1521 1480 1552 leves
1493 1522 1646 1554 animas)

994 1570 1162 1611 Impediunt
1189 1570 1300 1612 lintea]
1342 1571 1396 1603 Ad
1428 1572 1658 1613 navigandum

951 1620 1054 1650 utiles
1070 1626 1160 1652 sunt.

995 1673 1014 1702 3
1040 1671 1109 1702 Nec
1122 1671 1224 1712 fluvii
1247 1671 1406 1712 strepunt]
1431 1671 1498 1704 Qui
1523 1673 1659 1704 nivibus

951 1720 1148 1762 liquefactis
1171 1721 1406 1752 intumuerant
1437 1722 1538 1762 paulo
1565 1728 1660 1763 ante,

953 1781 992 1802 ac
1006 1771 1251 1803 vehementiori
1264 1780 1366 1802 cursu
1379 1772 1561 1813 strepitum
1578 1774 1660 1805 ede-

953 1821 1048 1861 bant,
1070 1822 1142 1862 jam
1169 1831 1260 1853 nunc
1286 1821 1454 1853 imminuti
1478 1822 1566 1854 haud
1591 1834 1661 1855 am-

953 1874 1042 1914 plius
1058 1878 1231 1914 strepunt.

993 1928 1012 1956 5
1029 1925 1151 1956 Nidum
1161 1925 1264 1966 ponit,
1275 1924 1510 1966 Itynflebiliter
1519 1934 1659 1968 gemens,

951 1974 1021 2016 ἔξω]
1048 1975 1206 2007 Hirundo
1218 1975 1290 2016 jam
1307 1975 1474 2008 nidificat.

995 2025 1088 2067 Ityn]
1114 2025 1267 2057 Homero
1282 2025 1425 2066 Itylum.

994 2079 1016 2107 ὃ
1039 2076 1160 2115 Infelix
1174 2075 1256 2116 wis]
1279 2076 1414 2107 Procne
1430 2080 1466 2107 et
1487 2075 1659 2108 Philome·

953 2125 984 2156 la
998 2126 1186 2158 Pandionis
1197 2125 1460 2158 Atheniensium
1476 2127 1567 2168 regis
1579 2126 1659 2158 finae

953 2180 1064 2208 erant.
1088 2176 1154 2207 Illa
1162 2177 1274 2208 Tereo
1288 2177 1362 2217 regi
1373 2176 1528 2209 Thraciae
1540 2182 1660 2218 nupta,

954 2227 1033 2268 Ityn
1057 2236 1270 2259 communem
1297 2226 1401 2258 filium
1425 2228 1549 2259 marito
1575 2237 1659 2269 epu-

953 2277 1090 2309 landum
1100 2277 1395 2318 apposuit,ultura
1403 2287 1554 2309 sororem
1566 2287 1659 2309 suam

953 2328 996 2359 ab
1013 2337 1054 2358 eo
1071 2332 1341 2368 constupratam.
1384 2327 1515 2359 Tereus
1535 2334 1660 2359 utram·

953 2389 1019 2421 que
1036 2379 1160 2410 stricto
1176 2379 1325 2420 pugione
1347 2379 1389 2410 ad
1407 2387 1528 2411 necem
1543 2388 1661 2419 perse·

951 2430 1078 2471 quitur.
1123 2430 1215 2460 Ecce
1230 2439 1313 2461 vero
1329 2429 1465 2460 Procne
1485 2429 1519 2459 in
1543 2428 1658 2459 hirun-

952 2480 1080 2520 dinem,
1097 2480 1289 2511 Philomela
1309 2480 1343 2511 in
1368 2479 1559 2517 lusciniam,
1583 2478 1659 2520 Itys

952 2531 986 2562 in
1014 2531 1226 2570 phasianum,
1243 2531 1311 2569 vel,
1336 2535 1374 2560 ut
1392 2530 1446 2559 alii
1472 2529 1602 2569 volunt,
1624 2529 1659 2560 in

952 2581 1160 2620 carduelem,
1185 2579 1320 2610 Tereus
1346 2578 1494 2619 denique
1518 2578 1552 2610 in
1572 2589 1658 2620 upu-

954 2641 1030 2672 pam
1048 2634 1333 2661 transmutantur.
1367 2629 1424 2660 Ita
1436 2627 1658 2662 fabulatores.

942 2675 1042 2713 vVide
1059 2680 1165 2712 ovid.
1180 2680 1268 2711 Met.
1287 2689 1338 2712 vr.
1355 2679 1437 2711 Fab.
1450 2682 1481 2711 7.
1495 2682 1561 2712 διο.

999 2731 1157 2772 Cecropiae
1165 2732 1271 2762 domus
1277 2730 1443 2761 AEternnm
1449 2731 1659 2773 opprobrium,

953 2780 1023 2822 δῖα]
1045 2781 1078 2813 Α
1094 2781 1251 2821 Cecrope
1267 2779 1523 2813 Atheniensium
1547 2783 1657 2823 primo

955 2841 1037 2873 rege
1054 2831 1294 2863 denominatur
1308 2830 1471 2873 quicquid
1490 2832 1532 2863 ad
1550 2833 1656 2867 Αῐὴε-Ι
