1904 3256
358 283 442 325 642
622 294 883 325 Excunsus
915 295 982 324 An
1013 292 1282 323 cARmNUM
1318 292 1408 322 mn.
1438 294 1502 324 1v.

358 390 470 418 tamen
485 394 575 417 more
591 394 643 425 eo,
659 395 755 426 quem
781 385 912 416 servavi
935 385 967 415 in
990 393 1046 415 ιιι.
1061 382 1129 415 Od.
1146 385 1197 415 1⁷.
1213 386 1286 415 2-5.
1302 393 1368 415 non
1390 385 1516 416 resecui
1532 394 1588 417 eos
1603 390 1659 418 aut
1673 388 1769 428 ejeci,

356 438 416 470 sed
430 438 523 469 uncis
540 437 666 469 includi
680 442 781 478 atque
794 437 962 468 asteriscis
978 435 1085 467 notari
1096 435 1194 475 jussi.
1217 436 1349 467 Primus
1362 436 1540 468 Lambinus
1552 437 1769 470 subodoratus

356 490 490 533 videtur
502 499 613 520 eorum
630 488 801 529 ineptiam,
817 488 895 519 dum
911 498 968 519 eos
984 487 1201 519 includendos
1216 496 1289 519 esse
1305 489 1388 519 dicit
1407 489 1663 529 interpositionis
1677 495 1773 530 nota,

358 543 410 574 vel
427 543 537 583 potius
553 542 598 572 ita
615 540 788 580 legendos,
809 544 848 572 ut
867 550 887 571 a
916 540 1087 581 proposito
1102 549 1253 572 sermone
1269 540 1472 580 aberrantes,
1488 541 1575 580 quod
1591 550 1696 581 genus
1712 552 1770 582 ap-

356 594 486 634 pellent
509 593 621 624 Graeci
645 591 823 631 ὑπέρβατον.
867 591 953 622 Post
975 601 1050 622 eum
1072 591 1285 632 Tanaqninus
1311 591 1432 630 Faber,
1453 591 1504 622 vir
1528 593 1771 632 sagacissimus,

356 647 366 663 ‘
382 643 508 684 miror‚’
521 643 641 685 inquit,
656 643 666 661 ‘
678 643 749 674 haec
767 643 807 674 ab
822 643 962 674 Horatio
977 643 1103 683 scripta
1117 652 1202 682 esse,
1216 647 1251 674 et
1266 643 1386 674 nollem
1402 642 1528 674 factum
1539 643 1561 683 ;’
1584 652 1692 684 eaque
1712 642 1771 675 ad-

355 697 537 728 monitione
552 697 754 737 aliquantum
769 700 953 727 commotus
970 695 1130 727 Dacerius
1152 695 1252 727 etiam
1266 695 1345 734 fnit,
1366 700 1405 726 ut
1420 695 1572 727 vidimus.
1612 695 1770 736 Denique

355 748 480 788 ejicere
504 757 617 779 versus
642 748 713 778 ansi
739 752 817 778 sunt
843 747 1009 788 Guyetus,
1030 746 1237 786 Sanadonus,
1258 746 1397 778 Sivrius.
1441 745 1588 777 Mediam
1604 746 1771 787 quandam

355 800 443 831 viam
459 800 666 840 ingressurus
679 799 838 832 Jonesius
853 798 1023 840 profectos
1035 799 1110 830 iilos
1125 799 1257 830 omnino
1275 799 1409 838 putavit
1423 797 1464 828 ab
1481 797 1633 833 Horatio,
1649 797 1718 838 qui,
1733 801 1771 843 ut

354 849 458 882 fuerit
472 851 603 891 ingenio
618 851 660 881 ad
675 850 881 881 irridendum
898 860 1016 890 prono,
1037 850 1189 881 sumserit
1203 850 1335 891 quidem
1358 850 1472 890 lyram,
1485 850 1543 881 sed
1558 859 1647 886 mox.
1662 859 1770 881 erum-

356 906 458 941 pente
481 902 618 933 satirica
637 901 761 940 indole,
786 901 828 932 ad
844 901 1062 932 deridendum
1089 901 1432 942 proscindendumque
1454 902 1604 942 ineptum
1622 901 1769 942 aliquem

354 953 510 994 Poe'tam,
526 954 680 984 aemulum
696 952 851 992 fortasse,
873 953 1032 993 abreptus
1057 952 1111 992 sit,
1135 952 1193 983 sed
1217 956 1395 993 antequam
1419 952 1571 992 Augusto
1592 953 1771 984 tradiderit

356 1006 510 1044 Carmen,
527 1005 677 1036 adhibita
692 1004 838 1035 feliciter
852 1005 941 1040 lima,
955 1013 1069 1035 versus
1083 1005 1156 1044 hos,
1171 1004 1290 1045 quibus
1305 1004 1358 1035 hic
1373 1014 1440 1035 non
1455 1009 1546 1036 esset
1567 1005 1671 1045 locus,
1692 1015 1769 1046 pru-

355 1057 475 1088 denter
489 1057 596 1096 ipsum
609 1056 786 1087 delevisse.
830 1055 898 1086 Sed
910 1055 998 1086 unde
1013 1065 1125 1096 quaeso
1140 1055 1225 1086 scire
1245 1056 1307 1086 hoc
1327 1063 1386 1086 aut
1400 1055 1522 1087 habere
1541 1056 1698 1088 Jonesius
1713 1067 1772 1097 po-

354 1109 444 1139 tuit?
467 1108 601 1138 Deinde
626 1107 668 1138 de
689 1107 778 1137 omni
800 1106 862 1136 hac
886 1106 946 1137 tali
967 1106 1250 1137 demonstratione
1267 1105 1367 1137 facile
1389 1111 1442 1138 est
1457 1117 1499 1138 ex
1513 1107 1566 1146 iis,
1580 1117 1654 1148 quae
1668 1118 1772 1149 snpra

356 1159 517 1199 explicita
531 1162 621 1197 sunt,
628 1157 806 1197 judicium.
848 1157 989 1188 Interim
1013 1157 1070 1188 ille
1091 1157 1185 1189 uncis
1201 1157 1343 1188 inclusos
1365 1167 1478 1189 versus
1501 1159 1564 1190 alio
1578 1160 1771 1191 charactere

354 1209 590 1250 exprimendos
605 1209 746 1240 curavit.

397 1261 555 1293 Ceterum
569 1269 695 1291 morem
710 1259 973 1299 vindelicorum,
995 1259 1132 1298 gerendi
1157 1259 1369 1291 Amazoniam
1390 1260 1424 1291 in
1446 1260 1535 1292 bello
1556 1261 1712 1302 securim,
1725 1262 1774 1294 ita

355 1315 396 1345 ad
420 1314 452 1345 h.
465 1315 489 1345 1.
515 1314 662 1354 explicat
689 1312 920 1352 Porphyrion:
954 1312 964 1329 ‘
981 1311 1027 1342 Hi
1042 1311 1212 1342 Vindelici
1236 1311 1277 1343 ab
1293 1311 1516 1345 Amazonibus
1541 1313 1643 1354 ejecti
1661 1323 1684 1345 e
1704 1314 1772 1346 suis

354 1365 557 1405 sedibus5ex
570 1364 713 1394 Thracia
736 1363 769 1393 in
791 1363 926 1394 exilium
942 1372 979 1394 se
995 1364 1175 1394 contulisse
1191 1363 1268 1403 alio,
1283 1363 1384 1404 inque
1392 1364 1484 1404 jugis
1498 1363 1670 1406 (Alpium)
1684 1365 1773 1397 inse-

354 1417 443 1448 disse
458 1416 626 1451 dicuntur,
641 1418 677 1445 et
690 1413 778 1455 quod
801 1414 1006 1454 potissimum
1022 1416 1057 1445 in
1072 1424 1109 1446 se
1124 1415 1192 1446 tela
1206 1423 1405 1455 securesque
1421 1414 1625 1447 Amazonum
1641 1419 1772 1456 experti

354 1469 491 1505 fuerint,
513 1468 603 1507 ipsos
628 1475 721 1497 usum
743 1475 857 1496 earum
878 1466 909 1496 in
926 1465 1016 1496 bello
1032 1464 1228 1506 accepisse!
1261 1465 1364 1497 Ortos
1379 1466 1479 1497 etiam
1492 1466 1533 1497 ab
1550 1465 1771 1500 Amazonibus

354 1520 460 1551 tradit
475 1519 570 1550 Serv.
586 1517 625 1548 ad
641 1517 738 1557 Virg.
753 1517 826 1549 AEn.
845 1526 869 1548 x.
884 1520 957 1549 244.
979 1526 1031 1549 xi.
1048 1520 1121 1548 651.
1166 1518 1250 1549 Quae
1267 1517 1336 1548 sive
1352 1522 1447 1549 certa
1461 1526 1499 1549 ac
1514 1527 1593 1549 vera
1606 1519 1684 1558 sint,
1700 1520 1770 1551 sive

355 1571 498 1602 dubitari
512 1570 617 1600 adhuc
640 1569 768 1609 possint
791 1568 903 1610 (certe
919 1569 992 1599 aliis
1007 1578 1050 1600 ex
1065 1569 1273 1610 antiquitatis
1284 1569 1502 1609 scriptoribus
1515 1570 1597 1600 nihil
1612 1571 1678 1601 tale
1693 1581 1771 1603 con-

354 1621 451 1661 stat),
478 1620 603 1651 nullum
629 1618 783 1659 profecto
810 1619 1005 1659 praesidium
1032 1620 1092 1659 his,
1116 1629 1196 1660 quos
1221 1620 1412 1660 rejecimus,
1433 1619 1583 1652 versibus
1605 1620 1747 1654 afferunt
1761 1633 1770 1654 ε

354 1682 463 1713 neque
479 1672 655 1702 obscurum
671 1674 734 1707 est,
749 1674 911 1711 quantum
926 1670 1137 1702 tribuendum
1164 1671 1206 1702 sit
1224 1671 1377 1702 Lambini
1398 1671 1587 1711 sententiae,
1609 1673 1770 1712 praeclsre

357 1725 533 1756 Horatium
559 1722 606 1763 id,
630 1721 720 1763 quod
744 1722 846 1753 sciret
866 1727 926 1753 aut
945 1727 1039 1754 certo
1064 1723 1148 1754 scire
1172 1727 1300 1764 posset,
1321 1733 1357 1755 se
1380 1723 1508 1755 nescire
1537 1721 1665 1765 dicere,
1694 1725 1772 1765 quia

355 1777 460 1816 magis
475 1779 657 1815 occupatus
673 1773 774 1806 fuerit
788 1774 822 1807 in
839 1775 943 1806 Drusi
959 1775 1111 1809 victoria.
