1936 3236
815 279 857 312 Q.
889 272 1092 302 HoRA'l'll
1126 271 1293 301 FLACGI

565 369 777 409 Concines
797 366 955 419 majore
976 364 1117 404 Poeta
1136 363 1299 415 plectro

564 433 799 480 Caesarem,
820 430 1077 483 quandoque
1097 427 1235 468 trahet
1252 428 1415 468 feroces

563 498 651 538 Per
670 498 853 538 Sacrum
874 494 1050 541 clivum,
1071 493 1220 533 merita
1240 492 1425 532 decorus

898 557 1084 607 Fronde,
1105 557 1374 607 Sicambros3

1701 493 1758 534 35

341 671 483 711 eximius,
490 671 831 709 celebrabisAugustum
840 667 973 700 carmine
983 667 1162 705 sublimiori,
1171 667 1287 706 quoties
1298 665 1399 697 debita
1409 665 1542 704 insignis
1553 674 1661 696 corona
1669 666 1757 695 ducet

340 711 510 743 Sicambros
523 713 668 743 immanes
678 722 734 752 per
744 713 845 742 collem
855 718 989 741 sacrum.-
1004 718 1061 747 quo
1072 708 1194 739 Coesare
1205 708 1354 747 grandius
1364 710 1418 738 aut
1429 707 1591 747 pretiosius
1600 706 1758 744 nihilsaia

927 799 946 811 ⁴
950 799 1108 811 “one“
1112 798 1169 811 ΝΟ

342 865 445 905 friget
460 875 498 897 ac
514 867 657 897 otiosum
672 870 735 897 est.
764 866 919 907 Denique
923 865 1055 906 floreum
1070 866 1154 895 circa
1164 874 1195 895 n.
1212 865 1325 895 mallet
1338 864 1424 895 idem
1442 862 1565 894 BentL’
1582 863 1755 894 Jani.--31

345 907 462 938 Tiberis
479 908 566 947 Lips.
581 911 612 939 3.
650 909 731 938 rivos
746 917 806 947 pro
821 908 905 947 ripas
927 906 1058 937 emend.
1082 906 1194 937 Bentl.
1211 915 1254 936 ex
1267 915 1371 945 eoque
1386 904 1509 936 Sanad.
1551 905 1629 935 Vid.
1645 904 1687 934 ad
1703 913 1759 934 ιιι.

343 948 410 979 Od.
441 951 493 979 26.
522 952 657 979 lae-33
692 949 785 988 Lips.
809 951 838 979 3.
876 948 1116 979 concinis—3⁴
1150 947 1253 977 Basil.
1279 950 1372 979 1555.
1407 947 1581 986 quandoque
1607 945 1760 976 trahit.—

342 992 381 1019 35
406 990 519 1020 Bentl.
534 995 570 1020 et
585 990 904 1021 Kidd.clivom.—36
927 989 1100 1019 Sicambros
1123 989 1223 1027 vulgo
1247 988 1412 1027 scribitur,
1437 988 1516 1018 item
1540 987 1572 1017 in
1597 987 1760 1017 nonnuliis

341 1031 532 1068 Sigambros,
549 1031 743 1072 Sycambros.
786 1031 854 1062 Sed
870 1030 1056 1071 Sygambros
1074 1034 1143 1060 tres
1158 1029 1300 1060 Blandd.
1318 1030 1419 1069 Cruq.
1436 1028 1583 1059 nonnulli
1604 1029 1760 1058 Torrent.

343 1072 435 1110 Lips.
448 1075 480 1102 2.
496 1075 527 1103 3.
548 1073 661 1103 Bentl.
678 1074 762 1104 Cun.
807 1073 927 1109 Recte,
952 1081 1028 1102 nam
1053 1070 1153 1101 Dioni
1175 1075 1212 1101 et
1235 1071 1421 1101 Ptolemaeo
1446 1078 1578 1109 semper
1600 1069 1760 1100 dicuntur

341 1111 530 1153 Σύγαμβροι.
573 1115 618 1144 Et
638 1113 854 1144 vetustissimi
875 1113 974 1144 codd.
997 1112 1075 1143 alibi
1097 1112 1198 1143 etiam
1218 1111 1405 1150 Sygambros
1418 1111 1579 1142 scribunt.
1620 1110 1697 1141 vid.
1715 1110 1761 1141 N.

344 1153 464 1185 Heius.
479 1155 520 1185 ad
537 1154 638 1186 Ovid.
659 1154 735 1186 Am.
757 1164 782 1186 1.
799 1157 848 1185 14.
861 1156 914 1184 49.
957 1154 1092 1184 Tacitus
1117 1152 1315 1194 Sugambros
1343 1157 1453 1192 vocat,
1476 1152 1598 1183 Strabo
1620 1150 1760 1190 Σουγάμ-

982 1247 1124 1278 NOTAE

384 1323 421 1351 31
451 1321 587 1358 Operosa
611 1328 725 1358 parvas
755 1319 901 1348 Carmina
919 1316 1028 1358 fingo]

343 1369 481 1400 Scilicet
492 1377 575 1407 opus
593 1371 786 1398 accuratum
801 1366 923 1407 absque
936 1376 1028 1408 mag-

1078 1325 1206 1347 sacram
1228 1317 1312 1347 clivo
1330 1317 1519 1356 Capitolino
1536 1317 1762 1349 adhaerentem

1079 1372 1236 1404 pergens,
1252 1366 1316 1394 &c.

343 1427 385 1448 no
401 1417 515 1448 labore
526 1416 662 1447 nullum.
686 1416 853 1446 Deterere
867 1415 972 1446 multa
987 1425 1026 1447 ac

343 1465 506 1503 recidere,
521 1463 620 1494 immo
636 1467 672 1495 et
697 1463 870 1501 recudere,
892 1464 1025 1504 stylum-

344 1523 408 1554 que
422 1514 542 1552 saepius
559 1516 689 1543 vertere
704 1516 849 1552 oportet,
865 1522 955 1552 saepe
971 1523 1026 1544 ca·

343 1567 405 1601 put
421 1562 522 1592 etiam
545 1560 697 1599 scabere,
721 1560 879 1600 vivosque
901 1569 1026 1600 ungues

343 1610 474 1649 rodere,
490 1613 526 1640 ut
542 1609 640 1648 piane
655 1608 755 1638 docet
770 1609 898 1639 Noster
915 1617 938 1639 ι.
953 1609 1023 1640 Sat.

344 1662 396 1689 10.
432 1658 479 1689 At
495 1657 662 1688 Poetastri
680 1657 821 1687 Carmen
837 1662 966 1692 contra,
989 1663 1026 1688 ut

343 1707 434 1737 canit
457 1706 553 1736 Pers.
580 1705 650 1735 Sat.
676 1713 700 1734 1.
728 1706 800 1734 106.
826 1704 837 1720 ‘
855 1705 929 1736 Nec
953 1707 1026 1745 piu-

343 1759 432 1785 teum
449 1753 562 1793 caedit,
581 1762 644 1784 nec
667 1753 836 1784 demorsos
856 1754 945 1794 sapit
969 1764 1027 1786 un-

344 1801 445 1842 gues.'

386 1849 523 1889 Parvus]
582 1849 836 1886 Animadverte,
892 1851 1027 1891 Lector,

344 1908 442 1940 quam
479 1908 514 1929 se
550 1897 718 1937 deprimat
748 1898 824 1929 istic
855 1899 1028 1937 Horatius,

343 1949 425 1979 alias
454 1951 550 1978 certe
580 1956 648 1977 non
680 1947 894 1979 mediocriter
922 1950 1028 1980 extol-

343 1997 416 2027 lens
431 2005 515 2027 sese.
538 1995 625 2026 Vide
636 1994 702 2026 od.
717 1996 778 2026 ult.
795 1995 853 2027 lib.
870 2005 911 2027 11.
924 2001 959 2028 et
974 2006 1028 2030 111.

346 2045 482 2076 Atenim
498 2053 569 2084 prae
592 2044 740 2075 Pindaro
765 2052 801 2074 se
824 2053 960 2084 parvum
979 2045 1028 2076 di-

344 2094 402 2133 cit,
417 2097 452 2124 et
466 2101 608 2133 operosa
632 2092 786 2123 Carmina
810 2093 865 2124 vix
888 2093 1027 2134 fingere,

345 2142 434 2173 forte
450 2141 536 2182 quod
553 2141 647 2182 inops
671 2141 807 2172 Latinus
822 2151 931 2173 sermo
948 2143 1027 2173 mul-

347 2197 447 2232 toque
460 2189 599 2221 inferior
623 2189 778 2221 ubertate
802 2195 837 2221 et
862 2191 960 2232 copia
975 2201 1028 2223 ce·

346 2239 397 2270 dit
414 2239 546 2270 Graecae
568 2239 691 2279 linguae
713 2243 868 2280 tanquam
883 2240 1029 2281 locuple-

347 2289 434 2320 tiori.

390 2341 430 2369 38
461 2338 609 2369 Concines
640 2338 752 2377 majore
787 2339 887 2369 Pok'ta
915 2339 1030 2378 plectro

350 2386 516 2426 caesarem]
550 2387 615 2425 Tu,
648 2387 735 2426 Iule,
767 2387 894 2419 scribes
922 2388 1031 2428 elogia

350 2435 506 2474 Caesaris,
520 2434 689 2475 grandiori
703 2435 801 2476 stylo,
817 2436 962 2467 carmine
973 2436 1030 2467 be-

351 2484 451 2514 roico.
485 2483 577 2515 Iulus
595 2483 757 2515 Antonius
773 2485 914 2515 heroicis
926 2486 1030 2517 versi-

351 2531 412 2561 bus
427 2531 626 2564 Diomedeas
641 2532 840 2574 conscripsit
854 2533 1030 2565 duodecim

350 2579 456 2610 libris.

393 2630 434 2658 34
458 2627 640 2668 Quandoque
673 2631 774 2662 trahet
799 2631 929 2671 seroces,
961 2631 1030 2672 ἔγω]

353 2676 436 2707 Cum
452 2677 607 2708 subactos
621 2679 732 2711 hostes
744 2681 777 2711 in
790 2681 956 2720 triumpho
971 2680 1031 2712 du—

353 2733 431 2756 cens
454 2725 614 2758 ascendet
637 2726 839 2768 Capitolium
861 2738 923 2770 per
945 2729 1031 2761 viam

1120 1414 1161 1442 36
1183 1411 1372 1451 Sicambros]
1394 1412 1465 1442 Hos
1490 1412 1613 1443 leviter
1627 1412 1655 1442 si
1677 1421 1762 1452 prae—

1079 1460 1212 1496 teriero,
1242 1461 1408 1500 piaculum
1434 1461 1604 1492 admisisse
1633 1455 1763 1502 videar,

1079 1510 1204 1551 quippe
1242 1521 1323 1552 quos
1359 1511 1502 1551 majores
1540 1511 1762 1552 agnoscimus,

1077 1567 1203 1599 nosque
1217 1559 1362 1590 Francos
1377 1559 1475 1590 abeis
1490 1564 1591 1591 ortos.
1623 1559 1762 1601 Illorum

1079 1607 1163 1647 Regi
1177 1607 1366 1648 Clodovaeo,
1381 1617 1456 1639 cum
1472 1608 1514 1639 ad
1534 1618 1664 1639 sacrum
1679 1608 1763 1649 bap-

1080 1656 1179 1687 tisma
1194 1657 1387 1695 accederet,
1410 1657 1579 1697 Remigius
1598 1653 1763 1688 Rssemen-

1080 1705 1125 1735 sis
1153 1705 1282 1736 Praesul
1308 1706 1535 1736 sanctissimus
1559 1707 1606 1737 ita
1630 1707 1764 1738 locutus

1080 1752 1208 1784 fertur:
1232 1755 1242 1771 ‘
1258 1754 1354 1785 Mitis
1379 1754 1511 1794 depone
1533 1755 1620 1786 coila
1638 1755 1764 1787 Sicam-

1080 1802 1158 1833 bert
1181 1803 1282 1834 adora
1304 1803 1393 1844 quod
1414 1802 1606 1839 incendisti,
1622 1803 1765 1835 incende

1081 1850 1170 1891 quod
1186 1851 1357 1882 adorasti.’
1380 1851 1524 1891 Gregor.
1541 1852 1664 1883 Turon.
1679 1851 1766 1883 Ger-

1082 1899 1200 1929 maniae
1216 1897 1389 1930 Inferioris
1403 1900 1518 1939 populi
1534 1904 1643 1938 erant,
1657 1900 1765 1931 Rheni

1082 1947 1219 1987 accolae‚
1253 1946 1351 1978 hodie
1381 1946 1593 1978 Glieldrenses.
1642 1948 1764 1979 Strabo

1079 1995 1139 2026 lib.
1156 2004 1222 2027 vu.
1235 1997 1300 2026 &c.
1333 1996 1462 2026 Feroces
1472 2004 1538 2026 non
1553 1995 1622 2026 siue
1635 1996 1765 2027 ratione

1081 2043 1174 2083 gravi
1197 2043 1356 2074 Horatius
1377 2048 1486 2074 vocat.
1521 2043 1607 2074 Nam
1627 2043 1691 2074 Dio
1714 2053 1766 2074 re-

1081 2091 1147 2121 fert
1162 2091 1329 2122 exercitus
1353 2091 1519 2122 Romanos
1542 2091 1583 2122 ab
1598 2092 1646 2122 eis
1660 2091 1766 2130 fusos,

1082 2145 1277 2181 tantumque
1294 2145 1453 2172 terrorem
1470 2141 1649 2180 incussum,
1660 2146 1697 2172 ut
1708 2141 1764 2172 nd-

1082 2198 1195 2220 versus
1229 2198 1285 2219 eos
1308 2189 1480 2229 Augustus
1509 2188 1680 2229 profectus
1707 2190 1764 2231 sit,

1082 2239 1137 2280 qui
1154 2239 1233 2270 dare
1259 2238 1402 2278 obsides,
1426 2248 1463 2270 re
1487 2239 1685 2280 composita,
1707 2241 1766 2272 ad-

1083 2287 1210 2327 egerit:
1240 2287 1328 2318 unde
1352 2297 1425 2327 seq·
1444 2287 1509 2319 Od.
1535 2296 1614 2320 xiv.
1641 2298 1688 2320 vs.
1711 2293 1764 2321 51.

1084 2338 1094 2353 ‘
1109 2337 1160 2368 Te
1180 2337 1275 2368 caede
1290 2336 1475 2376 gaudentes
1490 2337 1653 2368 Sicambri
1668 2338 1765 2369 Com·

1084 2386 1200 2426 positis
1234 2389 1435 2417 venerantur
1464 2385 1583 2417 armis!
1625 2385 1765 2418 Addunt

1086 2439 1253 2476 praeterea
1279 2434 1499 2466 Centuriones
1527 2435 1693 2467 Romanos
1722 2436 1764 2467 ad

1083 2483 1247 2523 exigenda
1268 2483 1396 2514 tributa
1418 2483 1532 2514 missos
1546 2485 1638 2515 cruci
1659 2485 1701 2516 ab
1716 2485 1765 2516 eis

1083 2532 1233 2564 suffixos:
1256 2542 1372 2564 eorum
1398 2541 1477 2563 vero
1501 2533 1668 2574 mulieres,
1689 2544 1765 2566 oum

1084 2581 1239 2612 deessent
1255 2580 1382 2622 lapides
1393 2580 1554 2620 jaciendi,
1569 2580 1653 2613 filios
1663 2583 1765 2614 etiam

1084 2632 1238 2672 parvulos
1254 2631 1343 2662 humi
1357 2631 1466 2662 allisos
1489 2631 1523 2662 in
1547 2631 1686 2663 hostium
1706 2640 1766 2662 ora

1082 2685 1301 2721 contorquere
1314 2690 1378 2712 non
1395 2680 1526 2712 veritas.
1561 2681 1647 2711 Vide
1663 2680 1765 2712 Oros.

1083 2731 1146 2762 διο.
1176 2729 1328 2761 Tandem
1343 2729 1531 2762 Sicambros
1543 2733 1655 2761 tamen
1666 2729 1765 2772 nube-
