1890 3256
341 288 452 330 1050

812 305 854 342 Q.
886 304 1093 333 HORA'I'II
1126 303 1299 334 FLAccl

341 391 592 434 Pervellunt
607 395 884 442 stomachum,
901 393 1023 443 siser,
1044 395 1183 444 halec,
1203 396 1361 437 faecula
1381 396 1489 438 Coa.

343 456 430 496 His
451 457 524 498 ubi
545 459 745 507 sublatis,
767 470 871 510 puer
891 459 979 498 alte
1001 459 1174 500 cinctus
1196 473 1395 502 acernam

1707 463 1761 503 10

342 522 553 576 Gausape
573 537 791 577 purpureo
814 537 1007 565 mensam
1026 527 1236 578 pertersit,
1258 531 1300 568 et
1321 529 1429 568 alter

342 588 539 641 Sublegit
560 590 861 643 quodcumque
878 591 1049 643 jaceret
1068 592 1231 640 inutile,
1251 593 1454 646 quodque

341 655 501 695 Posset
521 658 743 696 coenantes
764 655 1010 707 offendere3
1041 661 1091 697 ut
1107 657 1260 698 Attica
1280 659 1398 710 virgo

341 721 450 761 Cum
471 721 610 760 sacris
634 720 818 772 Cereris,
839 723 1036 775 procedit
1054 723 1206 763 fuscus
1228 723 1465 777 Hydaspes

341 785 533 826 Caecuba
552 787 653 828 vina
674 786 813 828 ferens
830 802 842 839 ;
873 787 1028 838 Alcon,
1049 789 1204 830 Chium
1223 791 1353 830 maris
1375 803 1553 843 expers.

1708 791 1764 832 15

330 911 403 948 saex
424 914 489 944 vini
507 914 574 945 Coi.
619 915 790 956 Postquam
804 920 918 947 remota
937 921 1006 948 sunt
1020 918 1093 953 ista,
1107 927 1211 948 servus
1225 920 1287 949 alte
1300 919 1468 950 meinerus
1480 929 1612 950 mensam
1626 929 1666 950 ex
1679 927 1764 950 acere

340 954 467 985 detersit
494 965 600 996 mamm
622 958 729 988 villosa
746 968 920 997 purpurea;
942 960 1020 990 atter
1040 964 1141 990 autem
1167 962 1295 990 corrasit
1320 961 1462 1000 quicquid
1485 971 1711 1000 supervacuum,
1733 962 1764 990 et

340 996 419 1033 quod
438 1000 537 1035 posset
553 1008 695 1029 nauseam
709 1009 810 1030 creare
824 1000 967 1030 convivis.

1013 1000 1089 1030 Tum
1108 1001 1252 1039 subniger
1270 1002 1431 1042 Hydacpes
1447 1002 1645 1041 progr-edient
1662 1002 1702 1032 ad
1715 1002 1763 1032 iu-

339 1039 405 1066 star
422 1039 532 1076 puellae
545 1038 755 1080 Atheniensis,
768 1043 886 1080 qua-ndo
901 1050 989 1071 sacra
1003 1041 1126 1072 Cereris
1142 1046 1260 1082 portat,
1275 1045 1379 1074 vinum
1397 1043 1558 1074 Coecubum
1571 1044 1696 1082 detulit,
1707 1042 1765 1073 Al-

940 1135 957 1145 0
961 1134 997 1145 &O
1001 1134 1076 1146 '000
1080 1133 1176 1146 ‘0600

329 1203 460 1245 fictum,
476 1214 517 1237 ex
533 1207 809 1247 glossemate—9
830 1209 956 1241 Vat.7.
975 1211 1160 1250 Pmpellent,
1180 1212 1217 1241 et
1239 1219 1259 1240 a
1281 1219 1325 1240 m.
1349 1219 1415 1241 sec.
1439 1210 1630 1249 Propellunt,
1649 1208 1708 1240 sed
1731 1208 1765 1240 in

340 1254 410 1285 ora,
428 1247 616 1280 Pervellzmt.
650 1251 729 1282 Vat.
748 1251 858 1282 Palat.
875 1254 906 1283 3.
923 1252 1110 1284 Per-uellent.
1147 1251 1240 1282 Unus
1256 1252 1333 1282 Vat.
1350 1253 1443 1282 Rom.
1459 1262 1477 1282 a
1493 1261 1536 1282 m.
1554 1261 1604 1291 pr.
1615 1250 1696 1282 cicer
1707 1259 1768 1291 pro

341 1287 427 1318 siser.
464 1290 570 1321 Codd.
587 1293 715 1323 variant
729 1293 824 1329 halec,
839 1294 925 1331 allec,
938 1294 1014 1329 alec,
1030 1294 1126 1324 hallec
1139 1304 1150 1329 ,·
1174 1294 1310 1333 primam
1327 1294 1406 1324 lect.
1419 1298 1537 1324 tenent
1549 1294 1651 1324 Baxt.
1665 1293 1768 1324 Gesn.

343 1328 499 1362 Oberlin.
518 1333 622 1364 Zeun.
639 1335 776 1374 Bipont.
794 1335 933 1365 Wetzel.
950 1335 1080 1367 Wakef.
1098 1337 1179 1373 Fea,
1196 1335 1317 1372 Bothe,
1331 1335 1452 1373 Jaeck,
1467 1340 1501 1366 et
1519 1335 1670 1374 Doering.
1693 1334 1768 1364 allec

342 1370 532 1408 praeferunt
557 1375 668 1406 Bentl.
693 1376 834 1414 Cuning.
861 1376 986 1407 Sanad.
1013 1378 1099 1407 Phil.
1126 1377 1256 1407 Valart.
1283 1381 1318 1407 et
1348 1375 1525 1407 Heindorf.
1555 1377 1619 1407 aleo
1643 1377 1766 1407 Dacer.

342 1412 487 1453 sandby,
501 1421 536 1445 et
551 1416 730 1447 Batt.—10
753 1417 816 1447 His
830 1421 863 1447 ut
879 1419 962 1448 Exc.
978 1418 1057 1448 Sax.
1073 1419 1166 1448 Vatt.
1181 1417 1260 1455 ἀιιο,
1281 1418 1426 1448 Chisian.
1444 1420 1474 1447 1.
1497 1421 1533 1448 et
1556 1416 1734 1448 Barberin.
1748 1426 1768 1448 ι

341 1461 385 1483 m.
403 1463 452 1494 pr.
469 1460 503 1487 et
519 1456 567 1487 ita
580 1457 688 1489 edidit
703 1458 930 1498 Cuuing.—14
953 1459 1132 1490 Barberin.
1148 1462 1175 1490 1.
1200 1469 1220 1490 a
1241 1468 1282 1488 m.
1305 1468 1371 1490 sec.
1386 1460 1626 1499 praecedit.-15
1648 1457 1768 1489 Aletum

985 1553 1128 1585 NOTAE

385 1610 482 1642 Acria
496 1613 610 1644 circum
622 1613 753 1654 Rapula,
767 1615 837 1655 lym]
873 1615 964 1656 Apte
977 1626 1028 1648 sa-

343 1658 388 1689 tis
403 1659 443 1689 ad
461 1662 704 1694 emendandum
719 1662 873 1695 foetorem
891 1665 974 1705 apri.

384 1712 405 1739 9
427 1709 529 1752 siser]
563 1711 648 1743 Olus
666 1713 748 1744 utile
764 1714 947 1754 stomacho,
964 1715 1031 1746 uri-

343 1767 419 1789 nam
430 1759 535 1800 ciens,
550 1762 739 1801 appetitum
756 1763 919 1795 excitans.
942 1763 1031 1796 Gan.

341 1807 462 1849 chervy,
492 1809 543 1840 vel
569 1811 671 1841 aelris.
721 1812 910 1844 Dioscorid.
940 1813 1029 1844 Plin.

341 1859 405 1887 ὅτε.
433 1857 589 1890 Tiberius
627 1860 740 1891 Caesar
771 1871 812 1892 eo
842 1861 1030 1894 delectatus

342 1910 510 1938 narratur.

383 1954 499 1996 Hacec]
521 1955 609 1986 Vide
626 1963 665 1988 n.
680 1957 752 1988 Sat.
767 1960 798 1989 4.
813 1960 866 1989 73.

386 2005 510 2036 Facula
528 2005 606 2046 Coa]
628 2006 884 2038 Condimentum
899 2017 918 2039 e
934 2007 1033 2047 faece,

342 2054 412 2084 sive
436 2063 454 2085 e
478 2055 632 2086 crassiori
655 2056 843 2088 sedimento
867 2057 928 2088 Coi
950 2056 1031 2088 vini.

343 2112 384 2135 n.
400 2103 472 2135 Sat.
486 2106 517 2135 4.

385 2154 425 2182 10
448 2153 520 2183 Alte
534 2152 666 2192 cinctus]
689 2153 764 2185 Quo
780 2154 969 2194 expeditior
983 2153 1031 2186 fo-

345 2205 409 2231 ret.

384 2249 537 2280 Acer-num
552 2250 700 2290 mnsam]
717 2251 769 2281 Ex
786 2260 884 2283 acere
900 2251 1032 2291 arbore,

343 2299 435 2330 Gall.
450 2298 575 2329 Erable.
611 2299 701 2329 Plin.
719 2308 792 2330 xvr.
814 2303 865 2331 15.
895 2300 905 2317 ‘
918 2300 1033 2342 Acer,’

343 2347 464 2388 inquit,
487 2346 498 2364 ‘
514 2356 650 2388 operum
668 2348 836 2388 elegantia
851 2353 887 2379 et
902 2350 1032 2382 subtili-

344 2401 415 2428 tate
450 2397 536 2427 citro
573 2396 775 2427 secundum!
827 2397 963 2429 Pariter
997 2405 1033 2431 et

343 2446 495 2478 Martial.
511 2455 587 2477 xrv.
604 2449 657 2477 90.

389 2499 404 2526 1
413 2499 426 2526 l
453 2495 596 2536 Gausapa
602 2505 758 2536 purpureo
768 2505 902 2529 mensam
914 2501 1032 2538 perter-

344 2544 402 2584 sit]
421 2543 583 2584 Gausape
598 2550 635 2576 et
650 2555 808 2586 gausapa,
831 2549 1032 2586 peristroma

344 2602 404 2623 seu
421 2597 529 2633 tapes,
546 2603 612 2634 quo
636 2603 752 2625 mensa
774 2595 1033 2628 insternebatur.

345 2639 395 2671 At
405 2640 460 2671 hic
476 2641 655 2672 adhibetur
670 2642 712 2673 ad
730 2644 925 2683 tergendam
941 2654 1032 2675 men-

344 2697 427 2727 sam,
450 2699 522 2729 quae
549 2691 641 2722 nullo
664 2691 794 2723 mantili
814 2698 906 2724 tecta
929 2693 1031 2725 fuisse

347 2737 550 2770 ostenditur.

392 2789 429 2818 13
457 2787 497 2817 Ut
518 2788 624 2819 Attica
641 2788 745 2828 virgo]
768 2789 816 2820 Ut
831 2789 963 2822 Cereris
979 2800 1029 2822 sa·

1081 1626 1138 1648 cra
1155 1617 1186 1647 in
1203 1616 1358 1647 canistris
1382 1619 1496 1657 portat
1520 1616 1614 1656 virgo
1640 1614 1768 1653 Attica,

1066 1665 1224 1696 'sublatis
1252 1674 1353 1704 supra
1391 1668 1493 1705 caput
1520 1663 1684 1703 manibus,
1721 1663 1770 1694 ita

1083 1713 1226 1744 famulus
1243 1714 1309 1744 alte
1322 1712 1436 1744 defert
1449 1722 1528 1744 vasa
1538 1713 1678 1753 vinaria,
1694 1721 1768 1752 pro·

1085 1762 1240 1804 ceditque
1270 1763 1363 1794 lento
1392 1762 1509 1803 gradu,
1530 1761 1572 1792 ad
1596 1761 1717 1792 fastum
1733 1764 1768 1791 et

1087 1821 1254 1852 pompam.
1298 1811 1388 1842 Vide
1405 1820 1429 1842 1.
1444 1811 1512 1842 Sat.
1530 1813 1560 1841 Β.

1127 1862 1166 1890 14
1191 1858 1370 1899 Hydaspes]
1396 1859 1486 1889 Puer
1511 1857 1688 1897 formosus,
1715 1867 1768 1888 or-

1083 1913 1138 1940 tus
1153 1908 1186 1939 in
1203 1909 1356 1947 Parthia,
1382 1917 1488 1948 prope
1506 1907 1692 1948 Hydaspen
1707 1906 1768 1939 flu-

1083 1957 1185 1997 vium,
1200 1957 1343 1998 indeque
1359 1956 1503 1997 adeptus
1519 1965 1651 1988 nomen.
1678 1955 1768 1987 Vide

1081 2015 1106 2036 1.
1123 2005 1190 2036 Od.
1207 2009 1260 2037 22.

1126 2057 1163 2085 15
1191 2053 1336 2094 Coecuba]
1357 2055 1413 2084 De
1428 2053 1478 2084 his
1495 2063 1521 2085 1.
1538 2053 1604 2086 Od.
1619 2056 1671 2085 20.

1125 2102 1238 2143 Alcon]
1260 2103 1358 2134 Alter
1373 2103 1528 2134 famulus.

1126 2152 1238 2183 Chium
1255 2153 1349 2183 maris
1364 2152 1486 2192 expers]
1522 2153 1578 2184 De
1594 2152 1677 2184 Chio
1693 2151 1769 2183 vino

1083 2209 1126 2233 11.
1139 2201 1210 2232 Sat.
1225 2204 1257 2232 4.
1302 2201 1401 2234 Quod
1419 2201 1526 2237 addit,
1541 2202 1634 2232 maris
1650 2210 1769 2240 expers,

1083 2249 1137 2280 vel
1164 2249 1292 2280 indicat
1318 2249 1427 2279 vinum
1455 2250 1489 2280 in
1515 2250 1615 2280 Italia
1630 2248 1768 2288 factum,

1085 2299 1235 2340 adeoque
1251 2308 1316 2329 non
1335 2300 1602 2337 transmarinum,
1617 2297 1704 2339 quod
1722 2302 1769 2329 ta-

1085 2357 1160 2379 men
1184 2357 1246 2388 pro
1264 2347 1346 2379 Chio
1369 2352 1404 2377 et
1419 2347 1542 2378 Graeco
1560 2346 1766 2384 venditetur3

1084 2399 1138 2430 vel
1166 2399 1243 2430 hinc
1263 2399 1375 2439 jactat
1399 2406 1518 2437 purum
1544 2406 1632 2434 esse,
1655 2401 1692 2428 et
1715 2396 1768 2428 cui

1083 2448 1167 2479 nihil
1203 2456 1297 2488 aquae
1331 2446 1465 2476 marinae
1495 2444 1682 2476 admixtum
1711 2447 1767 2476 sit.

1086 2498 1172 2529 Nam
1197 2495 1349 2527 solebant
1364 2494 1476 2526 Graeci
1499 2494 1574 2525 vino
1593 2493 1768 2524 infundere

1084 2546 1242 2577 marinam
1259 2553 1392 2584 aquam,
1418 2548 1456 2574 ut
1469 2542 1611 2582 firmius,‘
1623 2542 1768 2575 defaeca-

1084 2597 1162 2634 tius,
1176 2599 1211 2626 et
1225 2594 1450 2633 incorruptius
1466 2592 1676 2625 redderetur.
1705 2594 1769 2624 Co-

1084 2645 1195 2676 lumel.
1225 2642 1349 2673 Athen.
1377 2642 1437 2673 lib.
1465 2651 1491 2673 1.
1512 2641 1600 2672 Plin.
1615 2649 1721 2673 xxm.
1736 2643 1767 2673 1.

1084 2693 1161 2724 Huc
1176 2691 1503 2732 pertinetoraculum
1517 2690 1683 2731 quoddam
1698 2699 1770 2730 pas-

1084 2743 1210 2774 toribus
1228 2742 1366 2780 edhum,
1382 2740 1625 2782 quodjubehat
1641 2740 1768 2781 Diony-

1083 2793 1164 2824 sium
1180 2793 1212 2823 iu
1230 2802 1317 2822 mare
1335 2799 1495 2830 mergere.
