1904 3256
734 285 921 319 EPODnN
958 286 1120 316 mnuR.
1567 275 1653 316 645

1630 382 1649 392 μ

426 379 546 430 Quid
561 392 661 430 noS‚
683 381 842 434 quibus
861 385 906 422 te
926 381 1023 423 vita
1038 381 1077 422 si
1097 381 1325 434 superstite
1625 393 1653 420 ο

482 447 512 488 J
515 447 715 499 ucunda3
747 449 786 489 si
808 451 973 499 contra,
996 449 1142 502 gravis
1156 449 1175 488 T

194 546 283 574 vente
312 546 342 574 te
372 547 468 583 grata
493 544 622 583 [πενίη
653 545 683 576 εἰ
724 555 823 587 secus,
856 544 1010 579 molesta?
1068 547 1121 579 An
1157 557 1198 579 ex
1230 546 1387 578 mandatis
1414 546 1478 576 otio
1503 546 1652 584 fruemur

801 628 1041 642 mommo„

193 683 246 711 tuo
271 679 402 720 signum
428 681 659 721 interrogandi
689 683 784 723 ponit
802 684 984 716 Bentl.——5
1009 683 1138 715 Omnes
1154 682 1256 715 codd.
1273 682 1428 724 Crnquii‚
1455 692 1541 714 unus
1567 684 1651 715 Tor-

192 723 307 763 rentii,
320 722 419 754 Harl.
433 727 464 755 4.
480 729 515 755 et
532 725 704 765 pleraeque
721 726 800 757 edd.
821 731 898 767 post
913 727 1053 758 Venett.
1071 728 1164 757 1477.
1181 728 1275 757 1478.
1291 728 1388 757 1479.
1413 725 1529 757 Lamb.
1545 725 1648 768 Cruq.

191 765 346 797 Torreat.
362 765 486 798 Heins.
501 767 621 808 steph.
641 769 752 799 Bond.
767 769 944 800 Schrevel.
969 769 1094 809 Delph.
1115 767 1240 800 Sanad.
1257 769 1408 804 Francis,
1431 769 1580 807 Towers,
1606 771 1649 801 al.

192 807 236 838 sit
259 808 448 848 superstite5
475 809 575 840 Harl.
590 813 618 842 1.
634 813 667 841 2.
683 813 715 842 3.
730 815 762 842 5.
784 811 934 843 Bentleii
952 811 1070 842 Graev.
1085 810 1216 842 Battel.
1232 810 1386 842 Galiens.
1404 810 1502 842 Leid.
1519 815 1555 842 et
1572 821 1590 842 a
1607 822 1652 844 m.

190 859 244 890 pr.
262 850 347 889 Reg.
365 851 440 882 Soc.
478 851 712 884 Gandavensis
729 854 867 894 optimae
883 857 974 884 notae
991 863 1048 894 ap.
1063 853 1221 884 Torreat.
1240 853 1324 884 Exc.
1339 853 1420 884 Sax.
1436 854 1519 884 Vet.
1534 854 1648 886 Scliol.

193 891 344 924 Florent.
368 895 463 924 1482.
486 894 629 926 Locher.
656 905 772 927 omnes
798 895 1008 932 Mancinelli,
1035 895 1148 926 Bentl.
1174 895 1316 936 Bipont.
1340 895 1479 927 Mitsch.
1504 896 1649 929 Wetzel.

190 933 329 967 Wakef.
342 941 376 966 et
394 936 499 967 Kidd.
514 938 544 968 si
557 937 736 978 superstite.
780 938 878 970 Idem
895 948 937 970 ex
952 939 1019 969 suis
1036 938 1256 980 protulerunt
1272 937 1495 977 Pulmannus,
1508 943 1543 969 et
1565 939 1651 970 Bar-

189 976 280 1008 thins
299 978 334 1009 in
348 977 494 1011 Advers.
511 988 657 1012 xxxvu.
674 984 727 1012 15.
749 981 777 1011 si
799 981 898 1013 deest
915 981 948 1012 in
970 982 1130 1013 Petrens.
1151 980 1306 1019 Magdat.
1321 986 1357 1012 et
1374 981 1473 1012 Bodl.
1488 981 1650 1018 Bentleii,

191 1024 226 1050 et
243 1020 297 1052 ed.
313 1020 457 1054 Cbabot.
501 1022 591 1053 ‘Sed
614 1023 815 1064 exquisitius
837 1029 891 1055 est
916 1024 959 1063 si,
985 1029 1037 1055 tot
1063 1024 1228 1054 librorum
1256 1023 1460 1063 scriptorum
1485 1033 1652 1056 consensu

190 1063 460 1104 comprobatum,
475 1064 522 1096 ita
536 1070 574 1096 ut
590 1066 691 1106 plena
706 1066 816 1097 oratio
832 1065 1014 1106 efficiatur,
1029 1066 1140 1107 quibus
1163 1066 1231 1097 vita
1259 1070 1308 1098 est
1321 1067 1475 1106 jucunda,
1499 1067 1527 1097 si
1543 1068 1597 1107 sit,
1620 1070 1650 1098 te

848 1151 987 1183 NOTAE

189 1209 246 1244 sis,
261 1209 440 1250 naufragio
466 1211 546 1244 belli
574 1212 679 1252 facto,
709 1219 783 1245 toto
806 1215 892 1245 mari
946 1215 1179 1256 Cleopatram,
1208 1216 1250 1247 ad
1278 1215 1416 1248 Actium
1448 1216 1543 1258 Epiri
1572 1227 1649 1258 pro-

189 1258 387 1301 ferebam-J
401 1263 465 1292 διο.
490 1262 694 1294 Plutarchus
711 1264 745 1294 in
762 1263 890 1295 Anton.

190 1310 347 1342 similite:
362 1310 482 1348 refert,
496 1313 642 1344 Caesaris
658 1323 762 1345 naves
781 1315 892 1345 Brun-

189 1361 277 1392 dusii
291 1366 328 1394 et
343 1362 484 1394 Tarenti
507 1362 690 1395 fabricatas
708 1364 750 1395 ad
766 1364 887 1395 celeri-

186 1414 305 1451 tatem,
317 1421 384 1443 non
398 1412 439 1443 ad
456 1412 586 1444 roboris
598 1413 863 1444 ostentationem
875 1424 885 1452 ς

185 1461 400 1494 Antonianas
431 1467 551 1494 contra
586 1463 705 1503 ligneis
736 1463 886 1495 turribus

186 1511 351 1553 excelsas,
374 1521 394 1544 e
422 1513 544 1553 quibus
570 1513 603 1544 in
631 1513 762 1546 hostem
794 1518 887 1546 cata-

185 1565 296 1607 pultas
326 1565 542 1598 emittebant.
586 1567 676 1599 Plin.
700 1577 827 1600 xxxii.
856 1571 886 1600 1.

181 1615 193 1634 ⁴
212 1614 367 1648 Armatae
390 1616 518 1648 classes
543 1617 720 1658 imponunt
736 1618 801 1649 sibi
818 1623 888 1650 tur-

185 1664 270 1697 rium
287 1667 553 1709 propugnacula,
581 1672 620 1700 ut
644 1668 678 1699 in
699 1668 784 1699 mari
808 1678 891 1709 quo-

185 1724 252 1757 que
281 1720 456 1757 pugnetur
488 1717 583 1748 velut
609 1726 628 1748 e
653 1718 771 1750 muris.
810 1718 890 1750 Heu

185 1765 316 1798 vanitas
345 1766 489 1799 bumana
508 1790 516 1799 .
532 1789 541 1798 .
554 1789 563 1798 .
576 1788 584 1797 .
602 1768 725 1799 Fertur
745 1767 891 1800 Actiaco

183 1815 300 1848 Marte
315 1816 466 1848 tenuisse
483 1817 678 1858 pretoriani
692 1818 804 1849 navim
819 1817 889 1849 An-

183 1867 267 1898 tonii
297 1867 480 1908 pisciculus
498 1889 614 1899 .....
631 1867 784 1909 Ideoque
812 1868 888 1899 (3ae-

182 1918 321 1949 sariana
334 1917 451 1948 classis
474 1917 604 1957 impetu
629 1917 758 1958 majore
781 1917 888 1958 proti-

185 1963 246 1999 nus
263 1966 381 2000 venit.’
417 1967 506 2000 Vide
523 1969 649 2009 Veget,
666 1970 780 2000 ιν.44.
810 1978 889 2000 nec·

185 2026 252 2048 non
281 2018 424 2050 Dionem
454 2019 624 2059 Nicaeum,
659 2018 730 2050 sive
759 2018 887 2051 Joaun.

188 2066 398 2108 Xiphilinum
415 2068 448 2099 in
471 2068 637 2109 Angusto,
662 2069 718 2099 ubi
745 2069 890 2102 scribit:

185 2112 196 2133 '⁴
215 2115 408 2151 Pugnatum
439 2123 494 2149 est
525 2118 615 2159 apud
645 2119 794 2160 Actium,
830 2121 889 2152 ubi

186 2175 277 2198 nunc
301 2167 476 2208 Nicopolis
502 2189 511 2197 .
580 2190 588 2198 .
603 2170 720 2200 Naves
746 2169 890 2203 Antonii

186 2222 285 2249 erant
301 2217 442 2249 navibus
457 2218 604 2250 hostium
619 2219 718 2260 longe
732 2221 891 2262 majores,

184 2261 374 2300 decii-emes
406 2270 597 2310 complures
601 2291 733 2303 ......
762 2271 803 2302 Iu
835 2272 887 2303 his

183 2319 362 2350 altissimas
373 2324 483 2351 turres
492 2319 666 2361 aedificari,
681 2325 784 2362 atque
797 2332 888 2362 mag·

183 2378 262 2400 num
289 2378 465 2400 numerum
497 2369 668 2401 hominum
695 2370 821 2411 imponi
853 2373 887 2403 in

185 2418 334 2450 turribus
354 2419 504 2460 jusserat
532 2442 541 2452 .
565 2443 574 2451 .
596 2443 604 2451 .
631 2420 684 2452 De
710 2421 888 2462 superiore

183 2467 260 2501 loco
288 2469 403 2501 hostes
431 2470 648 2502 oburuebant
673 2475 774 2513 atque
805 2472 885 2504 suh-

184 2520 387 2560 mergebant
408 2520 579 2562 lapidibus
601 2521 742 2563 aliisque
759 2523 886 2554 machi-

188 2568 342 2608 nis,'&c.

228 2620 248 2648 8
271 2619 408 2651 Paratus
436 2630 524 2652 omne
551 2621 687 2654 Coesaris
712 2623 886 2663 periculum

191 2667 317 2708 Subire]
337 2670 444 2702 Teste
470 2669 645 2712 Appiano,
669 2677 805 2703 secutus
832 2677 884 2704 est

188 2716 377 2757 Augustum
393 2719 564 2753 Maecenas
589 2732 664 2753 cum
687 2722 737 2754 M.
755 2721 883 2764 Agrip-

187 2776 243 2807 pa,
267 2766 300 2796 in
321 2766 470 2800 Siciliam
494 2770 656 2803 adversus
671 2772 767 2804 Sext.
783 2773 887 2804 Pom·

189 2817 323 2858 peium:
348 2816 430 2848 item
441 2824 558 2852 contra
571 2820 822 2854 M.Antonium
850 2826 887 2855 et

947 1266 1164 1297 montorium.
1186 1266 1274 1297 Vide
1282 1266 1371 1307 apud
1382 1266 1505 1307 Virgil.
1516 1267 1650 1299 AEneid.

945 1324 1029 1347 viu.
1047 1317 1237 1356 praesertim
1260 1327 1280 1348 a
1303 1327 1402 1348 versu
1419 1320 1494 1349 675.
1513 1317 1555 1348 ad
1571 1321 1649 1350 695.

944 1363 1097 1396 Actiacae
1116 1366 1268 1396 victoriae
1281 1366 1548 1405 descriptionem
1563 1378 1572 1398 τ
1590 1368 1648 1399 nbi

943 1414 1083 1454 egregia
1113 1414 1276 1454 Agrippae
1307 1415 1444 1455 quidem
1472 1416 1624 1448 laudatio
1639 1429 1647 1447 :

945 1468 981 1494 at
1011 1463 1132 1494 mirum
1160 1465 1251 1505 quod
1282 1464 1409 1496 ibidem
1443 1466 1646 1498 Maecenatis

941 1513 1035 1545 nulla
1050 1514 1191 1546 mentio.
1215 1515 1340 1546 Contra
1355 1515 1552 1556 Xiphilinus
1568 1527 1647 1549 mox

942 1563 1068 1595 citatus
1090 1564 1235 1595 alterum
1259 1564 1304 1596 ab
1336 1566 1445 1597 altero
1461 1575 1529 1597 non
1548 1576 1647 1607 sepa·

943 1619 1008 1654 rat,
1029 1614 1078 1646 ita
1099 1615 1276 1646 scribens:
1299 1616 1309 1634 ‘
1329 1615 1445 1647 Caesar
1469 1626 1508 1647 eo
1526 1616 1647 1656 praelio

943 1665 1056 1696 navali
1068 1665 1236 1706 superior.
1249 1688 1257 1696 .
1277 1687 1285 1696 .
1304 1687 1312 1695 .
1329 1686 1338 1695 .
1350 1686 1360 1695 .
1384 1665 1538 1706 Agrippa
1555 1666 1588 1697 in
1605 1676 1647 1698 eo

943 1714 1033 1746 bello
1057 1714 1187 1745 Caesari
1204 1724 1327 1755 magno
1355 1715 1430 1746 usui
1443 1715 1519 1747 fuit.
1557 1717 1646 1748 Nam

942 1769 979 1795 et
995 1763 1138 1796 Antonii
1153 1764 1316 1807 quasdam
1331 1765 1433 1796 urbes
1458 1766 1595 1803 evertit.
1612 1768 1647 1798 in

941 1814 1063 1856 quibus
1078 1814 1229 1847 habebat
1242 1815 1383 1847 bellicos
1396 1821 1594 1858 apparatus,
1610 1823 1646 1850 et

941 1865 1016 1906 ejus
1040 1864 1256 1897 adversarios
1276 1866 1398 1897 crebro
1425 1867 1518 1899 vicit.
1551 1869 1645 1901 Quas

941 1915 987 1947 ob
1003 1925 1056 1947 res
1069 1916 1100 1947 ei
1115 1919 1219 1957 atque
1241 1916 1426 1947 Ma’cenati
1444 1922 1572 1948 tantam
1587 1929 1645 1959 po-

940 1968 1102 1997 testatem
1131 1964 1257 1996 detulit
1275 1965 1390 1997 Caesar
1408 1966 1442 1997 in
1461 1968 1561 1998 rebus
1578 1978 1647 1999 om-

941 2015 1053 2057 nibus,
1076 2019 1114 2046 ut
1138 2015 1253 2046 literas
1283 2026 1511 2058 quascumque
1527 2018 1568 2048 ad
1584 2019 1645 2050 Se-

941 2069 1059 2097 natum
1083 2065 1138 2096 vel
1163 2066 1247 2096 alios
1275 2066 1444 2105 mitteret,
1469 2068 1534 2108 ipsi
1552 2068 1646 2108 prius

940 2116 1059 2156 legere
1076 2120 1231 2157 possent,
1247 2122 1282 2147 et
1299 2117 1407 2160 exeis
1424 2128 1499 2159 quae
1517 2119 1646 2150 vellent

942 2167 1143 2199 immutare:
1167 2166 1266 2208 cujus
1291 2167 1337 2198 rei
1362 2177 1465 2199 causa
1485 2170 1644 2200 annulum

941 2217 986 2248 ab
1008 2227 1048 2248 eo
1064 2222 1284 2258 acceperant,
1308 2228 1375 2260 quo
1398 2219 1513 2250 literas
1530 2220 1646 2259 obsig-

940 2267 1088 2300 natent!
1109 2269 1154 2299 Et
1172 2274 1314 2309 postea:
1332 2274 1341 2287 ¹
1358 2270 1402 2301 de
1423 2271 1572 2311 Imperio
1589 2271 1646 2301 de-

942 2319 1098 2360 ponendo
1128 2320 1247 2351 Caesar
1277 2319 1562 2353 deliberationem
1587 2322 1645 2352 lia-

941 2369 1017 2400 buit
1033 2379 1109 2401 cum
1124 2368 1281 2410 Agrippa
1293 2375 1329 2401 et
1345 2371 1551 2410 Maecenate,
1567 2381 1643 2402 cum

940 2420 1062 2462 quibus
1086 2421 1360 2452 communicabat
1387 2421 1499 2451 omnia
1521 2430 1644 2451 arcana

939 2471 1093 2502 consilia.
1129 2472 1183 2502 Ex
1198 2471 1248 2502 liis
1273 2470 1427 2510 Agrippa
1442 2470 1644 2502 consulebat

933 2520 1067 2562 justius
1097 2543 1105 2551 .
1123 2543 1132 2552 .
1150 2541 1158 2550 .
1175 2542 1184 2552 .
1206 2542 1216 2551 .
1239 2542 1247 2551 .
1277 2520 1450 2550 Maecenas
1480 2519 1642 2560 majorem

938 2570 1098 2601 utilitatis
1124 2569 1272 2600 habebat
1302 2568 1468 2599 rationem
1487 2590 1643 2602 .......

939 2622 1057 2652 Caesar
1080 2619 1268 2651 Maecenati
1294 2628 1449 2649 assensus
1472 2622 1537 2654 est,
1553 2630 1641 2650 sum.

936 2670 1048 2711 sitque
1064 2678 1187 2700 nomen
1205 2668 1493 2709 Imperatorium,’
1507 2671 1571 2700 διο.

983 2725 1001 2751 5
1029 2720 1072 2751 Te
1093 2721 1159 2750 vita
1181 2719 1209 2749 si
1228 2719 1396 2759 superstite
1420 2720 1567 2751 Jucumla
1579 2731 1590 2757 ;
1614 2721 1642 2751 m·

939 2775 1061 2813 contra,
1075 2770 1200 2811 gravis]
1225 2769 1314 2802 Vide
1331 2780 1371 2802 ιι.
1389 2770 1458 2803 od.
1477 2774 1527 2804 17.
