1956 3236
636 288 913 320 SERMONUM
948 289 1044 320 mn.
1077 263 1107 319 ι’.
1135 279 1179 320 4.
1543 278 1629 321 833

179 385 216 435 ql
240 386 317 427 Me
338 383 619 439 Capitolinus
639 384 888 425 convictore
906 396 1013 425 usus
1035 384 1201 425 amico-

180 466 269 507 que
291 466 319 494 a
336 465 471 506 puero
491 455 574 500 est,
596 463 824 504 causaque
844 463 943 492 mea
965 452 1179 505 permulta
1196 455 1373 504 rogatus

178 519 335 572 Fecit;
366 525 413 560 et
433 518 665 561 incolumis
683 518 811 558 laetor
830 518 950 571 quod
971 518 1084 559 vivit
1102 518 1149 558 in
1170 517 1314 561 Urbe:

179 587 270 629 Sed
286 592 431 629 tamen
451 585 657 635 admiror,
678 598 768 639 quo
790 589 925 639 pacto
941 586 1159 640 judicium
1178 585 1287 627 illud

179 653 374 708 Fugerit.
430 652 467 702 ἿῘ
488 652 581 694 Hic
601 653 734 706 nigrae
754 666 915 694 succus
934 653 1128 706 loliginis
1145 666 1156 704 ;
1186 653 1282 695 haec
1304 657 1373 695 est

179 722 346 775 AErugo
366 733 510 772 mera3
541 720 663 774 quod
685 721 837 761 vitium
856 720 1013 773 procul
1034 720 1152 760 afore
1172 720 1351 771 chartis,

177 788 324 842 Atque
343 786 488 829 animo
505 788 644 841 prius,
667 791 716 828 ut
737 788 776 828 si
796 787 902 841 quid
921 787 1168 840 promittere
1191 786 1246 827 de
1267 800 1336 828 me

177 855 370 897 Possum
390 855 514 897 aliud
529 867 644 905 vere,
663 855 883 908 promitto.
941 854 1146 895 Liberius
1169 855 1207 894 si

177 922 351 963 Dixero
370 923 493 977 quid,
513 923 551 964 si
571 923 680 964 forte
692 922 895 976 jocosius
912 934 924 973 ;
955 921 1040 963 hoc
1062 922 1166 962 mihi
1179 922 1294 976 juris

177 988 290 1031 Cum
311 991 440 1032 venia
459 989 615 1032 dabis:
646 989 839 1030 insuevit
859 992 983 1042 pater
1002 990 1196 1042 optimus
1216 989 1301 1031 hoc
1323 1003 1418 1043 me3

1546 659 1629 699 100

1547 994 1632 1037 105

175 1119 337 1151 concitam
351 1121 460 1152 habuit
475 1125 506 1152 et
514 1121 723 1159 familiarem,
733 1124 919 1160 rogatusque
935 1120 1008 1151 bene
1024 1121 1123 1151 multa
1134 1119 1201 1159 egit
1216 1121 1247 1151 in
1260 1120 1321 1151 mei
1332 1119 1488 1158 gratiam:
1509 1120 1631 1158 gaudeo

176 1165 261 1192 certe
270 1164 350 1202 quod
367 1163 477 1194 Romae
491 1173 594 1203 sospes
604 1163 708 1202 cleg-it.-
728 1166 866 1194 attamen
881 1162 1017 1192 demiror
1026 1172 1086 1202 qua
1099 1162 1221 1193 ratione
1232 1161 1381 1203 effugerit
1395 1162 1488 1193 istam
1501 1164 1631 1193 damna-

177 1203 301 1235 tionem.
346 1205 398 1235 En
410 1205 463 1236 ille
476 1205 586 1236 humor
600 1209 647 1236 est
661 1208 740 1236 atrae
757 1205 853 1245 sepiae
864 1215 874 1235 .·
897 1205 976 1235 illud
989 1213 1106 1236 merum
1120 1205 1207 1236 virus
1217 1215 1228 1235 .-
1249 1206 1328 1245 quod
1344 1205 1458 1236 malum
1471 1214 1491 1236 a
1506 1203 1633 1244 scriptis

179 1245 256 1276 meis
268 1249 359 1286 atque
372 1251 465 1278 antea
474 1248 514 1278 ab
527 1248 630 1278 animo
644 1257 710 1278 meo
724 1247 815 1286 longe
821 1246 969 1284 futui-um
981 1247 1103 1278 sincere
1114 1248 1247 1288 spondeo
1259 1257 1272 1284 ;
1294 1250 1443 1288 quantum
1457 1247 1495 1278 de
1510 1257 1558 1278 me
1572 1246 1632 1276 ali-

178 1288 254 1326 quid
264 1290 413 1328 spondere
428 1289 512 1321 licet.
557 1289 604 1321 At
621 1299 693 1320 vero
707 1290 736 1320 si
749 1289 906 1329 quidpiam
928 1290 1046 1320 locutus
1056 1290 1153 1327 fitero
1174 1289 1269 1320 nimis
1291 1290 1395 1324 libere,
1408 1292 1477 1320 -aut
1491 1289 1631 1327 fortasse

179 1329 402 1368 nimissestive
415 1343 428 1370 ;
449 1332 530 1364 hanc
550 1332 627 1363 mila·
643 1332 802 1363 licentiam
815 1341 882 1362 cum
898 1332 1094 1371 indulgentia
1109 1331 1307 1363 condonabis.
1351 1332 1478 1363 Etenim
1497 1331 1632 1372 optimus

785 1435 1023 1448 eeeeeeeeeeee

176 1499 254 1530 Sax-
267 1499 407 1538 defenses
421 1500 675 1540 Cuning.—-lol
702 1497 790 1530 Edd.
811 1502 898 1529 vett.
918 1498 1024 1536 abfore
1038 1509 1052 1535 ;
1074 1507 1191 1529 omnes
1214 1497 1354 1538 Cruquii
1372 1502 1502 1538 praeter
1515 1508 1631 1539 unum,

173 1539 271 1579 afore.
312 1544 322 1559 ‘
338 1543 398 1574 Sic
423 1542 552 1574 habent
579 1543 733 1582 plerique
757 1541 891 1572 codices
907 1550 1078 1572 manuscr.
1103 1541 1194 1581 iique
1222 1541 1322 1578 longe
1346 1541 1493 1580 optimi:
1517 1551 1630 1582 neque

174 1581 314 1617 dubium
340 1588 403 1622 est,
427 1584 508 1626 quin
537 1585 587 1616 ita
610 1584 655 1616 sit
680 1583 935 1624 reponendum:
961 1593 1037 1614 nam
1059 1593 1169 1624 neque
1191 1583 1200 1600 ‘
1216 1581 1336 1622 abfui‚'
1360 1583 1541 1621 ‘abfuisti,'
1563 1587 1629 1615 διο.

172 1628 306 1667 neque‘
331 1625 476 1665 absore,'
493 1636 605 1668 neque
631 1629 641 1644 ‘
654 1625 850 1657 abfuturum
866 1625 874 1638 '
894 1625 1052 1656 dicebant
1067 1630 1220 1656 veteres:
1245 1625 1306 1655 sed
1323 1629 1332 1642 ‘
1350 1624 1445 1664 afui‚'
1467 1625 1478 1642 ‘
1493 1625 1631 1662 afuisti:

173 1666 238 1699 διο.
254 1674 289 1700 et
309 1670 318 1686 ‘
336 1668 434 1700 afore
448 1669 457 1683 ’
481 1677 517 1701 et
533 1668 754 1700 ‘afuturum'
775 1668 883 1699 Lamo.
928 1668 1035 1698 Mart.
1052 1667 1191 1708 Cruquii
1206 1672 1242 1698 et
1258 1671 1327 1698 tres
1341 1667 1462 1706 optimi
1476 1677 1530 1706 ap.
1547 1668 1631 1699 Tor-

173 1710 489 1752 reat-affore.—103
514 1712 647 1743 Possum
661 1711 782 1751 aliquid
794 1711 892 1741 Harl.
909 1712 942 1740 4.
958 1713 990 1741 6.
1003 1710 1120 1741 Graev.
1136 1720 1155 1740 a
1170 1719 1215 1739 m.
1240 1718 1292 1748 pr.
1308 1709 1386 1740 Vet.
1403 1709 1522 1740 Comb.
1537 1715 1572 1740 et
1585 1710 1629 1742 al.

173 1756 260 1785 vett.
307 1754 438 1785 Possum
460 1754 548 1785 aliud
570 1756 609 1785 de
632 1764 680 1785 me
701 1753 849 1794 promitto
876 1752 968 1783 Han.
994 1762 1050 1792 ap.
1071 1751 1285 1782 Gesn.—1o5
1314 1751 1411 1782 Harl.
1428 1754 1461 1782 7.
1487 1751 1630 1783 instituit

169 1798 264 1835 paler
277 1796 411 1836 optimus
424 1796 480 1827 hoc
496 1806 553 1828 me.
600 1796 720 1828 Lamb.
742 1796 833 1836 conj.
862 1795 978 1825 insevit
1001 1798 1093 1835 pater
1120 1794 1254 1834 optimus
1276 1793 1332 1824 hoc
1355 1793 1412 1833 mi,
1437 1800 1471 1825 et
1495 1794 1630 1834 recepit

174 1835 315 1870 Chabot.
330 1838 516 1870 italnabent
533 1839 685 1871 Bentleii
701 1838 826 1879 Regin.
843 1847 862 1868 a
877 1847 921 1868 m.
936 1846 988 1877 pr.
1005 1842 1042 1867 et
1054 1837 1277 1867 Tri¹1i1.inter
1292 1836 1400 1867 lineas
1414 1846 1424 1875 ς
1448 1836 1536 1877 quod
1552 1845 1628 1876 pro-

826 1932 969 1965 No'rAE

217 2009 280 2038 100
303 2006 370 2038 Hic
379 2008 484 2047 nigrae
497 2018 606 2040 succus
615 2007 770 2048 loliginis]
785 2007 870 2038 Sen-

173 2064 230 2086 sus
253 2059 324 2087 est:
347 2057 439 2088 Talis
454 2058 578 2096 oratio,
603 2059 668 2089 etsi
684 2057 808 2088 blanda
823 2057 870 2087 vi-

173 2105 307 2142 deatur,
322 2109 373 2136 est
387 2115 493 2146 pravo
509 2108 620 2138 animo
639 2111 674 2137 et
691 2105 804 2137 studio
820 2115 871 2135 re·

172 2152 282 2193 ferta3
305 2155 437 2196 hocque
451 2155 713 2187 maledicentior
727 2159 764 2186 et
779 2163 873 2186 acer-

172 2201 264 2245 bior,
290 2204 381 2246 quod
411 2205 573 2237 amicitiae
603 2205 752 2247 speciem
786 2214 871 2247 prae·

171 2251 254 2285 fert.

217 2302 334 2343 Nigra·
347 2313 455 2336 niceas
469 2305 625 2347 loliginis]
651 2304 807 2346 Metaph.
824 2305 871 2336 lo-

170 2350 240 2394 ligo
265 2353 382 2393 piscis,
406 2364 425 2385 e
449 2356 617 2396 sepiarum
640 2366 780 2397 genere,
810 2356 871 2386 hu-

170 2408 299 2434 morem
323 2407 434 2435 atrum
463 2415 524 2445 pro
551 2406 717 2446 sangnine
746 2406 870 2444 habet;

171 2451 263 2483 unde
278 2452 368 2485 intus
383 2455 483 2495 nigra
506 2459 649 2488 externe
666 2457 741 2487 alba
757 2456 873 2496 expri-

172 2499 235 2531 mit
249 2502 376 2542 optime
391 2503 544 2544 livorem,
559 2510 594 2537 et
606 2505 730 2536 mentis
748 2506 872 2545 impro-

171 2547 315 2581 bitatem
324 2551 437 2583 verbis
446 2554 604 2586 suavibus
612 2555 799 2596 palliatam,
807 2557 872 2586 vel-

173 2597 226 2627 uti
240 2602 277 2628 et
294 2599 498 2634 obvelatam.
524 2603 650 2638 Psalm.
662 2615 736 2637 mv.
759 2607 768 2622 ‘
785 2606 872 2636 Mol-

173 2645 229 2676 liti
241 2651 320 2678 sunt
341 2657 512 2683 sermones
533 2653 607 2696 ejus
629 2665 731 2696 super
745 2656 871 2695 oleum,

175 2697 214 2725 et
227 2693 293 2735 ipsi
309 2701 386 2727 sunt
394 2699 532 2738 jacula?

220 2746 283 2775 1⁰1
312 2745 432 2786 AErugo
444 2751 543 2791 mera]
570 2753 704 2786 Merum
722 2756 826 2789 virus.

220 2795 357 2836 AErugo]
377 2796 469 2829 Gall.
492 2800 522 2831 la
545 2803 654 2835 maille
673 2807 712 2837 de
730 2806 870 2847 l'airain,

261 2847 388 2889 Delph.
399 2854 430 2881 et
451 2852 527 2884 Var.
539 2854 624 2888 Clu.

851 2860 974 2892 Horat.

925 2007 953 2038 le
967 2009 1035 2038 vert
1050 2007 1088 2038 de
1098 2007 1179 2046 gris.

970 2057 1062 2092 Quod
1079 2058 1191 2088 vitium
1203 2056 1309 2096 procul
1319 2055 1416 2094 afore,
1430 2055 1499 2096 εἷα]
1522 2055 1628 2096 Spon-

926 2105 991 2137 deo
1006 2116 1060 2137 me
1074 2116 1139 2138 nec
1162 2106 1275 2137 animo
1297 2106 1527 2147 cogitaturum
1550 2116 1628 2146 pra-

927 2165 980 2195 ve,
995 2166 1059 2188 nec
1082 2157 1115 2188 in
1139 2157 1264 2189 chartis
1281 2156 1491 2197 scripturum
1507 2156 1627 2196 malig-

926 2215 981 2246 ne,
1006 2206 1088 2239 ficta
1111 2208 1145 2238 in
1168 2216 1359 2247 quenquam
1376 2205 1628 2237 benevolentia.

926 2255 1074 2288 Ennius:
1112 2258 1122 2274 ‘
1139 2257 1189 2287 Eo
1227 2255 1365 2296 ingenio
1401 2259 1503 2286 natus
1530 2265 1624 2286 sum:

926 2307 1108 2338 amicitiam
1122 2312 1226 2347 atque
1239 2306 1448 2339 inimicitiam
1464 2307 1499 2338 in
1511 2307 1626 2339 fronte

925 2360 1087 2396 promtam
1102 2355 1206 2396 gero.’

970 2409 1030 2438 105
1054 2407 1196 2438 Insoerit
1215 2410 1307 2448 pater
1328 2408 1460 2447 optinens
1485 2406 1541 2436 hoc
1563 2405 1626 2444 me]

925 2455 980 2486 Ad
991 2455 1070 2495 hoc,
1086 2457 1139 2487 vel
1150 2456 1183 2487 in
1200 2457 1262 2487 hoc
1278 2466 1331 2487 me
1346 2453 1536 2486 assuefecit.
1560 2454 1626 2484 Le-

926 2509 1012 2545 gunt
1042 2506 1111 2542 alii,
1145 2506 1259 2536 insevit
1284 2509 1375 2544 pater
1400 2503 1536 2542 optimus
1570 2502 1626 2533 hoc

925 2555 979 2587 mi.
1008 2554 1050 2585 Id
1064 2559 1135 2585 est:
1161 2555 1234 2585 Hos
1258 2554 1339 2583 milii
1364 2561 1472 2582 mores
1487 2550 1626 2583 indidit.

926 2603 1076 2634 Perinde
1093 2607 1158 2633 est.
1196 2602 1385 2641 Mai-cilius,
1410 2605 1448 2632 ut
1475 2602 1624 2641 priorem

923 2654 1104 2685 lectionem
1144 2657 1294 2691 tueatur,
1331 2653 1403 2682 vult
1441 2651 1623 2683 Horatium

924 2702 1113 2744 scripsisse,
1134 2702 1203 2733 hoie
1219 2712 1280 2742 pro
1295 2701 1377 2738 huic,
1391 2700 1479 2732 unde
1494 2701 1626 2732 librarii

922 2753 1070 2785 fecerint
1093 2753 1170 2784 hoc.-
1193 2761 1259 2783 uon
1285 2751 1451 2783 absurdus
1474 2751 1623 2783 omnino.

923 2806 979 2838 Ita
995 2812 1126 2838 veteres
1141 2804 1329 2846 scripsisse,
1343 2804 1463 2836 saltem
1479 2803 1598 2844 liquet.

1463 2860 1481 2888 3
1506 2857 1538 2888 G
