1904 3256
431 261 513 301 ‘702
895 274 937 312 Q.
968 273 1173 304 ΗοΒΑΤιι
1206 271 1376 303 nacci

596 363 735 404 Simul
754 364 932 404 calentis
951 363 1267 403 inverecundus
1286 363 1412 404 Deus

652 428 908 468 Fervidiora
926 438 1045 465 mero
1066 438 1222 468 arcana
1240 430 1457 480 promorat
1475 427 1586 468 loco.

596 491 729 541 Quod
750 491 787 531 si
805 491 912 530 meis
931 490 1132 531 inaestuat
1156 492 1406 543 praecordiis

649 556 805 595 Libera
822 555 937 604 bilis,
954 560 1004 596 ut
1020 555 1116 596 haec
1135 555 1300 608 ingrata
1319 558 1459 598 ventis
1479 556 1648 598 dividat

593 621 818 669 Fomenta,
839 620 998 661 vulnus
1015 620 1077 660 nil
1097 621 1256 662 malum
1275 622 1460 662 levantia
1477 635 1488 673 3

648 685 831 725 Desinet
849 684 1083 737 imparibus
1103 690 1264 726 certare
1284 690 1520 727 summotus
1539 687 1692 739 pudor.

591 748 682 789 Ubi
699 749 794 789 haec
813 761 990 790 severus
1008 754 1050 790 te
1069 750 1215 802 palam
1235 751 1528 802 laudaveram,

645 814 675 854 J
678 827 806 855 ussus
827 814 947 854 abire
967 813 1154 863 domum,
1172 814 1340 856 ferebar
1358 817 1519 857 incerto
1538 817 1650 869 pede

1786 493 1841 533 15

1781 816 1838 857 20

419 928 504 950 mens
522 919 663 958 pauperis
675 928 736 950 mm
752 920 932 959 prevaleret
946 920 1087 959 quaestui.
1129 919 1288 952 Addebam
1305 930 1413 961 porro:
1438 922 1527 957 Quod
1541 922 1570 953 si
1583 921 1679 953 libera
1693 922 1837 960 indigum-

419 961 464 991 11‘0
487 970 536 990 cor
557 969 654 990 meum
675 959 853 999 inflammet,
873 964 908 991 ut
930 961 964 991 in
982 971 1073 992 auras
1086 961 1212 1001 dissipet
1225 962 1349 993 molesta
1364 963 1426 993 hoec
1446 963 1557 1002 pabula
1569 972 1755 1003 nequaquam
1767 963 1836 993 aab·

417 1002 552 1032 levantia
566 1003 697 1032 dolorem
710 1001 876 1040 improbum
884 1011 896 1037 ,-
917 1003 1057 1041 protinas
1070 1002 1185 1040 abiecto
1206 1004 1385 1034 verecundia
1398 1003 1525 1034 cessabit
1543 1013 1681 1043 pag-nare
1694 1005 1838 1035 adverus

417 1043 589 1083 inequales.
631 1042 677 1073 At
695 1045 854 1082 portquam
867 1043 927 1074 ista
941 1052 1041 1074 coram
1058 1046 1089 1074 te
1109 1044 1248 1082 graviter
1260 1047 1438 1085 statueram,
1450 1048 1570 1084 accepto
1583 1046 1726 1076 mandato
1739 1045 1837 1076 disce-

1007 1122 1242 1136 oeooeeoeeeeae

419 1173 561 1204 Wetzel.
576 1173 708 1205 Wakef.
722 1174 838 1206 Comb.
853 1179 889 1206 et
901 1174 1087 1206 Kidd.—14
1103 1175 1281 1206 Fervidiore
1290 1176 1386 1207 Harl.
1401 1179 1432 1208 1.
1446 1179 1478 1207 2.
1493 1178 1565 1207 SA.
1579 1179 1612 1208 6.
1626 1176 1724 1209 codd.
1735 1177 1836 1209 Bera-

417 1215 531 1245 manni
546 1220 581 1245 et
596 1216 743 1246 Mancin.
758 1225 871 1247 omnes
888 1217 1038 1256 Cruquii,
1052 1216 1232 1255 Torrentii,
1246 1226 1321 1248 cum
1334 1217 1411 1248 edd.
1427 1217 1543 1248 Lamb.
1558 1217 1660 1258 Cruq.
1679 1218 1834 1250 Torrent.

418 1253 540 1287 Heius.
568 1256 683 1296 Steph.
710 1257 820 1288 Bond.
848 1258 1020 1288 Sclirevel.
1043 1257 1165 1297 Delph.
1193 1258 1334 1289 Chabot.
1370 1259 1483 1298 BentJ.
1517 1258 1665 1297 Francis,
1691 1260 1834 1291 wetzel.

416 1292 554 1328 Mitsch.
566 1302 601 1328 et
617 1297 720 1329 Kidd.
764 1298 947 1330 fervidiora
962 1298 1040 1330 edd.
1056 1303 1142 1329 vett.
1157 1299 1257 1330 Baxt.
1272 1299 1374 1330 Geso.
1391 1299 1497 1330 Zeun.
1519 1298 1656 1330 Wakef.
1667 1305 1702 1331 et
1717 1300 1834 1332 Comb.

417 1340 500 1368 —15
523 1337 621 1369 Harl.
639 1342 668 1369 l.
681 1341 713 1370 2.
728 1342 759 1370 3.
773 1342 805 1370 4.
821 1343 852 1371 ὃ.
874 1338 1014 1370 νεηεῐῐέ
1034 1340 1112 1370 Vet.
1129 1339 1243 1371 Comb.
1260 1340 1375 1371 Lamb.
1397 1340 1496 1380 Cruq.
1512 1341 1671 1372 Torrent.
1695 1341 1835 1373 chabor.

417 1377 540 1416 Delph.
555 1379 670 1410 Bentl.
693 1380 843 1418 Francis,
869 1384 906 1410 et
930 1380 1041 1410 Bentl.
1057 1380 1223 1416 inaeetuess·
1243 1380 1414 1411 Sclirevel.
1428 1381 1668 1412 inuentam—1⁷
1691 1381 1788 1412 Harl.
1802 1385 1835 1414 8.

416 1418 463 1448 nil
476 1418 572 1455 muli;
595 1419 751 1451 Glarean.
765 1420 812 1451 nil
824 1421 936 1451 malum
948 1421 1206 1452 alternantia—19
1233 1421 1275 1451 Ut
1289 1421 1354 1451 haec
1369 1421 1464 1452 Harl.
1476 1424 1508 1453 6.
1532 1427 1567 1453 et
1579 1422 1629 1453 sic
1648 1421 1755 1454 edidit
1769 1423 1834 1454 Cu·

1057 1503 1195 1535 NOTAE

459 1566 498 1594 13
521 1563 621 1594 Simul
633 1564 771 1602 calentis,
783 1565 853 1604 εἶα]
887 1564 1028 1597 Quoties
1044 1574 1100 1596 ve-

415 1621 453 1643 ro
469 1612 633 1651 Bacchus,
644 1612 677 1642 id
689 1617 755 1651 est,
767 1613 891 1651 vinum,
905 1622 958 1643 me
972 1613 1098 1644 ebrium

414 1660 556 1695 fecerat,
573 1665 674 1700 atque
690 1660 774 1691 adeo
793 1661 965 1701 loquacem
989 1666 1027 1692 et
1048 1661 1098 1692 iu-

414 1706 660 1746 verecundum3
696 1708 794 1739 toties
827 1708 1005 1749 applorans
1034 1709 1097 1740 tibi

414 1755 582 1787 nudabam
604 1756 726 1786 mentis
747 1766 830 1788 meae
849 1757 996 1797 vulnera,
1010 1766 1097 1788 amo·

411 1805 457 1835 ris
472 1810 642 1836 tormenta
656 1809 691 1835 et
711 1806 888 1837 cruciatus.

456 1856 495 1883 15
521 1853 649 1887 Quodsi
661 1853 746 1890 meis,
765 1853 833 1893 85⁶2]
854 1854 905 1884 Ex
923 1858 1095 1884 contemtu

412 1901 463 1932 sui
491 1901 612 1932 amoris
638 1902 808 1932 oriebatur
838 1902 1022 1940 indignatio
1058 1908 1094 1932 et

411 1950 465 1981 ira
480 1949 636 1980 adversus
658 1950 847 1988 1nachiam3
864 1955 901 1981 et
914 1951 990 1981 hinc
1005 1959 1092 1981 com-

410 1998 550 2029 minatio
576 2007 613 2029 se
639 2007 712 2028 eam
741 1998 899 2029 oblivioni
927 1998 1093 2030 daturum.

411 2046 479 2078 Sed
505 2046 599 2077 brevi
627 2046 756 2077 redibat
782 2047 825 2078 ad
848 2047 990 2087 priorem
1014 2055 1094 2086 erga

409 2095 502 2126 illam
533 2094 684 2125 ardorem
699 2105 708 2133 ;
730 2104 794 2135 quo
821 2095 873 2126 vel
902 2095 1022 2125 invitus
1049 2095 1092 2126 ad

411 2152 484 2175 eam
499 2143 670 2174 serebatur
686 2152 725 2174 ac
740 2143 947 2174 trahebatur.

453 2194 493 2223 16
520 2192 563 2222 Ut
588 2192 652 2222 hoec
684 2192 810 2231 ingrata
839 2192 935 2223 ventis
961 2192 1091 2231 dividat,

408 2239 477 2279 &cd
500 2239 549 2270 Ut
577 2240 693 2279 procul
715 2241 875 2279 expellat,
896 2243 932 2270 et
957 2241 1090 2280 penitus

407 2297 450 2320 ex
465 2287 574 2318 animo
589 2287 739 2318 excutiat
750 2297 789 2318 ac
802 2287 915 2319 deleat
926 2288 991 2318 ista
1002 2298 1090 2320 amo-

407 2337 455 2367 ris
470 2335 619 2367 fomenta
634 2335 868 2376 alimentaque,
884 2346 1004 2376 nempe
1021 2346 1090 2367 sus·

407 2384 506 2424 piria,
530 2383 711 2422 silentium,
728 2384 904 2423 lacrymas,
925 2385 1090 2424 querimo-

408 2432 495 2472 nias,
508 2431 619 2462 anxias
630 2431 730 2462 animi
743 2441 854 2463 secum
869 2432 1087 2471 luctationes;

408 2490 484 2522 quae
500 2479 611 2512 omnia
621 2480 808 2512 accendunt
821 2481 932 2521 potius
944 2491 1089 2512 amorem

407 2533 444 2561 et
454 2534 578 2569 augent
586 2528 782 2567 cruciatum,
797 2539 895 2570 quam
907 2531 1020 2561 levant
1032 2534 1091 2561 aut

407 2578 544 2609 sedant.

452 2629 492 2658 18
513 2627 641 2658 Desinet
655 2627 820 2667 imparibus
833 2630 949 2659 certare
962 2637 1089 2659 sumnia·

410 2678 459 2705 tus
476 2675 588 2715 pudor]
624 2676 691 2707 Alii
705 2677 802 2707 aliter
816 2677 924 2708 locum
939 2677 1025 2707 hunc
1039 2677 1088 2706 in-

409 2723 573 2764 telligunt.
615 2725 717 2758 Suum
733 2726 852 2767 cuique
863 2726 907 2758 sit
918 2725 1087 2758 arbitrium

1151 1565 1349 1605 expiscandi
1365 1575 1478 1597 sensus
1494 1576 1596 1598 novos
1609 1577 1619 1605 ;
1644 1577 1707 1607 ego
1721 1568 1769 1600 sic
1784 1569 1834 1599 in·

1151 1617 1322 1653 terpretor
1341 1622 1417 1644 cum
1437 1614 1645 1646 Pulmanno:
1671 1616 1748 1646 Non
1764 1625 1832 1647 am-

1150 1661 1236 1701 plius
1249 1661 1398 1692 Inachiae
1415 1662 1548 1701 procaci
1561 1671 1614 1693 me
1629 1663 1832 1696 summittam

1149 1709 1278 1749 pudens
1300 1710 1456 1741 nimium:
1486 1711 1547 1741 sed
1575 1721 1647 1743 eam
1674 1721 1831 1753 asperna-

1150 1758 1222 1798 bor,
1241 1758 1458 1800 desinamque
1472 1760 1596 1791 sectari
1609 1762 1782 1801 imparem,
1795 1762 1832 1793 id

1148 1811 1213 1845 est,
1240 1807 1344 1837 amori
1371 1816 1446 1838 meo
1474 1817 1539 1838 nou
1561 1808 1829 1848 respondentem.

1147 1855 1210 1884 Vel
1226 1855 1295 1885 sic:
1320 1855 1403 1885 Cum
1417 1855 1592 1894 imparibus,
1613 1856 1646 1887 id
1669 1861 1731 1895 est,
1745 1857 1830 1889 riva·

1146 1902 1230 1933 libus
1254 1912 1306 1933 me
1330 1904 1572 1942 potentioribus
1597 1909 1729 1936 certare
1745 1906 1830 1937 desi-

1145 1959 1232 1990 nam,
1259 1950 1366 1991 iisque
1391 1951 1461 1982 sine
1490 1951 1618 1992 pudore
1646 1953 1827 1986 concedam

1146 1998 1317 2029 mulierem
1331 1999 1416 2030 lucri
1427 2000 1530 2039 magis
1545 2000 1714 2040 cupidam,
1729 2011 1827 2042 quam

1149 2046 1269 2077 sinceri
1292 2052 1329 2078 et
1349 2047 1484 2078 candidi
1498 2049 1624 2088 ingenii
1639 2055 1827 2090 amantem3

1145 2095 1296 2136 adeoque
1331 2096 1496 2135 indignam
1532 2098 1615 2128 meis
1649 2099 1826 2131 amoribus.

1145 2143 1256 2174 Priori
1277 2145 1549 2184 interpretationi
1564 2144 1655 2177 favet
1675 2147 1762 2186 quod
1779 2148 1827 2178 ait

1144 2191 1304 2223 Horatius
1323 2201 1347 2223 1.
1363 2193 1429 2224 od.
1450 2196 1502 2224 33.
1544 2193 1668 2224 Veneri
1690 2194 1824 2233 placere

1143 2240 1308 2271 interdum
1332 2241 1478 2280 jungere
1507 2241 1677 2280 ‘impares
1702 2240 1825 2273 formas

1143 2294 1245 2330 atque
1260 2290 1407 2328 animos:
1420 2291 1484 2321 ὅτε.
1516 2298 1567 2321 ιν.
1584 2289 1650 2320 Οᾶ.
1661 2292 1712 2321 11.
1724 2291 1734 2308 ‘
1746 2291 1826 2321 Dis-

1144 2347 1255 2379 parem
1272 2338 1367 2368 vites.
1389 2337 1476 2376 Age,
1484 2338 1555 2377 jam
1570 2347 1716 2368 meorum
1733 2339 1822 2370 Finis

1142 2386 1315 2418 amorum.'
1356 2386 1508 2426 Denique
1532 2386 1641 2426 Epod.
1668 2394 1732 2417 xV.
1756 2388 1823 2418 ‘Et

1143 2439 1271 2476 qureret
1287 2436 1390 2466 iratus
1406 2434 1543 2474 parem.²

1185 2485 1225 2512 19
1243 2482 1303 2512 Uln·
1322 2482 1387 2513 hoec
1401 2491 1533 2522 sevena,
1547 2483 1617 2523 ξα]
1636 2482 1821 2524 Postquam

1142 2541 1205 2572 ego
1228 2536 1420 2563 constanter
1442 2536 1477 2562 et
1491 2531 1666 2571 magnifice
1682 2533 1770 2572 apud
1786 2537 1822 2564 te

1141 2580 1300 2616 dixeram,
1322 2589 1375 2610 me
1398 2579 1608 2619 abjecturum
1627 2581 1823 2621 occupatio-

1142 2637 1201 2660 nes
1233 2629 1394 2669 ejusmodi
1418 2639 1518 2660 vanas
1542 2634 1579 2660 et
1606 2629 1823 2670 importunas,

1141 2681 1242 2718 atque
1258 2688 1277 2708 a
1299 2682 1346 2713 te,
1361 2677 1459 2709 Pecti
1474 2677 1593 2718 amice,
1601 2678 1713 2718 jussus
1729 2687 1819 2708 eram

1141 2726 1234 2758 abire
1266 2726 1409 2767 domum,
1443 2731 1478 2758 et
1511 2727 1684 2768 proposita
1707 2726 1819 2768 quiete
