1904 3256
342 276 425 317 778

343 379 423 419 Est
441 379 542 419 inter
560 378 743 419 Tanaim
763 377 969 428 quiddam
990 386 1273 426 socerumque
1289 374 1458 415 Viselli.

803 287 846 325 Q.
879 285 1081 316 nonsrn
1117 282 1286 313 resecr

1671 377 1755 425 105

343 444 423 485 Est
438 444 593 484 modus
614 444 658 483 in
674 443 824 490 rebus;
856 442 954 480 sunt
972 440 1077 479 certi
1094 439 1277 492 denique
1297 439 1422 487 fines,

236 500 237 504 ¹
292 542 295 548 .
345 509 471 559 Quos
490 510 603 550 ultra
623 508 814 558 citraque
833 504 979 557 nequit
998 505 1232 545 consistere
1249 510 1422 545 rectum.

343 575 470 624 Illuc,
489 573 601 613 unde
622 572 724 619 abii,
743 569 895 620 redeo;
925 569 1094 610 nemon’
1113 575 1164 610 ut
1184 583 1340 611 avarus

344 639 400 680 Se
419 638 600 692 probet?
631 641 678 676 at
697 636 843 689 potius
862 636 1008 677 laudet
1022 636 1192 677 diversa
1212 638 1466 689 sequentes?

345 704 562 755 Quodque
582 701 722 742 aliena
735 701 903 754 capella
918 706 1037 753 gerat
1055 701 1280 743 distentius
1301 703 1416 751 uber,

1675 702 1759 742 110

343 768 598 811 Tabescat‘l
629 779 767 820 neque
789 780 838 807 se
857 768 1010 820 majori
1029 768 1331 821 pauperiorum

343 835 505 876 Turbae
527 833 776 885 comparet?
805 833 919 873 hunc
941 837 1073 885 atque
1093 833 1202 874 bunc
1223 845 1423 886 superare
1437 833 1634 874 laboret?

346 901 418 940 Sic
438 898 655 938 festinanti
677 910 850 950 semper
867 898 1122 951 locupletior
1143 899 1313 939 obstat:

343 1027 374 1071 et
389 1033 522 1055 socerum
543 1024 661 1057 Viselli.
704 1027 764 1058 Est
779 1027 970 1058 mediocritas
983 1027 1016 1058 in
1031 1026 1135 1058 rebus:
1157 1028 1287 1067 adeoque
1301 1030 1370 1058 sunt
1386 1029 1463 1059 cerei
1479 1027 1604 1066 limites,
1617 1027 1702 1057 ultra
1715 1027 1764 1057 vel

344 1069 425 1096 citra
444 1076 516 1106 quos
538 1070 653 1098 rectum
669 1071 752 1099 stare
773 1079 834 1099 mm
853 1073 962 1108 potest.
1007 1069 1156 1099 Revertor
1175 1069 1246 1099 illue
1266 1071 1344 1099 unde
1361 1070 1516 1107 digressus
1526 1069 1593 1106 sui.
1639 1068 1763 1105 Ergone

345 1107 455 1145 nullus,
469 1108 594 1147 perinde
607 1119 643 1140 ac
657 1119 778 1148 avarus,
792 1120 823 1140 se
838 1110 1037 1150 approbabit?
1051 1113 1081 1140 et
1092 1110 1217 1149 quisque
1230 1111 1367 1141 laudubit
1380 1113 1528 1141 sectantes
1540 1111 1660 1140 diverso
1675 1109 1764 1139 insti·

347 1151 434 1179 tuta?
454 1153 483 1180 et
498 1150 615 1181 invidia
630 1151 832 1189 contabescat,
846 1153 924 1191 quod
937 1160 1030 1190 capra
1047 1151 1175 1182 alterius
1187 1151 1279 1188 serat
1291 1152 1383 1183 ubera
1406 1151 1563 1191 pleniora?
1583 1159 1637 1181 neo
1650 1159 1682 1181 se
1694 1158 1764 1180 con-

337 1189 427 1226 serat
446 1192 557 1230 majori
580 1201 703 1223 numero
725 1194 959 1233 pauperiorum?
980 1193 1067 1223 illum
1085 1195 1176 1232 aeque
1196 1193 1288 1223 istum
1305 1193 1490 1232 supergredi
1499 1194 1644 1222 conetur?
1686 1190 1766 1225 Pro-

339 1230 424 1267 fecto
438 1233 483 1263 sic
502 1235 676 1274 properanti
689 1244 806 1275 semper·
818 1234 1032 1275 impedimento
1054 1234 1114 1265 erit
1129 1233 1224 1265 ditior
1237 1235 1366 1274 aliquis.-
1388 1235 1634 1274 quemadmodum
1649 1232 1766 1273 quando

941 1325 981 1338 Ν
983 1326 1176 1339 OOOOOOOOOO

347 1388 420 1418 nain
448 1387 562 1420 Bentl.
591 1389 714 1420 Sanad.
739 1390 886 1427 'ro-ven,
912 1391 1053 1430 Cuning.
1081 1389 1261 1425 Heindorf,
1290 1391 1430 1421 Wetzel.
1456 1395 1490 1421 et
1518 1388 1620 1420 Kidd.
1643 1388 1767 1428 quidam

348 1429 460 1459 Bentl.
478 1430 511 1459 in
528 1429 583 1460 ed.
600 1439 652 1469 pr.
669 1431 810 1462 cantab.
828 1434 919 1463 1711.
965 1432 1076 1463 Biselli
1091 1433 1191 1463 Baxt.
1207 1441 1246 1461 ex
1261 1431 1426 1462 nonnuliis
1440 1431 1538 1462 codd.
1554 1429 1716 1467 Lambini,
1731 1434 1768 1460 et

348 1470 514 1502 Proverb.
551 1470 705 1509 Διήνεγκέ
727 1483 758 1502 τι
783 1473 894 1505 Tanais·
916 1472 966 1504 καὶ
988 1473 1142 1504 Βισέλλου
1168 1472 1387 1514 {suffire—108
1412 1474 1489 1504 Duo
1518 1471 1660 1502 Blandd.
1686 1470 1767 1502 Div.

348 1512 488 1543 Tonsan.
517 1512 619 1544 Mart.
649 1513 778 1544 Buslid.
812 1520 847 1545 et
884 1516 969 1546 Nan.
1006 1516 1158 1556 Cruquii,
1188 1520 1318 1545 veteres
1348 1524 1401 1553 ap.
1428 1515 1584 1544 Torrent.
1618 1513 1712 1543 Harl.
1733 1514 1766 1543 6.

349 1558 385 1582 et
409 1553 486 1584 edd.
514 1554 665 1593 qnaedam
692 1560 773 1586 vett.
796 1565 882 1586 nemo
906 1560 942 1588 ut
962 1566 1091 1592 avarum
1113 1556 1199 1597 quod
1226 1556 1354 1596 recepit
1375 1556 1475 1586 Baxt.
1498 1563 1638 1594 eumque
1661 1554 1773 1584 secuti·

349 1593 453 1625 Gesn.
469 1595 605 1634 Bipont.
622 1601 656 1626 et
671 1597 790 1627 Comb.
812 1597 928 1627 nemon'
946 1607 1026 1628 vero
1042 1599 1162 1629 tertius
1182 1597 1301 1627 Bland.
1316 1597 1412 1628 Harl.
1428 1599 1458 1627 l.
1475 1598 1504 1626 2.
1519 1599 1551 1627 8.
1566 1598 1597 1626 4.
1612 1598 1644 1626 7.
1667 1594 1771 1625 cett-ri

350 1640 385 1664 et
399 1635 477 1666 edd.
493 1640 637 1667 recentt.
654 1643 791 1675 quartus
807 1644 842 1668 et
856 1639 1031 1678 antiquiss.
1052 1638 1174 1669 Bland.
1197 1639 1250 1678 quz'
1270 1647 1355 1669 nemo
1375 1641 1409 1668 ut
1426 1638 1654 1668 acorum—109
1678 1635 1768 1666 Non-

349 1677 431 1707 nulli
461 1677 560 1709 codd.
590 1684 626 1708 et
654 1679 732 1709 edd.
763 1683 848 1710 vett.
869 1690 906 1710 ae
923 1680 1048 1720 postus,-
1069 1680 1147 1711 Div.
1173 1680 1309 1720 Cruquii
1341 1689 1361 1710 a
1390 1689 1433 1709 m.
1458 1688 1525 1710 sec.
1545 1677 1598 1718 qui
1615 1677 1770 1718 potius.—

351 1720 406 1748 111
435 1718 551 1750 Codex
573 1719 735 1759 Turnebi,
756 1729 852 1760 neque
874 1731 906 1752 se
921 1722 1156 1753 meliori.—113
1179 1721 1295 1752 Codex
1309 1721 1483 1752 Tonsanns
1499 1730 1552 1762 ap.
1569 1720 1670 1760 Cruq.
1690 1719 1769 1750 locu·

994 1826 1134 1858 NOTAE

352 1885 441 1927 perit
467 1894 588 1925 sapor3
611 1895 797 1927 vappaeque
827 1887 952 1927 accipit
976 1897 1035 1918 no-

1089 1894 1143 1919 ter
1158 1894 1334 1929 utrumque
1348 1893 1401 1919 est
1415 1889 1470 1919 ille
1483 1888 1536 1918 eui
1549 1888 1680 1926 integra
1692 1891 1770 1917 sunt

352 1942 439 1973 nien,
454 1933 648 1974 probrosum
675 1935 775 1965 etiam
798 1936 935 1975 homini,
959 1945 1036 1966 cum

1088 1937 1236 1976 corporis
1262 1936 1420 1972 membra,
1450 1936 1529 1967 nihil
1560 1944 1637 1966 vero
1656 1944 1770 1975 super-

353 1985 606 2024 degeneraverit
625 1983 774 2016 animus!
815 1986 850 2016 S.
866 1985 1036 2026 Chrysost.

352 2034 444 2065 Οἴνου
464 2033 520 2072 μὲν
539 2034 648 2074 ἀρετῆς
661 2033 767 2071 βλάβη
788 2033 825 2064 τὸ
841 2036 1037 2075 ’rapam-parfi-

354 2095 414 2122 ναι,
429 2082 478 2114 καὶ
496 2081 538 2114 εἷς
556 2082 655 2122 ὀξίνην
674 2085 869 2121 μεταπεσεῖν.
911 2085 1033 2123 Latini,

353 2133 466 2163 vinum
491 2141 707 2172 vappescens.
751 2133 839 2164 Gall.
860 2134 902 2164 du
916 2133 969 2165 vin
984 2134 1037 2174 qui

353 2190 386 2212 se
401 2184 518 2212 tour-ne.

396 2230 600 2270 Nebulonem]
626 2229 758 2262 Nebulo
770 2231 852 2262 levis
865 2231 970 2262 instar
981 2241 1038 2263 ne·

355 2280 456 2315 hulae,
471 2280 527 2320 qui
542 2279 632 2310 nullo
643 2280 792 2320 consilio,
805 2281 894 2312 nulla
909 2281 1038 2312 ratione

355 2330 502 2361 ducitur.
543 2329 609 2360 Vel
636 2329 693 2370 qui
722 2338 786 2361 non
814 2331 917 2370 pluris
950 2330 1040 2361 aesti-

357 2377 497 2409 mandus
523 2387 620 2418 quam
646 2377 779 2409 nebula.
823 2378 967 2411 Quidam
981 2378 1040 2409 de-

358 2428 483 2459 ducunt
497 2435 518 2457 a
539 2430 548 2444 ⁸
560 2425 620 2456 ne'
641 2431 677 2458 et
696 2430 706 2444 ‘
720 2427 842 2466 obulo:
863 2427 957 2468 qussi
978 2436 1041 2458 nec

358 2476 458 2508 obulo
484 2475 616 2516 dignus.
659 2476 747 2507 Non.
768 2476 922 2508 Marcell.
949 2476 1041 2508 ‘Ne-

357 2525 497 2556 bulones
521 2530 556 2555 et
581 2524 791 2556 tenebriones
813 2524 969 2556 dicuntur
984 2524 1042 2565 qni

359 2573 542 2605 mendaciis
571 2577 607 2604 et
635 2573 767 2604 astutiis
794 2574 862 2604 suis
890 2573 1042 2605 nebulam

360 2623 524 2663 quandam
540 2627 576 2653 et
590 2622 748 2653 tenebras
763 2622 948 2663 objiciunt-⁹

404 2674 463 2701 106
489 2671 634 2711 Tanaim]
648 2671 818 2703 Libertum
834 2671 1044 2709 Maecenatis,

361 2719 554 2760 spadonem.
684 2743 690 2748 ,

401 2767 545 2800 Socerum
569 2768 690 2809 Viselli]
726 2769 941 2802 Herniosum.
985 2769 1041 2800 In-

1088 1984 1200 2017 fluum.

1133 2036 1192 2065 108
1226 2033 1357 2066 Nemon’
1387 2037 1422 2065 ut
1448 2042 1559 2064 avarus
1587 2032 1628 2063 Se
1654 2031 1774 2072 probet]

1089 2083 1242 2114 Nemone
1257 2086 1435 2114 contentus
1452 2083 1517 2113 erit
1534 2091 1593 2112 sua
1609 2080 1774 2112 conditio-

1089 2141 1143 2166 ne,
1159 2137 1194 2162 et
1215 2132 1355 2162 alienam
1371 2130 1522 2162 laudabit
1536 2129 1688 2170 quisque,
1710 2129 1773 2159 sic-

1090 2185 1128 2212 ut
1142 2190 1258 2212 avarus
1274 2181 1354 2211 satis
1369 2190 1468 2220 opum
1492 2189 1527 2210 se
1549 2178 1671 2210 habere
1693 2185 1773 2208 nun·

1089 2222 1188 2270 qnam
1204 2233 1313 2269 putat,
1333 2229 1479 2269 aliosque
1501 2237 1536 2259 se
1553 2227 1719 2258 beatiores
1735 2234 1773 2256 ac

1091 2278 1228 2309 ditiores
1243 2286 1376 2317 semper
1391 2276 1586 2308 existimat?

1135 2329 1194 2357 111
1233 2326 1340 2365 Neque
1367 2334 1399 2355 se
1427 2324 1537 2362 maiori
1561 2322 1775 2364 pauperiorum

1093 2375 1206 2407 Turbae
1237 2373 1404 2414 comparet]
1435 2372 1524 2403 Hinc
1560 2371 1638 2402 mali
1672 2372 1775 2411 origo.

1092 2424 1212 2455 Plures
1239 2432 1274 2453 se
1298 2421 1513 2462 pauperiores
1534 2429 1600 2451 non
1623 2419 1774 2452 conside-

1093 2477 1145 2504 rat
1172 2481 1311 2503 avarus:
1346 2475 1380 2501 st
1411 2479 1510 2501 unum
1547 2474 1605 2501 aut
1634 2463 1774 2501 alterum

1094 2520 1317 2562 opulentiores
1338 2518 1424 2550 forte
1449 2518 1490 2549 ob
1508 2519 1620 2550 oculos
1643 2528 1776 2560 semper

1093 2570 1211 2609 babet,
1225 2567 1347 2609 eosque
1364 2577 1524 2607 superare
1539 2567 1671 2607 satagit.

1139 2621 1199 2650 11³
1221 2618 1274 2649 Sic
1286 2616 1454 2654 sestimnti
1473 2625 1588 2655 semper
1602 2616 1777 2657 locupletior

1096 2668 1208 2708 obstat]
1228 2667 1294 2699 Qui
1317 2668 1363 2697 sic
1385 2665 1527 2696 affectus
1550 2670 1615 2704 est,
1638 2670 1676 2697 ut
1694 2666 1776 2697 velit

1095 2717 1211 2758 opibus
1237 2725 1349 2747 omnes
1377 2715 1524 2754 vincere,
1545 2715 1620 2747 huic
1644 2724 1776 2756 semper

1097 2766 1260 2798 videbitur
1285 2765 1404 2805 aliquis
1429 2769 1503 2795 esse
1519 2763 1721 2805 locupletior
1735 2771 1774 2795 ao
