1904 3256
395 269 478 310 784

859 281 902 317 Q.
933 278 1137 309 noRA'ru
1171 276 1356 306 nascor.

395 372 587 412 Nomina
607 375 814 418 sectatur,
834 369 961 408 modo
979 372 1119 408 sumta
1138 371 1253 408 veste
1271 368 1400 417 virili,

395 437 486 477 Sub
507 438 696 491 patribus
715 435 848 482 duris,
868 433 1065 473 tironum.

1123 433 1335 484 Maxime,
1363 435 1460 488 quis
1478 447 1581 483 non,

393 503 581 555 Jupiter,
597 501 824 548 exclamat,
844 499 1103 551 simulatque
1125 499 1325 541 audivit?
1355 499 1390 548 ΊῘ
1404 500 1466 541 At
1485 502 1530 541 in
1551 513 1621 564 se:
1645 525 1668 565 „q
1691 510 1712 528 ν
1758 511 1761 515 ·
1811 534 1815 544 ,

394 644 445 682 qui
460 642 578 672 virilem
593 645 694 679 togam
707 649 801 680 nuper
814 639 978 671 induerunt
992 639 1046 671 aab
1065 639 1205 679 patribus
1217 641 1304 671 valde
1325 639 1437 679 parcis.
1475 640 1554 674 Quis
1567 642 1668 670 autem
1678 629 1807 670 *audici-

394 685 481 723 talia,
496 693 553 713 noa
568 683 674 713 statim
688 683 860 714 exclamet
884 682 969 713 Proh
991 691 1103 712 summe
1125 681 1269 722 Jupiter!
1291 681 1414 722 Verum,
1429 681 1560 721 inquies,
1576 681 1628 712 ille
1647 681 1807 721 praectam

993 782 1215 795 OOWO‘OO

394 855 557 891 Lambini,
580 865 662 887 unns
687 857 767 887 item
790 857 959 888 Torrentii
978 857 1226 897 prodiciam—18
1249 855 1344 887 Harl.
1361 858 1391 886 1.
1406 858 1436 886 2.
1457 856 1538 887 Vet.
1555 854 1672 887 Comb.
1686 854 1807 885 Vener.

394 907 448 936 ap.
464 897 568 928 Zeun.
584 897 739 930 Glarean.
750 903 784 928 et
795 898 938 930 Chabot.
953 900 1120 935 exclamem
1142 908 1200 928 sex
1212 897 1388 936 Tot-rentii,
1401 898 1507 928 ceteri
1520 897 1612 928 Harl.
1628 896 1670 928 al.
1683 900 1719 926 et
1729 894 1808 926 edd.

394 944 539 970 recentt.
558 940 716 971 exclamat.
760 940 844 971 Mox
858 941 1005 971 nonnulli
1021 940 1118 971 codd.
1134 944 1168 970 et
1183 939 1258 970 edd.
1275 940 1379 980 antiq.
1394 948 1468 970 cum
1483 939 1604 970 Venet.
1626 947 1680 979 ap.
1703 937 1808 968 Gesn-

1037 1055 1176 1086 NOTAE

437 1142 478 1170 16
512 1139 647 1171 Nomina
668 1143 803 1171 sectatur
833 1140 975 1174 tironum,
1004 1138 1074 1179 θα]

392 1188 516 1219 Studet
537 1187 694 1219 foenerari
715 1188 997 1227 adolescentibus,
1018 1188 1075 1228 qui

394 1238 515 1268 nnllam
529 1247 548 1268 a
559 1238 650 1268 duris
664 1238 814 1278 patribus
828 1237 1004 1278 pecuniam
1018 1241 1077 1267 aut

393 1286 491 1316 valde
508 1287 664 1326 exiguam
684 1286 903 1327 accipientem
919 1295 1075 1326 quacum-

395 1343 458 1374 que
483 1334 548 1373 via,
561 1335 676 1374 quovis
698 1334 826 1366 foenore
853 1334 1077 1375 qnaeritabant

395 1393 434 1413 ac
449 1383 637 1422 sumebant,
653 1392 719 1423 qua
738 1392 807 1413 suae
831 1382 962 1413 libidini
979 1382 1076 1412 satis-

394 1430 547 1461 facerent
576 1440 618 1461 ea
641 1434 742 1462 aetate
763 1429 920 1461 ferventi.
963 1429 1076 1470 Atque

392 1479 427 1510 id
443 1479 577 1520 quidem
591 1480 699 1510 scelus
719 1479 776 1510 diu
797 1483 984 1519 grassatum
1011 1484 1075 1510 est.

394 1530 442 1561 At
466 1535 584 1570 postea
613 1539 654 1560 ex
686 1530 921 1561 Senatuscons.
945 1530 1077 1560 ademta

395 1583 447 1609 est
463 1579 550 1611 actio
567 1582 602 1609 et
617 1578 738 1618 petitio
761 1578 798 1608 iis
822 1578 878 1618 qui
903 1577 1075 1608 filiisfami·

394 1627 456 1657 lias
471 1626 646 1666 pecuniam
657 1626 879 1657 credidissent
892 1626 924 1655 in
937 1631 1078 1656 mortem

395 1680 554 1717 patrum:
579 1685 620 1706 ne
642 1675 696 1706 vel
729 1674 861 1706 occasio
887 1674 964 1705 binc
988 1679 1079 1706 esset

394 1725 485 1766 patri
516 1734 633 1756 necem
670 1723 894 1764 machinandi,
932 1728 991 1755 aut
1019 1733 1079 1763 per

394 1774 498 1805 malas
510 1778 600 1804 artes
617 1783 655 1804 ac
676 1777 791 1813 turpes
807 1773 982 1813 pecuniam
998 1782 1078 1813 quo-

396 1831 462 1863 quo
482 1822 579 1852 modo
602 1821 806 1852 reddendam
830 1831 869 1851 ac
889 1821 1078 1860 persolven-

395 1872 472 1902 dam
493 1870 702 1911 quaeritaudi.
746 1870 888 1900 Senatus
903 1869 984 1899 illud
1000 1878 1078 1899 con·

397 1919 518 1950 sultum
541 1917 822 1949 Macedonianum
844 1917 968 1948 dictum
995 1922 1044 1948 est
1061 1927 1079 1947 a

396 1967 583 1999 Macedone
598 1967 664 1998 isto
685 1965 900 1997 foeneratore.
941 1967 1079 1997 Sueten.

396 2016 538 2056 Vespas.
567 2025 641 2055 cap.
670 2018 720 2046 11.
759 2014 913 2045 ‘Auctor
940 2015 1079 2045 Senatui

397 2065 461 2096 fuit
490 2064 707 2103 decernendi,
730 2074 771 2095 ne
794 2063 1078 2095 filiorumfamilias

397 2113 650 2145 foeneratoribus
687 2113 843 2152 exigendi
877 2113 998 2144 crediti
1022 2115 1079 2154 jiis

398 2169 488 2194 esset
504 2172 660 2203 unquam,
682 2162 744 2193 hoc
769 2167 834 2202 est,
859 2171 901 2192 ne
923 2167 999 2203 post
1024 2172 1081 2202 pa-

400 2219 486 2245 trum
503 2213 637 2254 quidem
652 2212 816 2244 mortem.'

441 2261 591 2301 Nomina]
613 2261 667 2292 Sic
684 2268 845 2291 vocantur
861 2265 926 2292 tam
952 2261 1081 2292 credita

400 2321 498 2353 quani
520 2311 644 2350 debita,
657 2320 696 2341 eo
723 2310 811 2351 quod
841 2311 1023 2341 creditores
1047 2311 1079 2340 in

399 2358 652 2390 commentarios
677 2368 734 2389 seu
762 2359 794 2387 in
820 2358 949 2388 tabulas
979 2359 1080 2388 refer-

400 2414 476 2440 rent
499 2414 535 2439 et
550 2407 769 2440 inscriberent
795 2408 926 2438 nomina
951 2408 1079 2438 debito-

399 2468 484 2498 rum,
523 2467 582 2488 seu
611 2466 723 2488 eorum
751 2457 870 2498 quibus
905 2457 1080 2496 pecuniam

400 2505 624 2538 crediderant.
667 2505 757 2536 Hinc
780 2505 935 2536 ‘nomina
949 2504 1081 2536 facere'

401 2557 559 2587 dicuntur
575 2561 644 2586 tam
668 2555 838 2586 debitores
861 2563 960 2595 quam
977 2553 1082 2584 credi-

401 2610 501 2638 tores.

443 2657 482 2685 17
509 2655 669 2694 Tirenum]
691 2655 731 2686 Id
750 2658 803 2686 est
824 2654 1081 2684 adolescentum.

400 2703 539 2735 Tirones
562 2704 618 2734 alii
637 2704 777 2738 militiae,
801 2703 855 2734 alii
871 2702 1010 2734 forensis
1024 2710 1079 2731 ex-

399 2752 605 2783 ercitationis
620 2758 654 2783 et
676 2753 884 2793 eloquentiae.
930 2751 974 2783 Hi
991 2751 1079 2782 circa

1127 1147 1247 1168 annum
1260 1137 1368 1168 aetatis
1378 1140 1429 1168 17.
1443 1141 1518 1177 post
1531 1136 1738 1176 pubertatem
1749 1135 1810 1166 sci·

1126 1187 1218 1226 licet,
1235 1191 1432 1226 praetextam
1446 1183 1678 1226 deponebant,
1696 1184 1812 1215 indue-

1127 1237 1210 1268 bant
1236 1245 1314 1266 vero
1342 1242 1453 1275 togam
1488 1233 1664 1276 aliquando
1693 1241 1811 1273 puram

1127 1285 1215 1316 nivei
1232 1284 1398 1323 candoris,
1420 1294 1495 1325 quae
1518 1283 1621 1314 virilis
1643 1282 1736 1313 dicta
1750 1285 1813 1317 est,

1129 1339 1166 1365 nt
1182 1335 1228 1365 ait
1243 1334 1342 1365 Alex.
1364 1333 1405 1364 ab
1429 1333 1527 1364 Alex.
1544 1341 1575 1364 v.
1592 1334 1645 1363 18.
1671 1334 1682 1348 ·
1698 1329 1813 1361 candi-

1129 1383 1207 1413 dum
1232 1381 1423 1413 umbonem'
1452 1385 1551 1412 vocat
1570 1380 1666 1410 Pers.
1684 1379 1756 1410 Sat.
1781 1387 1812 1408 v.

1129 1434 1182 1462 3³.
1226 1431 1314 1461 Plin.
1346 1439 1426 1461 vui.
1451 1432 1505 1461 48.
1530 1430 1632 1468 ‘toga
1669 1435 1752 1467 pura
1777 1426 1815 1456 ti-

1129 1490 1225 1511 rones
1242 1478 1445 1510 induuntur-¹
1478 1478 1559 1509 Coel.
1583 1477 1723 1515 Rliodig.
1737 1483 1815 1506 xiv.

1132 1532 1182 1560 16.
1206 1529 1393 1561 ‘Quoniam
1424 1526 1527 1564 vero,’
1547 1525 1667 1566 inquit,
1689 1526 1699 1542 ‘
1716 1527 1753 1554 ut
1780 1523 1812 1554 'm

1130 1578 1246 1617 Magia
1269 1577 1431 1616 Apuleius
1453 1574 1580 1611 scribit,
1599 1571 1815 1603 eruditissimi

1125 1627 1270 1666 juvenes
1301 1625 1405 1655 laudis
1435 1623 1544 1662 gratia
1575 1621 1715 1662 primum
1750 1619 1813 1649 lioc

1131 1673 1273 1704 forensis
1285 1682 1394 1713 operae
1412 1671 1632 1703 rudimentum
1645 1668 1815 1705 subibant,

1132 1730 1170 1753 ut
1185 1723 1294 1762 aliquo
1317 1721 1436 1762 insigni
1453 1719 1582 1761 judicio
1603 1718 1732 1753 civibus
1747 1716 1814 1746 suis

1131 1775 1361 1808 noscerentur,
1389 1770 1445 1810 qui
1479 1778 1548 1799 mos
1577 1765 1814 1806 incipientibus

1131 1819 1386 1851 adolescentulis
1409 1819 1449 1849 ad
1474 1815 1704 1848 illustrandum
1721 1814 1816 1854 inge-

1131 1869 1176 1899 nii
1190 1868 1304 1899 florem
1321 1867 1410 1907 apud
1433 1866 1586 1906 antiquos
1607 1863 1718 1895 fuerat
1737 1872 1816 1894 con-

1130 1927 1271 1955 cessns3
1301 1922 1410 1956 togam
1440 1917 1518 1946 item
1549 1914 1725 1946 candidam
1761 1913 1818 1952 qui

1129 1967 1191 1997 hoc
1206 1966 1357 1996 facerent
1368 1965 1492 1996 tirones
1506 1963 1731 1994 induebantur
1742 1962 1816 2001 ipso

1131 2015 1280 2046 tirocinii
1303 2014 1379 2044 die:
1403 2014 1451 2044 sic
1478 2013 1565 2043 enim
1589 2011 1816 2051 appellabant,

1131 2074 1204 2095 cum
1243 2062 1464 2103 eloquentiam
1493 2061 1749 2100 auspicarentur
1783 2059 1815 2089 in

1130 2112 1214 2144 foro.
1260 2113 1341 2143 Eam
1358 2116 1468 2151 togam
1491 2110 1608 2141 Cicero
1630 2117 1746 2149 puram
1762 2117 1818 2138 vo-

1131 2162 1232 2193 cavit.
1276 2159 1400 2192 Scribit
1414 2160 1500 2189 enim
1512 2157 1552 2188 ad
1571 2157 1676 2189 Attic-
1693 2158 1726 2188 in
1739 2157 1818 2187 tiro·

1132 2211 1220 2241 cinio
1235 2208 1294 2239 filii
1310 2208 1480 2239 Ciceronis
1504 2212 1615 2246 togam
1635 2205 1682 2236 illi
1698 2212 1815 2244 puram

1133 2259 1266 2290 dedisse
1285 2257 1427 2296 Arpini.¹

1175 2308 1326 2346 Maxime,
1350 2305 1422 2345 quis
1447 2315 1518 2343 non,
1538 2304 1609 2344 ξω]
1632 2303 1714 2336 Quis
1739 2311 1815 2333 vero

1132 2369 1198 2391 non
1227 2358 1414 2389 detestetur
1447 2356 1609 2396 ejusmodi
1635 2354 1815 2386 foenerato-

1133 2410 1210 2440 res?
1254 2409 1336 2441 Quis
1365 2407 1537 2438 avaritiam
1561 2416 1676 2437 eorum
1697 2411 1733 2437 et
1758 2415 1816 2436 ne.-

1133 2458 1272 2499 quitiam
1288 2466 1351 2488 nou
1368 2456 1600 2488 abominetur?
1620 2454 1728 2486 τόκους
1747 2464 1818 2485 usu-

1133 2517 1185 2538 ras
1209 2506 1319 2537 Graeci
1335 2506 1516 2546 appellant,
1539 2504 1627 2545 quod
1644 2505 1764 2534 multos
1779 2507 1816 2535 et

1135 2565 1250 2598 graves
1266 2555 1408 2586 debitori
1426 2554 1559 2585 dolores
1573 2553 1716 2593 pariant.
1742 2552 1813 2583 cic.

1136 2605 1234 2638 Offic.
1267 2614 1305 2635 ιι.
1336 2614 1368 2636 n.
1396 2606 1448 2634 89.
1484 2604 1493 2620 ‘
1517 2602 1607 2635 Quid
1633 2601 1816 2634 foenerari?

1134 2655 1217 2685 Tum
1245 2654 1350 2684 Cato:
1376 2651 1465 2685 Quid
1495 2651 1671 2687 hominem,
1697 2651 1816 2691 inquit,

1133 2702 1329 2735 occidere?’
