1956 3236
426 263 509 307 858
890 280 931 316 Q.
963 277 1168 307 noum-11
1202 277 1375 307 FLAGGI

429 368 529 408 Non
549 369 691 408 minus
710 370 881 420 ignotos
901 369 1135 418 generosis.
1194 364 1229 416 ἾῙ
1252 369 1354 419 Quo
1375 371 1469 419 tibi,
1488 371 1619 420 Tulli,

427 433 602 474 Sumere
622 433 868 486 depositum
888 431 1075 480 clavum,
1095 432 1275 485 fierique
1294 434 1492 476 tribuno?

425 498 598 538 Invidia
617 496 821 544 accrevit,
842 497 1011 547 privato
1033 510 1132 549 quae
1153 499 1289 538 minor
1308 503 1434 540 esset.

427 562 543 603 Nam
565 564 611 600 ut
630 560 812 612 quisque
835 560 1012 601 insanus
1033 562 1162 614 nigris
1182 563 1370 604 medium
1390 564 1586 617 impediit
1605 575 1702 605 crus

425 684 598 722 splendente
609 692 663 713 suo
675 692 766 713 curru
785 693 879 714 nexos
899 683 996 714 allicit
1015 687 1079 714 tam
1094 683 1232 715 obscuros
1245 694 1334 724 quam
1347 686 1492 717 illustres.
1537 687 1621 720 Quid
1640 687 1761 726 prodest
1777 687 1846 726 tibi,

427 724 518 760 Tulli,
533 734 683 755 resumere
703 724 837 755 ablatum
857 725 985 760 clavum,
1004 729 1033 755 et
1053 725 1152 755 creari
1169 726 1357 757 Tribunum?
1389 727 1515 758 Scilicet
1538 731 1628 758 aucta
1649 731 1695 758 est
1716 728 1846 763 invidia,

426 775 491 803 quae
504 766 604 795 minor
612 775 687 804 erga
698 766 956 805 privatumsoret.
980 767 1104 796 Etenim
1118 776 1186 797 cum
1197 769 1330 807 primum
1342 768 1454 809 uliquis
1463 770 1585 800 demens
1595 769 1724 800 mediam
1737 769 1845 800 tibiam

1022 858 1157 871 ‘um‘
1161 859 1215 871 '00
1219 859 1256 871 00

423 927 514 950 sorne
527 924 751 953 moveret—24
772 922 782 939 ‘
798 922 898 955 Quod
921 922 1086 954 editiones
1109 923 1270 955 hactenus
1295 924 1454 964 possedit,
1480 924 1572 963 Tulli,
1588 933 1630 955 ex
1646 933 1744 954 versu
1760 932 1846 954 nono

425 961 561 1008 videtur
576 963 762 1003 irrepsisse.
807 963 854 994 At
870 964 913 994 ibi
931 964 972 994 de
988 965 1104 995 Servio
1119 965 1226 996 Tullio
1252 975 1332 1005 rege
1359 975 1466 996 sermo
1489 971 1542 996 est
1557 976 1564 996 :
1589 965 1642 996 liic
1658 965 1700 996 de
1715 964 1847 996 homine

427 1002 493 1032 alio
531 1004 643 1034 nescio
675 1014 752 1044 quo.
812 1005 939 1037 Quidni
967 1005 1068 1044 igitur
1093 1015 1287 1037 revocamus
1313 1007 1456 1046 plurium
1484 1007 1637 1037 codicum
1660 1007 1848 1043 lectionem,

429 1042 525 1074 Titii?
548 1050 583 1075 ut
598 1045 640 1076 de
655 1046 722 1076 suis
739 1050 907 1077 testantur
922 1047 1161 1082 Bersmannus‚
1183 1048 1402 1083 Pulmannus,
1418 1048 1700 1087 Torrentiusque:
1725 1047 1758 1077 in
1774 1056 1846 1077 nos-

426 1086 488 1114 tris
504 1085 556 1116 hic
571 1086 705 1127 quidem
722 1087 850 1118 duobus
867 1087 1031 1118 duntaxat
1046 1092 1200 1128 apparet,
1214 1088 1320 1128 Regio
1335 1093 1370 1119 et
1392 1089 1569 1119 Petrensi:
1594 1093 1630 1118 at
1645 1086 1732 1118 infra
1748 1097 1846 1118 versu

426 1127 500 1156 107.
521 1127 553 1157 in
581 1128 748 1168 Leidensi,
771 1129 899 1160 Zulich.
916 1128 1031 1168 Magd.
1049 1135 1085 1159 et
1106 1129 1297 1160 Batteliano
1318 1134 1426 1160 extat.
1469 1130 1585 1160 Cicero
1598 1129 1722 1169 Philip.
1738 1137 1779 1159 11.
1795 1130 1848 1158 11.

426 1166 437 1182 ‘
453 1167 568 1199 Tillius
585 1169 741 1200 Cimber!
783 1170 877 1200 Idem
906 1170 968 1209 Ep.
991 1170 1084 1201 Fam.
1101 1179 1152 1201 vx.
1170 1173 1221 1201 12.
1263 1171 1394 1201 Seneca
1407 1171 1450 1201 de
1466 1169 1533 1210 Ira,
1549 1177 1604 1201 ιιι.
1620 1171 1672 1200 12.
1688 1174 1724 1200 et
1738 1169 1848 1209 Epist.

427 1216 586 1240 Lxxxut.
631 1211 809 1242 Suetonius
831 1212 900 1243 Jul.
922 1221 953 1242 c.
970 1214 1022 1242 85.
1043 1212 1053 1228 ⁴
1070 1211 1205 1243 Cimber
1219 1211 1370 1242 Tillius:’
1393 1210 1513 1252 quibus
1537 1211 1687 1241 omnibus
1710 1210 1742 1241 in
1766 1209 1848 1241 locis

427 1250 545 1281 eadem
561 1261 600 1282 ac
625 1252 678 1283 liic
693 1253 833 1283 variatio
849 1257 901 1284 est
915 1253 947 1282 in
963 1253 1099 1292 scriptis
1115 1253 1300 1284 codicibus.
1343 1253 1510 1284 Gruterus
1526 1253 1558 1283 in
1573 1253 1734 1292 Inscript.
1756 1259 1849 1282 Arme

427 1298 556 1331 Titius,
583 1298 630 1332 et,
661 1303 696 1328 Q·
719 1303 868 1334 Tamus,
890 1299 936 1333 et,
960 1303 1001 1325 Μ.
1023 1302 1173 1333 Timum,
1197 1303 1235 1326 M.
1261 1303 1293 1325 1..
1317 1302 1486 1326 PHANIAS.
1506 1302 1630 1325 ‘numa
1651 1302 1692 1325 Μ.
1715 1301 1746 1323 ῐ..
1769 1301 1850 1324 tuc-

425 1333 535 1364 cnuss
549 1335 737 1366 Bent1.-25
757 1336 917 1366 Nonnulli
933 1335 1032 1366 codd.
1048 1340 1083 1366 et
1099 1335 1177 1366 edd.
1193 1339 1338 1366 recentt.
1360 1336 1495 1377 fierique
1509 1335 1674 1366 tribunum.
1711 1334 1850 1374 Aliquot

427 1373 594 1414 Lambini,
607 1375 703 1407 Gott.
721 1386 739 1406 a
755 1386 797 1406 m.
813 1386 864 1416 pr.
881 1376 977 1407 Harl.
992 1379 1022 1407 2.
1037 1379 1066 1408 3.
1082 1379 1113 1408 4.
1128 1380 1159 1407 6.
1175 1379 1206 1408 7.
1224 1381 1260 1407 et
1275 1376 1353 1408 edd.
1368 1380 1511 1408 recenti.
1523 1376 1657 1417 fierique
1671 1375 1847 1406 tribuno.—

1066 1470 1098 1502 N
1104 1469 1208 1502 OTAE

425 1540 498 1562 rum
527 1531 749 1571 despicientia
778 1533 936 1572 ponitur,'
958 1535 1023 1569 διο.
1068 1534 1114 1564 Et

425 1584 555 1619 postea,
583 1589 617 1610 n.
637 1583 690 1611 68.
716 1584 724 1598 ⁴
739 1581 898 1612 Cavenda
921 1589 972 1612 est
997 1583 1112 1621 gloriae

1165 1534 1300 1573 pabula,
1314 1534 1470 1564 alimenta
1485 1532 1642 1563 deessent
1656 1541 1778 1563 cavere
1792 1530 1849 1562 de-

1167 1583 1281 1622 bebat,
1302 1585 1366 1614 &c.
1408 1583 1497 1614 Vide
1513 1581 1612 1613 Alex.
1625 1581 1667 1613 ab
1682 1581 1780 1613 Alex.
1799 1590 1850 1612 vi.

426 1627 609 1667 cupiditas.
653 1629 766 1668 Eripit
795 1630 882 1660 enim
911 1630 1113 1669 libertatem,

427 1685 488 1716 pro
512 1686 577 1717 qua
601 1679 820 1717 magnanimis
845 1678 922 1710 viris
938 1679 1042 1710 omnis
1058 1678 1114 1710 de-

427 1724 486 1755 bet
501 1734 572 1755 esse
583 1726 780 1757 contentio.'

469 1775 510 1804 24
535 1773 602 1807 Quo
632 1773 701 1809 tibi,
731 1775 823 1814 Tulli,
842 1774 911 1814 εμπ]
937 1775 1026 1807 Quid
1050 1773 1113 1806 tibi

426 1822 642 1853 emolumenti
669 1827 722 1853 est
743 1824 910 1863 recepisse
933 1829 1061 1854 vestem
1077 1827 1114 1854 et

426 1870 624 1910 dignitatem
660 1871 882 1909 Senatoriam‚
919 1881 1015 1911 quain
1050 1871 1113 1902 tibi

425 1919 538 1950 Caesar
564 1920 763 1950 ademerat?
809 1920 916 1951 Porro
938 1930 1002 1950 uon
1027 1919 1111 1950 bene

429 1973 482 1999 est
498 1973 596 1998 notus
613 1969 682 1999 ille.
725 1968 782 1999 Sic
804 1968 907 1999 habet
930 1973 998 1998 vet.
1015 1968 1113 1998 Com-

428 2022 532 2048 ment.
556 2018 565 2034 ⁴
581 2017 706 2047 Tullius
725 2017 779 2047 hic
795 2017 921 2048 Senatu
937 2022 1045 2047 motus
1061 2021 1115 2047 est

427 2073 448 2096 a
462 2065 596 2096 Caesare
617 2065 711 2105 quasi
728 2065 956 2105 Pompeianus
971 2075 978 2095 z
1000 2065 1114 2096 occiso

428 2123 508 2145 vero
523 2115 655 2146 Caesare
666 2115 798 2154 recepit
811 2115 916 2145 latum
928 2115 1069 2153 clavum,
1081 2118 1116 2145 et

428 2163 593 2194 Tribunus
609 2163 750 2194 militum
766 2163 876 2195 factus
890 2163 961 2195 est-¹

470 2217 510 2245 25
534 2214 682 2254 Tribuno]
723 2216 778 2246 De
799 2214 906 2255 plebis
926 2213 1114 2245 Tribunatu

428 2264 537 2294 locum
567 2263 654 2293 hunc
677 2263 848 2302 explicant
870 2261 1029 2301 nonnulli,
1055 2260 1114 2291 sed

428 2311 566 2343 frustra.
609 2311 775 2342 Tribunus
792 2311 932 2342 militum
947 2320 1044 2342 nemo
1056 2309 1115 2341 fie-

431 2363 503 2401 bat,
525 2362 602 2402 quin
626 2362 717 2401 prius
733 2363 817 2392 alam
834 2361 1004 2392 duxisset:
1028 2362 1115 2391 alam

430 2420 498 2442 non
513 2409 661 2441 ducebat
682 2409 746 2440 uisi
771 2410 827 2450 qui
849 2409 977 2440 cohorti
995 2407 1116 2449 praefu-

430 2462 522 2492 isset.
564 2460 598 2491 Is
622 2459 744 2490 milites
768 2459 800 2489 iu
828 2458 946 2490 castris
971 2457 1117 2489 habebat

431 2510 523 2542 dicto
553 2508 741 2547 audientes,
777 2508 819 2538 ad
856 2507 1115 2538 exercitationes

432 2558 635 2597 deducebat,
652 2557 683 2588 in
697 2557 855 2588 stationes
867 2555 1037 2594 mittebat,
1049 2555 1115 2586 cla-

430 2617 489 2639 ves
508 2614 678 2648 portarum
695 2607 917 2647 suscipiebat;
937 2605 1067 2646 vigilias
1081 2608 1116 2636 et

431 2657 632 2686 munitiones
664 2654 721 2686 diu
758 2659 922 2695 noctuque
958 2654 1115 2692 circuire,

430 2705 571 2736 militum
585 2704 718 2735 nomina
727 2703 884 2735 memoria
897 2707 1026 2743 tenere,
1042 2711 1114 2732 sau·

433 2755 559 2786 ciorum
590 2762 702 2785 euram
731 2762 844 2793 agere,
869 2761 912 2784 ne
941 2752 994 2783 cui
1016 2759 1116 2791 arma,

1165 1634 1217 1662 18.
1234 1634 1297 1662 &c-

1205 1683 1248 1711 26
1271 1681 1399 1711 Privato
1413 1690 1480 1720 qm
1495 1679 1595 1710 minor
1607 1679 1702 1720 esset]
1731 1678 1767 1711 Si
1793 1679 1851 1720 de-

1164 1736 1261 1767 geres
1285 1729 1409 1770 absque
1437 1728 1647 1768 magistratu,
1669 1737 1766 1758 nemo
1788 1728 1850 1758 tibi

1165 1776 1353 1808 invideret:
1377 1786 1464 1808 nunc
1483 1787 1561 1808 vero
1578 1776 1637 1807 tibi
1653 1776 1850 1817 dignitatem

1165 1830 1265 1855 nacto
1281 1826 1395 1864 plures
1411 1825 1571 1855 invident.

1207 1876 1246 1903 27
1273 1875 1355 1904 Nam
1385 1878 1421 1904 ut
1454 1873 1579 1913 quisque
1613 1873 1751 1909 insanus,
1782 1872 1852 1913 asa]

1167 1920 1238 1951 Cic.
1256 1920 1355 1952 Offic.
1373 1929 1398 1952 1.
1420 1921 1430 1937 ‘
1445 1921 1519 1952 Nec
1534 1921 1677 1961 imperia
1690 1926 1852 1961 expeten-

1166 1967 1208 1998 da
1223 1978 1230 1998 :
1255 1978 1295 1999 ac
1311 1970 1420 2009 potius
1436 1973 1494 1999 aut
1509 1978 1572 2000 nou
1587 1969 1783 2009 accipienda
1803 1968 1852 2000 in-

1167 2016 1311 2055 terdum,
1324 2022 1381 2048 aut
1403 2017 1602 2058 deponenda
1616 2027 1851 2060 nonnunquam

1167 2087 1176 2097 .
1193 2085 1202 2095 .
1220 2087 1228 2097 .
1248 2087 1255 2095 .
1271 2066 1373 2097 Multi
1389 2071 1580 2106 quaerentes
1601 2076 1674 2098 eam
1690 2068 1853 2109 tranquil-

1166 2114 1296 2145 litatem
1312 2123 1330 2144 a
1345 2114 1488 2154 negotiis
1502 2115 1645 2155 publicis
1655 2125 1691 2146 se
1703 2125 1852 2148 remove-

1166 2167 1256 2197 runt,
1277 2162 1317 2192 ad
1341 2163 1512 2204 otiumque
1535 2163 1766 2204 perfugerunt.
1809 2164 1851 2195 In

1165 2211 1215 2242 liis
1226 2214 1262 2241 et
1273 2210 1468 2241 nobilissimi
1481 2211 1676 2252 Philosophi
1688 2212 1852 2253 longeque

1166 2258 1348 2299 principes,
1374 2262 1408 2288 et
1429 2259 1562 2299 qnidam
1579 2259 1725 2290 homines
1741 2260 1850 2291 severi

1167 2313 1203 2339 et
1217 2306 1358 2348 graves,’
1371 2309 1437 2339 &c.
1479 2308 1531 2338 Ex
1555 2306 1674 2348 quibus
1690 2311 1786 2348 patet
1801 2309 1852 2339 in-

1168 2358 1279 2389 sanire
1307 2356 1453 2398 quisquis
1483 2356 1648 2396 publicam
1671 2366 1740 2388 rem
1763 2358 1852 2388 ultro

1168 2405 1316 2446 capessit
1331 2404 1457 2444 exiguis
1478 2406 1622 2436 munitus
1637 2405 1851 2446 adjumentis.

1211 2454 1328 2493 Nigris
1348 2453 1479 2484 medium
1503 2453 1641 2493 impediit
1664 2462 1735 2484 crus
1755 2452 1853 2485 Pelli-

1169 2504 1234 2543 bus,
1247 2502 1313 2543 ξι]
1335 2502 1571 2541 Magistratum
1598 2502 1682 2539 iniit,
1700 2502 1733 2532 in
1747 2503 1851 2534 Sena-

1169 2558 1238 2582 tum
1256 2556 1307 2582 est
1321 2551 1460 2581 allectus
1476 2559 1484 2579 :
1506 2559 1546 2580 ac
1565 2550 1704 2590 proinde
1723 2551 1780 2591 jus
1796 2552 1853 2582 ba-

1168 2601 1227 2632 bet
1250 2598 1366 2630 utendi
1398 2598 1504 2629 ocreis
1531 2598 1736 2630 mollioribus
1765 2599 1854 2640 nigri

1168 2650 1287 2683 coloris
1317 2648 1436 2689 pedem
1472 2656 1512 2678 ac
1547 2648 1692 2680 mediam
1721 2657 1852 2690 quoque

1168 2699 1282 2732 tibiam
1309 2696 1521 2737 tegentibus:
1545 2696 1626 2728 item
1642 2697 1743 2728 latum
1760 2697 1853 2728 indu-

1166 2747 1245 2784 endi
1288 2746 1428 2778 clavum.
1479 2745 1592 2776 Calcei
1627 2744 1851 2776 patriciorum
