1904 3256
287 265 370 305 588

758 282 800 317 Q.
833 280 1036 310 HonA'ru
1071 280 1242 310 FLAecl

511 369 712 421 Spiritum
733 371 928 411 Phoebus
947 372 1063 419 mihi,
1080 370 1273 410 Phoebus
1289 375 1425 412 artem

512 433 726 475 Carminis
744 448 985 487 nomenque
1005 435 1127 476 dedit
1147 435 1316 477 Poetae.

1650 437 1705 477 30

510 498 734 552 Virginum
753 500 916 553 primae,
935 502 1143 554 puerique
1161 502 1294 542 claris

845 565 1051 606 Patribus
1069 569 1164 616 orti,

513 629 654 669 Deliae
674 631 806 670 tutela
826 631 952 681 Deae,
971 631 1146 684 fugaces

512 694 686 746 Lyncus
706 701 751 736 et
770 709 921 738 cervos
940 698 1180 738 cohibentis
1201 711 1319 748 arcu,

289 809 374 836 tuere
386 806 517 844 gloriam
542 807 642 838 Musae
667 808 786 848 Apulae.
818 808 927 848 Apollo
948 809 1022 839 mihi
1037 810 1206 848 ingenium,
1223 811 1329 850 Apollo
1339 810 1520 848 facultatem
1530 811 1652 852 poeseos
1674 815 1706 842 et

290 849 370 877 vatis
383 849 613 887 appellationem
634 850 754 880 tribuit.
800 851 828 880 0
855 851 965 889 puelloe
986 852 1154 889 primurm,
1175 858 1204 882 et
1229 853 1316 892 pueri
1341 854 1509 884 illustribus
1529 853 1706 893 parentibus

291 890 368 925 nati,
391 891 514 921 clientes
530 891 606 921 Deae
620 891 732 927 Delta,
754 901 819 930 quae
835 891 957 922 timidos
971 892 1092 932 Lyncus
1110 901 1138 923 ec
1162 903 1264 924 cervo-3
1287 904 1343 925 acu
1359 895 1537 935 prosternit,
1561 895 1710 926 custodite

884 985 999 998 eeeeee

1002 985 1117 997 eeeeee

288 1045 357 1079 leu‚·
381 1045 479 1076 etsie
496 1046 609 1077 Burm.
651 1047 730 1079 Vid.
745 1048 858 1079 Strab.
875 1057 910 1079 v.
925 1059 958 1088 p.
973 1052 1046 1080 220.
1073 1049 1167 1081 Harl.
1189 1054 1219 1081 1.
1245 1053 1276 1082 2.
1297 1053 1328 1082 4.
1349 1054 1380 1082 6.
1404 1051 1540 1088 agitem
1565 1049 1660 1080 Harl.
1677 1051 1709 1079 3.

291 1086 423 1126 Agyeu;
447 1087 541 1118 Harl.
560 1092 590 1118 5.
609 1089 829 1128 Agyieu.-29
853 1090 950 1122 Nova
975 1092 1053 1122 hinc
1079 1092 1156 1123 Ode
1182 1101 1236 1131 ap.
1261 1092 1383 1123 Sauad.
1399 1101 1433 1123 et
1449 1092 1620 1123 Simu—31
1642 1090 1714 1121 Vir-

931 1186 960 1216 N
967 1185 1072 1216 OTAE

291 1241 435 1281 Daunia,
458 1243 527 1273 sive
551 1243 676 1284 Apulia
705 1255 725 1275 a
748 1246 870 1276 Dauno
897 1254 976 1285 rege

291 1289 480 1328 appellata;
503 1291 614 1329 hodie,
637 1294 666 1323 la
687 1293 884 1333 capitanata.
921 1294 977 1324 De

290 1338 410 1377 eajam
440 1348 464 1369 1.
489 1339 554 1371 Od.
569 1343 622 1372 22.
653 1347 689 1372 et
713 1350 751 1372 u.
773 1342 840 1372 Od.
859 1345 889 1372 l.
912 1342 978 1372 Vel

290 1387 441 1426 respexit
456 1392 573 1418 noster
589 1389 698 1420 Poeta
713 1399 805 1420 snam
822 1389 976 1430 patriam,

290 1434 442 1475 adeoque
465 1445 557 1466 suam
575 1437 706 1468 Musam
724 1437 874 1477 Apollini
890 1447 977 1468 com·

290 1483 440 1515 mendat.
496 1485 551 1516 Sic
585 1486 594 1502 ‘
613 1486 773 1517 Calabras
803 1486 979 1517 Pierides'

292 1542 352 1572 pro
378 1533 530 1565 Enniana
553 1534 667 1575 poesi3
692 1536 702 1553 ‘
719 1535 822 1566 Ceam
848 1536 977 1566 Camoe-

291 1580 385 1611 nam’
411 1580 471 1621 pro
497 1583 708 1622 Simonidea;
737 1583 875 1614 ‘Teium
902 1584 978 1614 Mn-

292 1629 381 1658 sam'
406 1639 467 1668 pro
491 1631 748 1671 Anacreonfica,
776 1636 854 1663 ante
884 1633 978 1664 dixit.

291 1677 381 1715 Ergo
408 1681 442 1707 et
468 1678 521 1709 hic
547 1680 557 1696 ⁸
573 1679 742 1710 Dauniam
772 1680 977 1711 Camoenam’

292 1733 354 1763 pro
383 1724 575 1764 Venusinam
608 1727 688 1767 quia
721 1727 906 1759 venusium
944 1729 978 1759 in

292 1771 409 1803 finibus
424 1778 475 1805 est
493 1772 625 1814 Apuliae
649 1775 719 1806 sive
741 1777 899 1818 Dauniae,
915 1787 979 1818 qua

292 1821 327 1852 in
343 1821 425 1852 urbe
441 1827 539 1853 natus
555 1823 729 1856 Horatius.

335 1873 376 1901 28
399 1871 503 1911 Levis]
527 1871 603 1902 Sive
623 1873 721 1911 laevis,
740 1874 833 1909 λεῖος,
855 1874 980 1913 politus,

293 1919 445 1959 imberbis,
455 1923 571 1960 utpote
578 1921 760 1960 juventute
773 1921 894 1952 florens
906 1932 980 1962 per-

294 1972 408 2008 petua.
450 1969 539 1999 Talis
554 1969 642 2000 enim
655 1970 779 2001 colitur
793 1970 926 2010 Apollo.

335 2018 474 2058 Agyieu]
509 2019 627 2058 Ἀγυιᾶ,
652 2021 749 2059 vicus,
777 2020 838 2050 via.
889 2020 981 2052 Hinc

295 2066 418 2106 Apollo
432 2066 580 2106 Ἀγυιεὺς,
595 2077 636 2098 eo
659 2067 746 2108 quod
770 2068 802 2099 in
820 2069 880 2099 viis
894 2070 982 2100 cole-

296 2121 401 2150 retur,
417 2121 450 2146 et
465 2117 627 2148 columnae
647 2116 791 2157 Apollini
804 2127 907 2149 sacrae
923 2128 982 2158 pro

295 2165 421 2195 foribus
442 2170 585 2197 starent.
615 2167 770 2198 Eustath.
815 2167 895 2199 Sive
914 2169 982 2199 Do-

296 2214 364 2246 rico
388 2215 452 2246 isto
483 2216 644 2247 vocabulo
671 2216 901 2257 significantur
929 2227 982 2249 co-

297 2264 415 2295 lumnae
445 2264 478 2294 in
500 2265 584 2295 'coni
613 2264 753 2297 formam
777 2265 983 2304 desinentes,

297 2312 446 2352 Apollini
463 2313 514 2343 vel
531 2313 667 2345 Baccho
683 2324 798 2351 saerae,
810 2325 890 2356 quas
906 2320 983 2346 ante

297 2360 385 2392 fores
414 2361 535 2392 aedium
559 2362 688 2401 pridem
719 2363 904 2402 erigebant.
940 2364 982 2394 P.

298 2410 445 2441 Bembus
462 2421 504 2442 ex
518 2411 633 2443 Suida.
650 2412 802 2442 Macrob.
814 2413 982 2443 Saturnal.

298 2468 324 2490 1.
340 2461 371 2489 9.
395 2460 406 2476 ‘
422 2459 522 2500 Apud
541 2459 678 2491 Graecos
703 2460 824 2501 Apollo
847 2460 985 2500 Ἀγυιεὺς

299 2514 521 2551 nuncupatur,
553 2511 648 2552 quasi
685 2511 745 2541 viis
783 2511 983 2551 praepositus

299 2560 453 2590 urbanis:
484 2559 532 2591 illi
560 2560 649 2590 enim
681 2560 760 2594 vias,
791 2569 865 2600 quae
896 2559 984 2591 intra

302 2609 494 2647 pomoerinm
512 2613 601 2649 sunt,
615 2607 721 2648 ἀγυιὰς
736 2607 930 2648 appellant!

342 2659 384 2687 29
406 2657 555 2696 Spiritum
572 2658 711 2692 Phoebus.
726 2657 795 2698 ξω]
811 2657 984 2688 Hactenus

303 2705 409 2736 Poeni
423 2704 537 2736 laudat
557 2706 756 2747 invocatque
772 2706 961 2746 Apollinem
975 2717 982 2736 :

293 2754 364 2794 jam
380 2762 454 2794 quae
478 2752 520 2785 ab
542 2753 598 2784 illo
621 2753 752 2786 afflatus
775 2753 889 2786 condit
905 2754 984 2786 Car-

1029 1247 1132 1284 mina,
1155 1246 1330 1285 praedicat,
1351 1254 1391 1276 ac
1413 1245 1475 1275 rite
1500 1249 1536 1275 et
1559 1244 1714 1284 religiose

1030 1293 1181 1324 canenda
1195 1293 1361 1333 praecipit.
1415 1292 1581 1332 Spiritum,
1597 1301 1715 1323 venum

1031 1343 1182 1377 divitem,
1208 1342 1318 1381 Epist.
1350 1342 1390 1372 ad
1420 1342 1559 1372 Pisones
1575 1351 1584 1372 z
1617 1343 1716 1372 artem

1029 1390 1185 1429 carminis,
1199 1390 1365 1429 ingenium
1383 1399 1447 1420 non
1464 1390 1558 1430 rude,
1566 1389 1625 1420 sed
1641 1394 1714 1420 arte

1029 1439 1215 1475 ext-ultum,
1231 1439 1310 1469 ibid.
1328 1443 1436 1470 vocat.
1706 1474 1709 1476 ‚

1071 1489 1108 1516 31
1138 1487 1302 1525 Virginum
1315 1489 1436 1526 primoe,
1448 1486 1518 1527 ξω]
1539 1487 1630 1519 Julia
1644 1486 1715 1518 Au-

1030 1535 1118 1576 gusti
1132 1535 1211 1571 filia,
1228 1535 1398 1566 Marcenae
1421 1531 1576 1566 Marcelli
1596 1540 1631 1567 et
1646 1535 1716 1567 Oe-

1029 1585 1130 1616 taviae
1146 1586 1267 1615 sororis
1283 1584 1425 1624 Augusti
1441 1584 1541 1616 filiae:
1559 1585 1610 1615 vel
1624 1585 1717 1617 Julia

1032 1637 1068 1663 et
1090 1632 1278 1674 Agrippina
1298 1638 1421 1673 neptes
1444 1642 1486 1664 ex
1510 1633 1659 1674 Agrippa
1679 1639 1717 1664 et

1031 1681 1135 1713 Julia.

1074 1729 1322 1770 puerique,85c.]
1355 1730 1394 1760 C.
1418 1729 1454 1760 1..
1480 1735 1631 1770 nepotes.
1648 1730 1716 1760 Au-

1033 1781 1131 1820 gusti.
1166 1780 1254 1810 Haec
1276 1779 1457 1810 Lambinus
1480 1783 1573 1810 certe
1594 1778 1717 1810 dormi-

1032 1833 1117 1859 tans.
1159 1828 1265 1859 Immo
1281 1828 1461 1868 compellat
1477 1827 1637 1861 Horatius
1652 1828 1718 1859 vir-

1033 1876 1126 1916 gines
1137 1886 1287 1917 quasque
1299 1877 1442 1912 nobiles,
1454 1885 1494 1908 ao
1505 1885 1624 1917 pueros
1634 1884 1718 1917 prae-

1034 1929 1195 1963 textatos,
1210 1935 1229 1955 a
1254 1925 1372 1965 quibus
1394 1934 1436 1956 ex
1462 1935 1554 1956 more
1576 1925 1718 1957 Carmen

1034 1974 1202 2005 Saeculare
1218 1974 1461 2005 concinendum
1478 1978 1551 2006 erat
1565 1985 1574 2005 :
1595 1979 1633 2006 ut
1651 1983 1719 2006 am-

1035 2022 1121 2062 plius
1136 2021 1258 2052 deinde
1272 2030 1331 2052 suo
1345 2022 1419 2052 loco
1434 2022 1553 2059 dicam,
1563 2022 1719 2053 nimirum

1034 2072 1067 2102 in
1085 2071 1239 2102 Carmine
1255 2071 1426 2109 Saeculari,
1441 2077 1519 2112 post
1534 2071 1682 2112 Epodos.

1077 2123 1116 2151 33
1140 2121 1243 2151 Delioe
1262 2121 1359 2151 tutela
1381 2121 1474 2161 Deoe]
1498 2120 1608 2162 Hujus
1630 2121 1718 2152 enim

1036 2174 1130 2200 erant
1145 2170 1177 2200 iu
1194 2170 1351 2200 clientela
1371 2179 1428 2201 seu
1445 2171 1565 2207 tutela,
1580 2171 1720 2211 ejusque

1034 2218 1152 2250 laudes
1167 2218 1336 2249 celebrare
1351 2223 1606 2250 consueverant.
1633 2217 1719 2249 Vide

1035 2276 1058 2299 1.
1075 2267 1141 2298 Od.
1155 2269 1207 2297 21.

1077 2315 1194 2355 Delioe]
1217 2314 1247 2346 A
1266 2315 1352 2347 Delo
1368 2315 1486 2354 insula,
1506 2315 1562 2347 ubi
1583 2319 1664 2347 nuta
1685 2319 1721 2347 et

1036 2365 1204 2405 praecipue
1219 2363 1394 2394 observata
1411 2364 1529 2395 Diana.
1558 2363 1646 2395 Vide
1662 2373 1720 2396 ιιι,

1036 2414 1102 2446 Od.
1118 2417 1150 2445 4.
1165 2417 1218 2445 64.
1265 2414 1388 2445 Catull.
1410 2414 1420 2432 ‘
1437 2414 1558 2445 Dianae
1569 2414 1725 2445 sumusin‘

1034 2462 1101 2493 fide
1118 2463 1246 2493 Puellae
1262 2467 1297 2493 et
1314 2462 1408 2502 pueri
1425 2461 1567 2501 integri?

1078 2513 1118 2542 34
1139 2511 1260 2551 Lyncus
1277 2513 1306 2541 et
1328 2520 1429 2541 cervos
1443 2510 1608 2542 cohibentia
1626 2511 1716 2552 arcu]

1036 2559 1222 2590 Venatione
1244 2559 1431 2599 gaudentis,
1449 2557 1603 2600 ferasque
1619 2560 1720 2600 sugit-

1038 2608 1080 2638 tis
1094 2613 1128 2639 et
1143 2617 1221 2639 uren
1236 2608 1440 2638 vulnerantis
1457 2607 1720 2648 occidentisque.

1037 2657 1143 2696 Lynx,
1159 2656 1341 2687 acutissimi
1360 2656 1453 2686 visus
1469 2657 1602 2691 animal,
1617 2656 1724 2688 instar

1036 2705 1186 2746 leopardi
1213 2705 1407 2743 distinctum
1430 2705 1581 2745 maculis,
1604 2713 1721 2737 verna-

1038 2754 1113 2785 cule
1127 2763 1209 2794 once,
1225 2754 1290 2794 vel,
1305 2755 1387 2785 lance
1403 2758 1549 2786 vocatur.
1588 2754 1719 2796 Lupum
