1904 3256
335 276 420 317 746

805 295 846 331 Q.
878 295 1081 324 HORATH
1116 294 1285 324 FLAGGI

559 383 783 424 Terminus
802 389 966 434 servet3
998 386 1113 425 bona
1128 386 1220 439 jam
1240 390 1423 440 peractis

890 448 918 488 J
923 451 1069 501 ungite
1089 451 1193 492 fata.

562 513 734 553 Fertilis
755 513 922 564 frugum
946 517 1199 570 pecorisque
1218 518 1370 559 Tellus

561 577 719 629 Spicea
738 578 868 620 donet
886 580 1087 622 Cererem
1106 595 1290 624 corona:

1701 590 1755 629 30

559 643 766 684 Nutriant
783 644 916 686 foetus
938 652 982 687 et
1000 660 1128 700 aquae
1149 649 1345 689 salubres

896 712 952 752 Et
970 712 998 752 J
1002 713 1099 752 ovis
1120 725 1249 754 aurae.

558 773 748 814 Condito
767 777 883 816 mitis
904 778 1189 832 placidusque
1209 780 1293 821 telo

333 883 436 912 addite
449 882 518 920 J‘nm
533 884 707 915 transactis.
755 885 851 916 Terra
868 885 1018 924 frugibus
1034 886 1182 924 foecunda
1196 890 1224 917 et
1238 887 1383 926 gregibus
1397 889 1446 918 del
1465 889 1571 920 Cereri
1584 897 1723 919 coronam
1743 897 1759 918 e

333 923 434 962 spicis.
466 924 612 956 Salubre-s
626 936 711 966 aquae
725 930 756 957 et
770 927 823 958 a'e'r
837 927 926 959 dosis
941 929 1025 958 alant
1033 927 1144 966 foetus.
1178 929 1305 969 Phoebe,
1317 930 1443 968 sagittis
1457 930 1621 961 reconditis
1633 931 1760 962 clemens

924 1021 960 1032 ee
964 1019 1160 1032 emovente

333 1081 418 1120 conj.
435 1081 556 1113 etiam:
584 1083 685 1121 Quod,
700 1083 790 1115 simul
804 1086 834 1115 d.
850 1088 907 1125 est,
923 1095 950 1116 s.
965 1095 1019 1124 per
1032 1089 1226 1118 ‹evum—2⁷
1250 1087 1397 1118 Bentleii
1412 1087 1562 1127 Magdal.
1581 1087 1665 1128 Reg.
1679 1088 1758 1119 Soc.

331 1131 350 1152 a
366 1131 409 1153 m.
427 1132 495 1155 sec.
513 1124 634 1156 Venet.
649 1125 806 1157 Glarean.
824 1126 903 1157 Ald.
918 1129 981 1157 διε.
997 1130 1124 1164 servan·
1146 1127 1179 1157 in
1195 1127 1394 1168 quibusdam
1411 1129 1483 1159 aliis
1497 1133 1630 1160 servent.
1675 1129 1759 1160 Om-

332 1172 390 1193 nes
406 1165 854 1204 ceteriBentleii,meli01-es
879 1173 915 1198 et
941 1168 1145 1199 vetustiores
1171 1169 1322 1209 Cruquii,
1347 1170 1526 1208 Torrenffl,
1550 1171 1759 1209 Bersmanni,

333 1205 527 1246 Pulmanni,
544 1207 709 1248 Lambini,
726 1209 823 1240 Harl.
841 1213 870 1240 l.
887 1213 918 1240 2.
933 1212 965 1240 3.
978 1212 1009 1241 4.
1024 1212 1056 1240 6.
1082 1210 1183 1249 Crnq.
1202 1210 1318 1241 Lamb.
1333 1210 1488 1242 Torreat.
1509 1211 1633 1252 Delph.
1649 1211 1759 1242 Bond.

332 1247 507 1278 Schrevel.
523 1250 636 1281 Bentl.
653 1250 771 1282 sanad.
787 1251 888 1281 Baxt.
905 1251 1010 1282 Gesn.
1027 1251 1133 1282 Zeun.
1149 1251 1299 1291 Towers,
1314 1252 1464 1292 Francis,
1474 1252 1612 1293 Bipont.
1622 1252 1758 1284 Mitsch.

333 1288 476 1320 Wetzel.
491 1291 627 1323 Wakef.
644 1292 761 1323 Comb.
779 1298 814 1324 et
830 1292 935 1323 Kidd.
949 1296 1060 1324 servet.
1104 1297 1113 1311 ‘
1133 1293 1209 1324 Non
1234 1302 1316 1334 opus
1331 1298 1381 1324 est
1397 1294 1569 1334 ingeniosa
1584 1300 1759 1335 quantum-

332 1330 382 1360 vis
407 1331 555 1363 Bentleii
581 1334 791 1374 conjectura,
816 1343 916 1375 quam
942 1334 1103 1365 refellunt
1128 1334 1241 1366 Lamb.
1293 1335 1363 1365 Bos
1387 1334 1566 1366 Animadv.
1595 1346 1628 1376 p.
1649 1338 1701 1366 54.
1725 1340 1760 1367 et

330 1370 491 1402 Johnson.
507 1373 548 1404 P.
564 1383 604 1405 ιι.
627 1384 660 1415 p.
675 1375 740 1406 67!
763 1376 943 1406 Germ—31
967 1376 1091 1406 ‘Posui
1117 1376 1427 1407 subdistinctionem
1452 1381 1528 1417 post
1550 1386 1648 1417 aquae,
1669 1377 1759 1417 quod

330 1412 464 1443 salubres
479 1413 521 1444 ad
537 1424 620 1445 nurae
636 1417 739 1455 magis
756 1417 924 1455 pertinere
947 1416 1162 1455 crediderim,
1177 1417 1270 1457 quasi
1286 1417 1415 1448 diceret
1430 1428 1438 1448 :
1463 1428 1549 1457 aquoe
1563 1418 1652 1448 donis
1665 1421 1696 1448 et
1709 1427 1759 1453 sa-

331 1452 430 1484 lubres
451 1464 536 1486 αυτ-ω
559 1456 671 1487 Jovis:
697 1467 769 1487 nam
800 1463 836 1488 et
865 1458 1067 1498 siccitatem,
1097 1463 1133 1487 et
1160 1459 1373 1497 pestilentem
1399 1458 1509 1489 ae'rem
1534 1458 1759 1499 deprecatur!

331 1493 434 1525 Baxt.
478 1495 489 1512 ‘
505 1496 708 1536 Opportune
731 1499 794 1529 liue
818 1498 963 1530 advocat
980 1499 1175 1537 Rntgersius
1192 1499 1301 1540 Apoll.
1317 1500 1426 1530 Rhod.
1442 1509 1482 1530 ιι.
1498 1503 1572 1531 527.
1595 1499 1711 1536 ἐτήσιοι
1726 1501 1760 1531 ἐκ

331 1535 404 1566 Διὸς
419 1535 515 1576 αὖραι.
551 1539 674 1570 Etesiae
693 1540 795 1570 nimio
811 1541 915 1570 calori
932 1541 1107 1580 resistunt,
1123 1541 1284 1580 exuriqne
1300 1547 1432 1582 segetes
1449 1541 1648 1581 prohibent!
1665 1542 1759 1573 Gesn.

330 1576 386 1607 Ita
397 1578 609 1619 distinguunt
624 1581 726 1611 etiam
744 1582 849 1612 Gesn.
865 1582 1003 1622 Bipont.
1019 1582 1156 1613 Mitsch.
1168 1587 1202 1613 et
1218 1582 1335 1614 Comb.
1378 1583 1525 1613 ‘Sustuli
1539 1591 1669 1614 comma
1683 1588 1761 1623 post

980 1675 1117 1706 NOTAE

333 1736 342 1752 ⁶
356 1735 537 1777 Imperium
553 1736 625 1767 sine
641 1736 707 1767 fine
716 1737 833 1777 dedi,')
847 1737 934 1779 quod
948 1739 1019 1778 qui·

330 1784 406 1815 dem
430 1785 591 1816 hactenus
618 1787 627 1803 ‘
643 1786 726 1817 ordo
750 1796 859 1818 rernm
886 1787 1019 1818 stabilis

326 1841 369 1865 ae
397 1834 556 1864 terminus
580 1835 717 1871 servat‚'
733 1836 928 1867 constitntae
945 1837 1018 1876 jam

329 1881 555 1913 Romanorum
582 1884 742 1922 potentiae
769 1888 804 1914 et
825 1884 938 1923 gloriae
959 1893 1019 1914 no-

331 1940 405 1962 vam
421 1939 550 1971 semper
569 1932 757 1972 adjungite.
782 1933 856 1971 Vel¹
872 1933 899 1962 si
915 1933 1019 1963 mavis

331 1981 534 2021 generaliter
545 1982 717 2022 accipere:
734 1982 865 2018 Parcae,
879 1991 952 2022 quae
963 1991 1020 2013 ve-

331 2039 368 2060 re
384 2030 554 2061 cecinistis
572 2030 605 2060 id
621 2031 631 2048 ‘
649 2030 737 2071 qnod
752 2031 854 2061 semel
869 2029 1020 2070 dictum‚'

331 2079 486 2120 quodque
497 2080 696 2111 immutabili
704 2079 907 2111 necessitate
917 2079 1019 2110 fixum

330 2132 469 2168 oportet
488 2129 628 2167 servari,
649 2138 839 2160 concessam
859 2129 1019 2160 Romanis

329 2175 527 2208 felicitatem
544 2182 740 2218 perpetuam
757 2177 872 2208 facite.

373 2229 414 2257 30
437 2226 545 2266 Spicea
553 2228 644 2258 donet
657 2228 797 2258 Cererem
807 2225 931 2266 corona]
943 2227 1019 2258 Hoc

331 2274 479 2306 debitum
494 2280 529 2306 et
541 2280 657 2316 aptum
670 2285 789 2306 munus
805 2284 864 2316 pro
876 2279 1020 2315 accepta

331 2325 460 2364 frugum
472 2325 689 2358 abundantia.
716 2326 838 2357 Tibull.
848 2336 872 2357 ι.
885 2329 913 2357 1.
923 2327 932 2343 ‘
944 2326 1019 2357 Fla·

332 2384 374 2405 va
389 2375 504 2414 Ceres,
519 2376 581 2406 tibi
596 2376 640 2406 sit
659 2379 773 2406 nostro
797 2375 840 2405 de
862 2384 939 2406 rnre
963 2385 1018 2406 co—

332 2432 415 2454 rona
430 2423 574 2464 Spicea!
620 2425 663 2455 Et
679 2433 718 2455 11.
735 2427 765 2456 l.
786 2423 796 2441 ‘
809 2424 918 2464 Spicis
934 2431 1018 2456 tem-

333 2481 415 2511 pora
430 2473 529 2511 cinge
542 2471 670 2503 (ζει-883

374 2523 413 2552 31
439 2521 593 2551 Nutriant
610 2520 708 2558 foetus
727 2524 759 2551 et
779 2530 866 2560 aquae
884 2521 1020 2552 salubres

334 2574 378 2603 Et
393 2572 483 2602 Jouis
502 2570 603 2610 anroe]
639 2569 760 2602 Aerem
779 2574 815 2601 et
830 2580 932 2612 aquas
946 2580 1020 2611 pes·

332 2622 469 2652 tilentes
483 2620 708 2660 deprecatur:
726 2625 868 2660 oratque
885 2630 926 2651 ne
947 2622 957 2638 ‘
970 2625 1019 2652 ta-

333 2671 413 2702 bida
429 2671 598 2709 membris,
621 2671 788 2710 Corrupto
803 2670 877 2702 creli
894 2676 1018 2711 tractu,

333 2719 605 2760 miserandaque’
619 2720 732 2751 veniat
745 2722 754 2738 ‘
767 2719 1017 2760 Arboribusque

333 2772 479 2812 natisque
495 2772 577 2807 lues,
591 2776 625 2802 et
635 2770 748 2803 letifer
763 2780 868 2802 annus
881 2770 902 2802 :’
917 2775 954 2801 ut
970 2770 1018 2801 ait

1073 1739 1191 1779 virgil.
1208 1739 1340 1770 AEneid.
1354 1749 1409 1771 ιιι.
1426 1742 1498 1771 138.
1521 1740 1642 1771 Horat.
1658 1749 1682 1771 1.
1694 1740 1762 1772 Od.

1071 1790 1125 1819 21.
1140 1788 1149 1804 ‘
1165 1786 1231 1819 Hic
1249 1788 1369 1819 bellum
1383 1789 1617 1829 lacrymosum,
1630 1790 1684 1820 bic
1699 1789 1760 1820 mi-

1071 1845 1178 1867 seram
1191 1835 1311 1868 famem
1330 1838 1536 1878 Pestemque
1550 1847 1569 1868 a
1585 1838 1708 1878 populo
1723 1842 1760 1869 et

1073 1885 1226 1924 principe
1242 1886 1376 1916 Caesare
1387 1885 1420 1916 in
1434 1886 1558 1917 Persas
1567 1891 1668 1927 atque
1683 1887 1759 1918 Bri·

1073 1938 1190 1964 tannos
1205 1935 1327 1965 Vestra
1343 1939 1451 1966 motus
1467 1939 1545 1975 aget
1562 1935 1686 1975 prece!

1115 1985 1155 2013 32
1177 1984 1265 2014 Jovis
1286 1983 1386 2023 nuroe]
1423 1983 1515 2015 Hinc
1537 1983 1658 2024 Virgil.
1684 1985 1758 2017 Ecl.

1073 2041 1131 2063 111.
1147 2032 1156 2049 ‘
1170 2033 1267 2065 Jovis
1288 2033 1396 2063 omnia
1411 2032 1533 2073 plena.’
1555 2033 1708 2066 Maerob.
1725 2035 1759 2066 in

1072 2081 1184 2112 Somn.
1209 2081 1301 2122 Scip.
1331 2091 1407 2122 cap.
1430 2089 1495 2112 vn.
1538 2082 1675 2123 Jupiter
1697 2092 1759 2123 pro

1073 2132 1158 2163 coelo
1183 2132 1332 2171 ponitur,
1355 2136 1391 2162 et
1408 2132 1498 2164 Jnno
1516 2141 1576 2172 pro
1591 2131 1760 2171 ae‘re;Jn-

1073 2181 1187 2221 visque
1204 2181 1341 2220 conjux,
1364 2181 1442 2221 quia
1464 2183 1520 2211 aer
1535 2181 1759 2214 scilicetinfe-

1073 2230 1152 2268 rior,
1179 2230 1265 2260 coelo
1288 2233 1342 2259 est
1364 2229 1548 2269 subjectus,
1573 2231 1666 2262 velut
1688 2230 1758 2265 aeti

1072 2279 1247 2319 superiori.
1265 2278 1360 2308 Idem
1371 2278 1535 2310 Saturnal.
1547 2281 1642 2310 luni.
1655 2279 1665 2297 ‘
1675 2280 1758 2312 Esse

1073 2333 1183 2359 autem
1200 2326 1345 2358 medium
1362 2327 1490 2357 aethera
1503 2327 1640 2367 Jovem,
1653 2328 1759 2360 Juno-

1072 2386 1147 2408 nem
1161 2385 1239 2407 vero
1255 2374 1354 2405 imum
1372 2374 1474 2414 aera,'
1490 2376 1596 2415 aiunt,
1610 2378 1674 2407 &tn

1113 2427 1154 2455 33
1185 2423 1315 2454 Condito
1346 2423 1434 2453 mitis
1458 2424 1653 2464 placidusque
1681 2427 1758 2468 telo]

1072 2474 1201 2506 Contra
1215 2477 1333 2503 exerto
1349 2472 1401 2502 vel
1414 2472 1541 2504 intorto
1557 2476 1756 2507 metuendus

1071 2532 1110 2554 ac
1133 2521 1303 2560 terribilis,
1325 2529 1366 2552 ιι.
1390 2520 1455 2551 Od.
1480 2523 1529 2552 10.
1561 2524 1611 2553 19.
1655 2522 1757 2556 Adde

1072 2571 1160 2613 quod
1187 2574 1265 2602 ante
1300 2571 1468 2609 annotavi,
1506 2570 1554 2601 ita
1584 2572 1755 2605 veteribus

1072 2621 1303 2661 superstitiose
1313 2620 1551 2657 existimatum,
1566 2622 1756 2654 mortalium

1073 2671 1235 2701 neminem
1252 2669 1388 2700 interire
1404 2674 1462 2700 aut
1483 2674 1590 2701 morte
1605 2672 1757 2710 mactari,

1071 2719 1133 2750 nisi
1151 2719 1315 2759 Apollinis
1330 2723 1387 2749 aut
1403 2719 1524 2750 Diauae
1535 2719 1610 2750 telis
1623 2729 1754 2760 percus-

1071 2778 1154 2800 sum.
1200 2767 1285 2798 Vide
1309 2767 1462 2799 Macrob.
1477 2767 1645 2806 Saturnal-
1661 2778 1685 2801 ιε
1703 2773 1751 2801 17.
