1936 3236
599 309 872 340 cARmNuM
909 309 1004 339 mn.
1037 308 1103 339 iv.
1133 298 1174 340 2.
1542 297 1628 338 559

407 403 512 454 Quo
534 403 642 445 nihil
661 404 809 458 majus
830 404 1046 458 meliusve
1067 404 1195 446 terris

406 469 520 510 Fata
538 470 756 511 donavere
775 472 967 525 bonique
987 471 1112 522 Divi,

404 536 504 578 Nec
527 536 711 587 dabunt,
732 540 936 591 quamvis
953 539 1136 581 redeant
1154 538 1198 579 in
1220 550 1377 580 aurum

747 604 970 659 Tempora
990 605 1198 659 priscum.

1582 604 1639 644 40

408 670 629 713 Concines
644 669 867 724 laetosque
887 672 1000 722 dies,
1023 676 1068 713 et
1087 673 1207 713 urbis

407 737 643 778 Publicum
659 737 827 787 ludum,
846 750 980 791 super
999 739 1232 791 impetrato

406 803 550 845 Fortis
570 802 766 857 Augusti
787 804 948 853 reditu,
970 803 1202 857 forumque

747 871 924 912 Litibus
946 871 1117 913 orbum.

405 938 520 978 Tum
540 950 651 978 meae
669 937 732 992 (si
752 937 860 992 quid
880 938 1038 992 loquar
1057 937 1348 993 audiendum)

1583 941 1641 982 45

407 1004 552 1046 Vocis
573 1005 755 1047 accedet
774 1006 893 1046 bona
913 1018 1040 1060 pars3
1073 1010 1131 1057 et,
1153 1019 1180 1047 ο
1203 1005 1283 1047 Sol

177 1137 350 1168 et‘numiua
365 1136 502 1177 propitia
519 1136 615 1168 terr-is
626 1137 819 1168 donaverunt
830 1140 886 1168 aut
901 1137 1072 1178 donabunt,
1082 1137 1206 1168 etiamsi
1221 1141 1382 1170 revocetur
1392 1139 1538 1170 saeculum
1552 1142 1640 1170 vetus

176 1189 313 1211 mireum.
346 1179 497 1210 Cantabis
505 1179 609 1218 sentos
623 1180 690 1210 dies
704 1184 734 1210 et
749 1189 936 1211 communem
952 1180 1099 1211 laetitiam
1117 1180 1270 1222 civitatis,
1284 1181 1453 1221 forumque
1467 1182 1640 1213 contentio-

177 1222 268 1253 nibus
280 1231 421 1260 vacuum,
441 1221 479 1252 ob
493 1222 628 1253 reditum
644 1221 757 1252 invicti
773 1223 913 1262 Augusti
935 1232 955 1253 α
978 1223 1056 1253 Diis
1070 1232 1253 1254 concessum.
1302 1223 1398 1262 Tunc,
1414 1223 1442 1254 si
1457 1233 1566 1254 canam
1579 1224 1643 1254 ali-

177 1264 252 1304 quid
266 1264 379 1296 auditu
392 1263 533 1305 dignum,
549 1267 659 1295 cantus
672 1264 734 1295 mei
748 1265 889 1295 maxima
901 1274 977 1304 pars
989 1264 1176 1302 adiicietur:
1191 1268 1222 1296 et
1238 1265 1345 1296 heatus
1358 1266 1474 1306 dicum,
1487 1276 1505 1296 ο
1519 1267 1605 1307 laetu,
1624 1275 1642 1296 ο

790 1365 1033 1377 oeeeoaooeaeoo

178 1443 370 1483 βρους.-41
394 1439 491 1471 Unus
507 1437 725 1476 Bersmanni‚
741 1438 843 1469 Dess.
857 1441 889 1470 2.
907 1442 942 1470 et
957 1439 1103 1480 Cuning.
1119 1441 1267 1481 laetasque
1280 1440 1444 1473 dien—45
1462 1440 1557 1483 Lips.
1574 1446 1608 1474 2.
1625 1454 1645 1475 a

178 1495 226 1518 m.
242 1493 294 1525 pr.
315 1482 345 1514 si
369 1483 449 1523 quod
473 1482 589 1521 loquor.
635 1480 783 1513 Quidam
807 1481 979 1521 Lambini,
1007 1482 1104 1513 Harl.
1132 1485 1162 1514 1.
1191 1483 1344 1515 Bentleii
1374 1484 1493 1516 Graev.
1523 1485 1645 1526 Regin.

179 1525 332 1568 Magdal.
346 1530 383 1556 et
397 1523 496 1565 Bodl.
513 1525 544 1554 1.
569 1523 661 1563 Lips.
678 1525 710 1554 2.
734 1523 818 1554 Fab.
843 1524 972 1556 Dacer.
995 1525 1113 1556 Bentl.
1134 1526 1282 1566 Cuning.
1298 1526 1427 1558 Sauad.
1441 1531 1476 1558 et
1491 1527 1643 1568 Towem,

179 1569 225 1602 al.
246 1568 276 1600 si
288 1568 363 1609 quia
378 1568 508 1608 loquum
531 1565 631 1597 Harl.
646 1568 680 1597 2.
695 1568 727 1597 3.
743 1568 776 1598 4.
793 1570 824 1597 5.
840 1569 870 1597 6.
894 1567 1002 1598 ceteri
1019 1567 1118 1599 codd.
1137 1578 1214 1599 cum
1227 1568 1307 1600 edd.
1323 1569 1430 1611 antiq.
1447 1575 1482 1600 et
1495 1575 1645 1602 recenti.

180 1614 266 1644 —46
293 1610 383 1643 Vocis
397 1619 428 1641 a.
444 1609 473 1640 b.
486 1619 519 1650 p.
535 1618 592 1648 ego
607 1609 654 1640 sol
675 1608 779 1641 Basil.
797 1611 894 1641 1531.
919 1619 982 1651 pro
1010 1619 1040 1642 v.
1051 1610 1166 1647 ,1.--47
1191 1611 1286 1653 Lips.
1299 1613 1330 1643 1.
1357 1621 1420 1653 pro
1438 1621 1469 1645 v,
1485 1613 1508 1645 1.
1531 1616 1562 1644 et
1578 1614 1645 1644 tau-

842 1717 983 1749 NOTAE

181 1793 233 1833 git
261 1791 447 1832 Augustus,
476 1791 486 1809 ‘
504 1801 545 1823 ac
569 1791 736 1823 dedentes
760 1801 796 1822 se
818 1796 884 1822 tra-

181 1842 281 1874 duxit
296 1843 330 1874 in
349 1841 510 1881 Galliam,
536 1846 639 1882 atque
666 1841 701 1872 in
723 1841 884 1882 proximis

180 1893 301 1924 Rheno
316 1891 408 1932 agris
425 1890 630 1922 collocavit!
655 1891 797 1922 Sueton.
815 1891 884 1922 Oc-

182 1947 255 1974 ίαν.
284 1951 361 1982 cap.
388 1943 442 1973 21.
480 1941 607 1972 Lucius
631 1946 744 1972 autem
768 1940 885 1971 Florus

182 2001 261 2032 cap.
277 1991 340 2023 ult.
354 1990 404 2022 sic
420 1994 587 2022 testatur:
625 1995 635 2010 ⁸
650 1990 885 2022 validissimas

181 2041 338 2074 nationes
369 2041 572 2081 Cheruscos,
597 2041 740 2082 Suevos,
761 2041 889 2074 Sicam-

184 2092 264 2125 bros
293 2092 424 2134 pariter
453 2101 633 2133 aggressus
662 2097 729 2129 est,
756 2092 814 2133 qui
840 2092 888 2123 vi-

185 2142 272 2184 ginti
295 2142 562 2174 Centurionibus
591 2141 802 2182 incremafis,
822 2142 888 2174 hoc

185 2192 284 2224 velut
309 2197 520 2224 sacramento
546 2190 671 2222 bellum
685 2197 890 2229 sumserunt,

188 2241 274 2274 adeo
290 2245 386 2273 certa
401 2241 551 2273 vietoriae
576 2250 649 2282 spe,
676 2245 714 2273 ut
738 2242 890 2282 praedam

186 2292 221 2323 in
244 2295 459 2323 antecessum
485 2290 694 2323 dividerent.
727 2292 890 2324 Cherusci

188 2350 307 2382 equos,
322 2340 426 2373 Suevi
441 2349 559 2372 aurum
580 2344 618 2372 et
631 2346 823 2382 argentum,
838 2342 888 2373 Si-

188 2389 318 2422 cambri
333 2389 490 2430 captivos
512 2390 700 2430 elegerant.
737 2390 803 2422 Sed
819 2401 888 2423 om-

189 2439 245 2471 nia
260 2443 456 2471 retrorsum.
495 2439 618 2470 Victor
634 2449 781 2482 namque
798 2442 890 2473 Dru-

187 2499 242 2520 sus
253 2497 368 2531 equos,
384 2497 522 2529 pecora,
541 2493 680 2531 torques
695 2500 826 2528 eorum,
842 2492 892 2532 ip-

189 2548 311 2580 sosque
333 2539 368 2571 in
390 2539 542 2580 praedam
568 2539 688 2571 divisit
709 2549 749 2572 ac
773 2540 892 2572 vendi-

190 2589 267 2621 dit.'

231 2642 274 2672 43
295 2640 435 2680 Augusti
449 2640 569 2681 reditu]
597 2641 652 2672 Ex
666 2640 836 2682 Hispania
856 2646 893 2673 et

194 2697 237 2720 ex
249 2689 339 2722 bello
354 2691 574 2732 Cantabrico,
590 2690 682 2732 quod
702 2691 818 2722 multis
833 2701 891 2723 an-

194 2737 248 2768 nis
263 2744 469 2778 protractum
482 2740 605 2773 fuerat.
631 2749 658 2772 ι.
675 2740 744 2772 Od.
760 2743 812 2773 12.
828 2741 891 2773 sub

196 2785 310 2819 finem.
333 2797 391 2821 nr.
414 2791 483 2823 011.
505 2795 587 2824 §.et
603 2794 656 2824 14.
671 2791 771 2833 hujus
787 2792 891 2823 etiam

194 2835 272 2868 libri
287 2835 356 2868 Οὐ·
369 2847 403 2869 V·
416 2841 480 2872 διο.
502 2841 662 2874 Reditum
681 2841 826 2883 Augusti
846 2851 890 2874 ex

939 1792 1068 1832 Gallia,
1097 1802 1173 1824 cnm
1196 1793 1390 1825 Sicambros
1415 1790 1645 1835 profligasset,

938 1843 994 1874 hic
1026 1843 1223 1883 intelligunt
1247 1843 1316 1874 alii.
1354 1843 1495 1874 Sueton.
1518 1843 1646 1875 Octav.

939 1902 1015 1933 cap.
1031 1896 1084 1925 20.
1121 1896 1131 1911 ⁶
1146 1893 1292 1934 Reliqua
1315 1892 1407 1924 bella
1430 1901 1493 1934 per
1515 1893 1646 1934 legatos

938 1942 1202 1984 administravit,
1229 1948 1268 1975 ut
1296 1947 1413 1975 tamen
1440 1943 1646 1984 quibusdam

939 1993 1148 2024 Pannonicis
1162 1998 1265 2034 atque
1282 1992 1500 2024 Germanicis
1521 1998 1582 2025 aut
1598 1993 1648 2025 in·

939 2043 1127 2074 tei-veniret
1143 2047 1202 2074 aut
1219 2052 1286 2074 non
1302 2043 1403 2082 longe
1421 2043 1581 2076 abesset?

984 2093 1103 2124 Forum
1117 2093 1245 2124 Litibus
1259 2092 1384 2134 orbum]
1406 2092 1535 2133 Ferias,
1543 2093 1646 2134 justi-

941 2142 1038 2181 tium,
1059 2151 1120 2173 seu
1146 2141 1360 2174 vacationem
1384 2151 1404 2173 a
1426 2142 1543 2174 litibus
1567 2142 1648 2174 diri-

942 2191 1074 2223 mendis
1105 2197 1141 2223 et
1172 2202 1191 2223 a
1218 2191 1347 2224 forensi
1383 2191 1543 2233 strepitu,
1572 2202 1646 2225 mos

943 2245 1019 2272 erat
1035 2241 1142 2273 indici
1157 2242 1192 2273 in
1207 2241 1310 2282 ludis,
1325 2240 1435 2283 festis,
1453 2242 1647 2284 triumphis,

943 2291 1267 2333 supplicationibus,
1295 2291 1450 2334 adeoque
1483 2293 1517 2324 in
1554 2293 1646 2324 omni

945 2341 1084 2382 publica
1098 2342 1232 2382 laetitia,
1248 2341 1302 2372 vel
1316 2342 1419 2374 etiam
1436 2343 1544 2374 luctu.

986 2393 1027 2422 45
1052 2391 1130 2422 Tum
1145 2401 1220 2423 meoe
1231 2391 1276 2433 (si
1290 2392 1376 2433 quid,
1390 2393 1462 2434 ξω]
1485 2393 1571 2424 Tum
1588 2402 1646 2424 ve-

945 2451 983 2472 ro
995 2441 1197 2475 sublimibus
1213 2442 1282 2474 tuis
1296 2442 1524 2482 Carminibus,
1539 2452 1559 2474 o
1577 2442 1646 2472 An-

944 2492 1029 2532 toni,
1050 2501 1142 2523 meos
1165 2492 1269 2524 etiam
1292 2492 1556 2533 qualescumque
1572 2500 1647 2522 ver-

946 2551 1003 2573 sus
1027 2543 1222 2583 adjungam,
1246 2542 1282 2573 in
1308 2547 1376 2573 tam
1401 2541 1532 2573 solenni
1548 2550 1646 2573 occa-

944 2591 1052 2631 sione,
1067 2601 1207 2622 reverso
1231 2590 1392 2622 incolumi
1414 2600 1433 2621 e
1458 2590 1537 2621 belli
1552 2590 1643 2631 peri-

943 2641 1028 2672 culis
1064 2640 1236 2680 Augusto,
1269 2644 1436 2680 exoptato
1461 2639 1534 2680 jam
1571 2639 1644 2672 diu.

944 2690 1086 2722 Sueten.
1115 2689 1239 2721 Octav.
1257 2697 1334 2730 cap.
1350 2692 1404 2721 57.
1428 2687 1439 2705 ‘
1452 2688 1643 2720 Reverten-

943 2744 1012 2771 tem
1029 2749 1073 2771 ex
1096 2739 1274 2780 provincia
1297 2748 1364 2770 non
1389 2739 1495 2770 solum
1519 2738 1643 2771 faustis

945 2789 1114 2820 ominibus
1138 2788 1197 2819 sed
1220 2793 1257 2820 et
1280 2787 1462 2822 modulatis
1478 2789 1644 2822 Carmini-

942 2840 1005 2872 bus
1028 2837 1345 2881 prosequebantur!
