1890 3256
291 274 400 315 1000
720 319 724 323 ,
752 286 794 323 Q.
824 283 1028 315 nonA'rn
1063 282 1231 313 rnAccr

293 376 469 425 Umber,
490 379 533 416 et
553 376 679 428 iligna
699 375 884 415 nutritus
905 374 1075 424 glande,
1095 374 1302 415 rotundas

293 441 454 482 Curvet
471 453 574 493 aper
590 441 732 481 lances
751 450 921 478 carnem
939 439 1116 480 vitantis
1131 439 1334 481 inertem:

291 505 407 546 Nam
425 505 616 546 Laurens
637 503 776 543 malus
797 506 874 551 est,
894 503 1008 543 ulvis
1027 507 1071 544 et.
1088 504 1293 545 arundine
1316 504 1504 557 pinguis.

292 570 436 610 Vinea
456 568 682 610 summittit
700 581 881 620 capreas
901 580 986 608 non
1007 581 1175 625 semper
1201 569 1366 610 edules.

294 634 532 675 Foecundae
552 633 712 685 leporis
733 633 911 684 sapiens
932 633 1167 673 sectabitur
1186 646 1344 674 armos.

293 701 493 741 Piscibus
514 700 643 750 atque
665 698 820 739 avibus
839 711 939 751 quae
960 703 1116 739 natura
1135 705 1182 743 et
1199 700 1309 740 foret
1321 705 1448 748 aetas,

1646 377 1701 416 40

1649 702 1706 742 45

293 828 355 855 net.
384 823 469 863 Aper
483 834 523 855 ex
541 824 668 855 Umbria
681 827 711 854 et
725 833 838 864 querna
849 825 962 863 glande
975 825 1111 856 nutritus
1125 827 1273 857 rotundas
1286 830 1388 857 oneret
1400 827 1523 866 patinas
1537 827 1708 857 aversantis

291 874 410 895 carnem
421 865 597 905 flaccidam.
642 866 708 896 Nec
722 866 802 896 enim
816 866 909 896 bonus
929 869 972 896 est
989 867 1128 898 Laurens
1151 868 1336 906 palustribus
1350 867 1450 898 herbis
1463 871 1494 898 et
1507 868 1707 898 arundinibus

292 905 464 943 saginatus.
512 907 608 938 Vinea
621 908 750 946 capellus
763 907 843 937 haud
857 916 971 946 semper
983 908 1067 944 facit
1080 909 1145 939 esui
1159 908 1261 940 bonae.
1305 909 1444 940 Prudens
1458 909 1591 948 requiret
1605 908 1709 938 hume·

291 955 341 976 ros
353 947 462 986 leporis
471 947 621 985 soecundi.
664 949 746 979 Ante
761 957 856 979 meum
869 951 994 987 gustum
1007 958 1090 980 nemo
1105 949 1197 980 seivit
1210 949 1400 989 distinguere
1413 959 1480 989 quoe
1494 953 1605 980 natura
1617 952 1708 980 atas-

875 1039 1109 1053 090000000000

293 1114 331 1142 41
345 1113 461 1142 Curvat
471 1111 567 1142 Gott.
578 1111 676 1143 Harl.
685 1115 717 1143 2.
729 1115 759 1143 3.
769 1115 803 1144 4.
813 1116 845 1144 6.
856 1114 961 1144 multo
972 1114 1077 1153 major
1088 1123 1165 1153 pars
1176 1113 1274 1144 codd.
1286 1123 1341 1153 ap.
1354 1113 1466 1144 Bentl.
1475 1117 1512 1144 et
1520 1112 1597 1150 edd.
1606 1113 1674 1144 anti
1701 1135 1710 1146 .

296 1153 410 1183 Cur-vet
426 1152 552 1193 aliquot
567 1153 665 1184 codd.
680 1153 860 1193 Tor-rentii,
874 1164 957 1185 unus
975 1155 1165 1193 Pulmanni,
1177 1160 1211 1185 et
1227 1155 1373 1186 Bentleii
1388 1154 1508 1186 ‘ri-init.
1528 1154 1608 1185 item
1625 1154 1674 1185 Ed
1701 1176 1710 1185 .

293 1194 407 1224 Bentl.
420 1194 520 1224 Baxt.
531 1194 656 1234 Delph,
672 1195 844 1225 Schrevel.
859 1195 982 1227 Sanad.
997 1196 1137 1236 Cuning.
1150 1196 1297 1230 Francis,
1306 1195 1482 1234 Heindorf,
1493 1195 1596 1227 Gesn·
1605 1195 1711 1227 Zeun.

294 1234 431 1273 Bipont.
443 1235 582 1266 Wetzel.
593 1235 724 1266 Wakef.
737 1236 853 1267 Comb.
868 1242 902 1267 et
920 1236 1107 1268 Kidd.—44
1123 1239 1132 1255 ‘
1143 1238 1194 1268 Ex
1211 1237 1441 1277 antiquissima
1458 1237 1593 1276 Cruquii
1605 1237 1713 1267 Mem-

295 1275 399 1305 brana
412 1285 471 1315 pro
479 1277 625 1307 Foecundi
636 1278 770 1316 reposui
780 1277 951 1308 Foecundae.
974 1279 1055 1309 Vult
1071 1278 1260 1318 significare
1277 1278 1439 1317 gratiores
1450 1287 1523 1308 esse
1538 1286 1645 1308 armos
1655 1276 1715 1308 foe·

295 1317 392 1346 minae
408 1316 452 1346 ob
468 1316 678 1356 frequentem
695 1323 838 1357 partum,
855 1319 978 1349 lumbos
993 1323 1103 1350 autem
1121 1321 1233 1360 maris,
1247 1319 1335 1359 quod
1350 1328 1415 1349 non
1429 1319 1648 1350 adverterunt
1657 1318 1714 1348 In-

296 1358 489 1396 terpretes.’
511 1359 611 1390 Raxt.
657 1359 803 1390 Foecundi
819 1359 916 1390 Harl.
931 1363 960 1390 2.
976 1363 1007 1391 3.
1021 1363 1051 1391 4.
1066 1363 1095 1391 6.
1119 1361 1269 1400 plerique
1293 1369 1347 1400 ap.
1374 1360 1488 1391 Bentl.
1513 1361 1556 1391 al.
1579 1365 1614 1391 et
1636 1359 1713 1390 edd.

941 1459 1078 1491 NOTAE

297 1532 338 1562 ad
363 1531 421 1562 has
446 1539 563 1569 voces;
589 1532 598 1548 ‘
615 1535 650 1561 et
671 1531 787 1562 cubito
810 1536 980 1562 remanete

297 1588 414 1619 presso
429 1578 448 1608 :⁹
471 1578 549 1609 item
567 1587 590 1609 ι.
600 1579 673 1610 Sat.
689 1582 720 1610 4.
735 1582 787 1610 86.

338 1630 379 1658 40
406 1626 534 1666 Umber]
570 1626 709 1657 Umbria
734 1627 843 1657 Italiae
874 1628 981 1666 regio,

296 1677 386 1707 inter
419 1675 599 1710 Etruriam,
625 1675 799 1716 Picenum,
827 1680 862 1706 et
889 1685 982 1706 mare

298 1723 520 1758 Adriaticum,
535 1723 712 1763 Apennino
734 1727 846 1754 monte
868 1724 982 1755 divisa.

297 1772 422 1803 Statius
439 1772 528 1810 Sylv.
543 1780 593 1802 iv.
608 1773 639 1801 4.
663 1775 670 1788 ‘
686 1781 745 1802 cur
759 1772 885 1802 Tuscus
900 1781 982 1812 aper

298 1820 491 1859 generosior
506 1819 655 1851 Umbro.'

341 1871 380 1899 41
401 1869 516 1899 Cur-vet
529 1862 603 1907 aper
616 1869 731 1908 lances]
749 1868 904 1900 Pondere
921 1868 984 1898 sci-

297 1917 380 1947 licet
409 1925 539 1955 magno.
585 1915 740 1955 Integros
768 1916 856 1946 enim
885 1925 983 1955 apros

298 1965 376 1996 olim
398 1965 583 2005 appositos,
598 1965 699 1994 docet
719 1963 890 1996 Juvenalis
913 1964 981 1994 Sat.

301 2023 326 2044 1.
342 2016 415 2044 140.
430 2015 439 2031 ‘
458 2017 581 2053 quanta
597 2016 649 2043 est
665 2013 752 2051 gula,
770 2022 843 2053 quae
857 2012 918 2042 sibi
936 2018 983 2043 to-

300 2067 353 2094 tos
367 2062 468 2094 Ponit
487 2071 598 2102 apros,
610 2061 730 2092 animal
753 2065 891 2102 propter
906 2070 984 2091 con-

301 2111 390 2142 vivia
406 2115 518 2142 natum
531 2110 537 2139 !
551 2109 559 2122 ’

343 2162 384 2191 ⁴2
406 2160 543 2190 Laurens
558 2159 656 2189 malus
667 2157 728 2198 est]
750 2158 917 2199 Insipidus
934 2164 985 2190 est

304 2218 386 2250 aper
421 2217 464 2239 ex
498 2216 577 2247 agro
611 2207 768 2238 Laurenti
803 2207 984 2247 paludoso:

304 2266 401 2297 quem
427 2255 553 2286 idcirco
589 2255 674 2285 ranis
709 2255 872 2295 aptiorem
905 2254 988 2287 dicit

305 2304 472 2335 Martialis
497 2303 553 2334 lib.
576 2311 611 2333 x.
653 2303 836 2334 Laurentes
859 2304 930 2343 agri
952 2308 988 2335 et

306 2351 420 2392 populi
434 2351 573 2382 Lavinio
596 2351 736 2390 proximi
753 2351 860 2392 fuere,
875 2361 988 2383 versus

307 2409 399 2432 oram
412 2399 574 2440 Tyrrheni
588 2400 701 2430 maris.
723 2400 844 2440 Virgil.
857 2400 989 2432 AEneid.

309 2459 345 2480 x.
363 2458 395 2480 n.
409 2451 481 2480 707.
502 2448 512 2464 ‘
528 2448 570 2479 de
592 2447 760 2478 montibus
788 2448 863 2479 altis
883 2447 990 2480 Actus

309 2507 390 2538 aper
410 2497 548 2538 (multos
574 2496 717 2527 Vesulus
743 2505 841 2536 quem
868 2495 992 2536 pinifer

309 2556 411 2578 annos
422 2544 598 2584 Defendit,
609 2545 796 2585 multosque
807 2544 900 2584 palus
911 2545 993 2576 Lau-

309 2593 434 2633 rentia)
450 2594 542 2634 sylva
557 2593 678 2623 Pastus
693 2593 898 2624 arundinea?

352 2644 393 2672 43
403 2642 504 2677 Vinea
515 2642 678 2673 summittit
687 2651 821 2682 capreas,
831 2642 899 2682 dra]
918 2643 993 2673 Non

312 2698 445 2730 semper
460 2690 570 2728 gustui
586 2694 681 2729 grata
696 2694 746 2720 est
760 2699 839 2721 caro
857 2699 992 2730 caprea-

313 2748 384 2771 rum
407 2741 441 2770 et
462 2739 687 2778 capreolorum
707 2738 782 2770 vitis
800 2738 992 2779 palmitibus

1033 1532 1244 1565 nutritorum.
1279 1532 1399 1573 Virgil.
1428 1533 1554 1573 Georg.
1579 1542 1617 1564 n.
1639 1536 1713 1564 3⁷1.

1033 1580 1144 1618 docet,
1161 1581 1262 1611 vitem
1276 1581 1412 1621 sepibus
1434 1581 1644 1613 muniendam
1659 1581 1717 1613 ad-

1034 1638 1146 1659 versus
1162 1638 1299 1669 capreas
1315 1639 1486 1670 sequaces.

1080 1679 1120 1707 44
1129 1677 1288 1708 Foecundoe
1298 1677 1476 1718 [Foeeundi]
1489 1677 1615 1718 leporis]
1626 1677 1716 1710 Plin-

1034 1733 1115 1756 vm.
1131 1728 1183 1755 55.
1201 1725 1334 1758 disserit
1355 1725 1397 1757 de
1415 1726 1564 1766 leporum
1579 1731 1615 1757 et
1627 1726 1718 1757 cuni-

1034 1774 1182 1803 culorum
1198 1770 1369 1805 innumera
1382 1773 1613 1805 foecunditate.
1636 1773 1720 1806 Qui·

1035 1821 1109 1850 dam
1126 1821 1254 1861 legunt,
1266 1822 1446 1852 Foecundoe:
1462 1830 1582 1861 nempe
1597 1821 1718 1852 incerti

1036 1876 1135 1898 sexus
1150 1869 1282 1899 habitus
1296 1874 1348 1900 est
1363 1870 1459 1909 lepus
1474 1869 1563 1910 apud
1578 1873 1719 1901 veteres.

1078 1916 1221 1957 Sapiens]
1246 1918 1311 1950 Qui
1335 1917 1449 1949 subtili
1475 1922 1511 1949 et
1532 1919 1642 1958 sagaci
1666 1923 1720 1949 est

1035 1965 1152 2003 palato
1173 1970 1348 2006 gustuque.
1381 1967 1453 1997 Cic.
1467 1975 1508 1997 11.
1530 1966 1572 1997 de
1595 1966 1670 1998 Fin.
1686 1976 1719 1997 n.

1036 2015 1089 2043 24.
1116 2014 1125 2029 ‘
1143 2014 1217 2044 Non
1234 2014 1408 2054 sequitur,'
1432 2015 1554 2056 inquit,
1579 2015 1589 2032 ‘
1607 2021 1644 2047 ut
1667 2015 1721 2047 cui

1038 2070 1096 2092 cor
1111 2063 1229 2101 sapiat,
1245 2062 1274 2092 ei
1286 2071 1350 2093 non
1365 2063 1473 2102 sapiat
1489 2063 1645 2103 palatus.¹

1081 2110 1253 2141 Sectabitur
1267 2111 1384 2150 armos]
1401 2111 1559 2152 Plerique
1571 2117 1721 2143 nostrum

1040 2165 1212 2190 sectantur
1242 2160 1351 2200 potius
1380 2160 1540 2200 lumbum,
1568 2162 1596 2191 le
1622 2161 1718 2200 rable,

1041 2207 1133 2237 velut
1166 2207 1363 2239 sublimioris
1393 2209 1518 2248 saporis
1546 2213 1582 2239 et
1607 2208 1719 2240 succi:

1041 2263 1106 2284 non
1129 2253 1188 2284 abs
1211 2263 1246 2284 re
1270 2259 1380 2285 tamen
1397 2255 1469 2294 quis
1488 2264 1587 2286 armos
1603 2254 1722 2294 proefe·

1041 2306 1093 2333 rat
1115 2306 1152 2332 ut
1177 2301 1373 2332 teneriores.
1417 2300 1465 2332 At
1487 2311 1579 2332 suum
1602 2302 1722 2343 cuique

1038 2349 1200 2389 judicium
1215 2352 1280 2387 est,
1292 2348 1443 2379 similiter
1458 2353 1494 2378 et
1509 2348 1668 2388 palatum.

1084 2402 1123 2430 45
1146 2398 1287 2429 piscibu·
1298 2401 1388 2437 atque
1401 2397 1506 2429 avibus
1520 2407 1589 2438 quae
1601 2403 1724 2440 natum,

1043 2449 1111 2489 δῖα]
1133 2449 1188 2479 Sic
1209 2447 1295 2488 apud
1318 2447 1472 2479 Juvenal.
1493 2447 1563 2478 Sat.
1586 2457 1634 2479 rv.
1650 2451 1723 2479 139.

1045 2498 1222 2528 Montanus
1244 2495 1301 2526 ille
1321 2495 1521 2526 describitur
1536 2495 1672 2528 delicati
1687 2501 1724 2528 ct

1046 2545 1175 2577 solertis
1191 2544 1365 2575 admodum
1376 2544 1501 2584 palati:
1519 2545 1529 2562 ‘
1544 2545 1636 2576 Nulli
1655 2554 1723 2576 ma-

1038 2594 1094 2634 jor
1106 2593 1168 2624 fuit
1177 2601 1251 2622 usus
1262 2591 1397 2630 edendi,
1411 2592 1628 2632 Tempestate
1640 2601 1724 2624 mea.

1047 2640 1171 2673 Circeis
1187 2644 1264 2671 nata
1281 2639 1404 2678 forent,
1427 2649 1468 2670 an
1488 2640 1664 2672 Lucrinum
1680 2640 1723 2672 ad

1046 2698 1172 2727 saxum,
1192 2687 1406 2728 Rutupinove
1427 2688 1519 2720 edita
1539 2688 1643 2720 fundo
1659 2689 1723 2720 Os-

1046 2741 1131 2776 trea,
1141 2736 1285 2768 callebat
1301 2736 1407 2776 primo
1419 2737 1629 2777 deprendere
1641 2746 1724 2769 mor·
