1904 3256
393 273 475 314 6:38
587 287 631 323 Q.
663 287 868 316 HORATH
905 287 1073 317 nnAccl
1107 286 1371 316 cARmNuM
1407 288 1499 319 [ΑΒ.
1531 289 1596 320 1v.
1626 279 1693 320 15.

615 376 796 429 Nosque
817 381 860 417 et
879 376 1083 429 profestis
1101 376 1273 416 lucibus
1292 381 1336 417 et
1358 377 1508 427 sacris,

617 440 734 480 Inter
747 441 890 493 jocosi
908 452 1083 480 munera
1103 440 1262 490 Liberi,

668 505 776 545 Cum
796 506 917 558 prole
935 507 1227 559 matronisque
1246 507 1418 556 nostris,

722 570 829 610 Rite
852 571 973 611 Deos
993 572 1114 623 prius
1133 572 1368 624 apprecati,

610 635 784 675 Virtute
799 634 989 684 functos,
1009 649 1124 676 more
1145 640 1329 689 patrum,
1351 636 1499 686 duces,

610 700 746 752 Lydis
766 701 948 741 remixto
962 703 1148 742 carmine
1169 702 1304 751 tibiis,
1745 703 1800 744 30

387 838 504 859 amnem
518 830 656 860 Tanaim.
702 829 769 859 Nos
789 833 890 860 aulem
903 829 1008 860 diebus
1030 833 1094 860 tam
1106 830 1202 867 festis
1221 838 1308 868 quam
1327 830 1472 868 profestis
1492 830 1574 862 iuter
1593 831 1672 861 dona
1694 830 1801 861 hilaris

388 869 516 905 Bacchi,
531 881 597 901 cum
608 870 712 901 liberis
723 874 754 900 et
768 870 946 908 conjugibus
955 871 1082 908 nostris,
1101 871 1274 902 numinibus
1283 874 1372 901 antea
1383 872 1444 901 rite
1456 872 1601 902 invocati-s
1615 881 1695 902 more
1706 871 1800 909 mqy'o·

387 919 464 946 rum,
478 912 620 950 adiuncto
637 912 769 943 carmine
784 912 895 952 Lydiis
907 911 1040 952 fistulis,
1063 912 1274 942 celebrabimus
1286 913 1375 943 duces
1388 913 1502 943 virtute
1516 914 1691 952 insignitos,
1711 915 1801 951 atque

979 1002 1055 1014 ‘OC‘
1059 1002 1207 1014 ‘O‘O‘NO

387 1074 460 1096 esse
477 1066 578 1097 debet
592 1067 730 1108 inflante,
746 1072 783 1098 ut
799 1068 920 1098 liabent
938 1077 1051 1098 omnes
1067 1068 1171 1098 ceteri
1185 1067 1282 1098 codd.
1299 1067 1367 1098 vid.
1383 1069 1425 1099 V.
1442 1068 1480 1098 1..
1496 1067 1537 1098 ad
1554 1076 1608 1098 ιιι.
1623 1067 1688 1098 Od.
1704 1068 1731 1097 1.
1744 1067 1796 1096 44.

385 1115 436 1136 lv.
453 1107 518 1138 Od.
533 1111 564 1137 9.
581 1108 828 1139 17.’.1αηί.-24
845 1110 912 1140 Nec
925 1109 1042 1139 Tanain
1056 1108 1126 1139 Ait.
1143 1111 1172 1139 1.
1195 1109 1267 1138 Non
1281 1109 1409 1139 Tanaim
1423 1109 1520 1139 Harl.
1538 1111 1566 1139 1.
1582 1111 1613 1139 2.
1630 1110 1660 1138 3.
1675 1110 1706 1138 4.
1720 1111 1750 1138 5.
1765 1109 1798 1136 6.

386 1151 422 1177 et
439 1149 551 1187 vulgg.
595 1149 666 1179 Non
683 1150 799 1179 Tanain
816 1150 905 1188 Lips.
921 1153 950 1180 1.
966 1152 998 1179 2.
1024 1149 1137 1179 Lamb.
1152 1149 1240 1179 Mnr.
1258 1149 1376 1180 Heius.
1392 1150 1504 1180 Bentl.
1521 1149 1663 1187 Cuning.
1677 1146 1800 1178 Sanad.

385 1188 532 1226 Towers,
547 1189 638 1225 Jani,
653 1190 790 1228 Bipont.
806 1191 911 1220 Zeun.
923 1190 1059 1220 Mitsch.
1076 1189 1219 1220 Wetzel.
1234 1195 1268 1220 et
1282 1189 1465 1220 mam—25
1483 1190 1605 1228 Nosque
1618 1190 1652 1219 t’n
1663 1198 1712 1227 pr.
1722 1197 1803 1218 non·

385 1229 465 1259 nulli
481 1239 534 1267 ap.
552 1230 635 1260 Cun.
651 1234 686 1260 et
700 1230 778 1262 Jon.
821 1231 944 1269 Nosque
955 1229 1100 1269 profectis
1114 1229 1204 1268 Lips.
1222 1232 1252 1260 1.
1288 1230 1408 1268 Nosque
1420 1229 1565 1269 profestis
1578 1229 1653 1260 libri
1666 1228 1802 1259 Mai-cil.

384 1268 526 1300 Mentel.
542 1269 611 1302 Alt.
628 1274 657 1301 1.
682 1271 780 1302 Dess.
796 1273 828 1302 2.
854 1271 950 1303 Harl.
965 1274 997 1301 6.
1019 1271 1099 1302 Vet.
1115 1270 1230 1302 Comb.
1248 1270 1334 1300 Cun.
1349 1276 1384 1301 et
1398 1271 1474 1302 δοκι.
1499 1271 1509 1288 ‘
1521 1270 1587 1301 Sed
1604 1270 1719 1300 abesoe
1736 1277 1802 1300 non

386 1315 498 1348 potest
512 1315 543 1342 et
558 1321 617 1351 per
633 1311 857 1343 sententiam!
870 1313 1041 1342 Jani.—27
1053 1312 1195 1342 Memel.
1215 1312 1291 1342 Cum
1303 1313 1387 1351 prole
1397 1311 1686 1351 parentisque.-28
1698 1311 1801 1342 Desa.

385 1354 414 1381 l.
431 1352 518 1390 prius
533 1356 562 1382 et
576 1354 788 1392 precam—30
810 1353 922 1393 Lydiis
936 1352 1081 1383 nonnulli
1098 1352 1198 1382 codd.
1212 1353 1391 1390 Torrenffl,
1406 1354 1499 1392 Lips.
1517 1355 1545 1383 1.
1561 1355 1592 1382 2.
1609 1354 1638 1382 3.
1654 1355 1685 1382 4.
1703 1351 1799 1382 Dess-

385 1394 413 1422 1.
427 1395 459 1422 2.
483 1397 519 1423 et
535 1393 678 1433 Franeq.
700 1394 824 1424 remisto
839 1394 958 1425 Venet.
975 1393 1133 1425 Glarean.
1147 1393 1264 1424 Lamb.
1279 1397 1315 1424 et
1331 1393 1469 1425 Chabot.
1488 1393 1643 1433 permixto
1659 1392 1751 1432 Lips.
1767 1395 1801 1423 3.

1019 1475 1157 1506 NOTAE

381 1535 520 1567 Perside
555 1536 827 1576 comprehensam
866 1537 1064 1575 incolentes,

381 1585 424 1616 de
439 1585 558 1625 quibus
574 1594 598 1616 1.
613 1585 679 1616 od.
693 1588 743 1616 12.
759 1589 793 1616 et
809 1588 860 1616 19.
872 1590 905 1616 et
922 1594 978 1616 ιιι.
994 1584 1062 1616 Od.

381 1638 411 1664 5.
429 1633 534 1674 Inficti,
554 1634 610 1674 qui
633 1634 784 1665 Crassum
803 1634 956 1664 simulata
981 1643 1063 1674 pace

381 1681 590 1713 occiderunt.

422 1734 463 1762 24
487 1732 604 1762 Tanain
625 1740 720 1772 prope
735 1732 854 1772 flumen
878 1730 955 1771 orti]
981 1730 1063 1770 Scy-

380 1779 461 1818 thae,
483 1779 525 1810 de
547 1780 665 1819 quibus
691 1789 717 1810 ι.
739 1779 806 1810 Od.
825 1782 875 1810 19.
891 1788 932 1810 11.
949 1779 1061 1810 Od.9.

379 1837 436 1858 ιιι.
453 1827 520 1858 Od.
543 1831 596 1859 24.
629 1829 683 1858 De
705 1827 823 1866 Tanai,
846 1836 942 1866 quem
959 1827 1062 1866 ‘Scy-

380 1875 504 1907 thicum
522 1875 668 1905 amnem’
684 1878 782 1905 vocat
797 1875 918 1905 Horat.
929 1883 985 1904 ιιι.
996 1874 1062 1904 Od.

378 1927 411 1955 4.
426 1927 478 1955 36.
502 1924 634 1955 Od.10.
652 1926 681 1955 1.
697 1923 764 1955 Od.
780 1925 832 1954 29.
849 1925 901 1953 28.
915 1922 992 1952 vide
1013 1922 1061 1952 ibi

379 1973 463 2004 Not.

419 2026 459 2054 25
485 2023 608 2062 Nosque
623 2025 654 2053 et
665 2021 819 2062 profestis,
827 2020 894 2059 ξω]
912 2020 981 2051 Nos
994 2020 1060 2050 Ro-

377 2071 466 2102 mani
479 2075 529 2102 tot
543 2071 584 2102 ab
596 2071 748 2110 Augusto
763 2069 933 2100 beneficiis
948 2079 1061 2100 cumu-

376 2119 448 2158 lati,
474 2120 581 2159 ipsum
603 2120 743 2159 ejusque
767 2118 910 2158 majores
937 2127 1058 2148 canere

377 2177 440 2199 non
458 2169 726 2207 intermittemus,
747 2172 815 2198 tam
828 2167 971 2207 profestis
984 2167 1058 2197 luci-

376 2217 441 2254 bus,
466 2227 563 2258 quiam
585 2218 697 2248 sacris:
720 2222 821 2256 atque
844 2216 929 2246 adeo
951 2215 1057 2255 quoti-

376 2265 444 2305 die,
459 2265 491 2295 in
503 2265 664 2296 conviviis
683 2263 825 2304 publicis
839 2264 1056 2305 privatisque,

375 2314 533 2344 honorem
555 2313 709 2353 Augusto
732 2311 920 2343 deferemus
944 2322 1005 2351 per
1019 2312 1056 2342 li—

377 2361 528 2393 bationes
548 2361 650 2393 etiam
670 2365 706 2391 et
729 2365 807 2391 vota
830 2361 1055 2399 precationes·

377 2419 452 2450 que.
482 2409 571 2441 Vide
588 2410 668 2441 Not.
685 2417 785 2449 supra
810 2407 876 2440 od.
899 2417 936 2440 ν.
950 2410 1003 2440 29.
1019 2413 1055 2439 et

375 2467 447 2499 seq.

417 2506 571 2544 Profentie
588 2506 703 2538 lucibus
723 2509 754 2537 et
774 2506 886 2546 sacris]
904 2505 1056 2537 Macrob-

373 2554 541 2586 Saturnal.
566 2564 591 2586 1.
618 2558 668 2586 16.
694 2555 743 2585 ita
771 2555 908 2586 scribit:
937 2554 1056 2585 ‘Festi

373 2602 450 2632 Diis
464 2602 569 2635 dicati
583 2607 678 2635 sunt:
705 2602 846 2644 profesti
867 2602 1054 2634 hominibus

374 2650 416 2680 ob
454 2652 746 2683 administrandam
782 2661 853 2682 rem
890 2652 1052 2692 privatam

373 2699 604 2741 publicamque
629 2700 800 2738 concessi:
814 2703 877 2732 ὅτε.
905 2701 949 2731 Et
964 2703 1054 2740 post-

373 2755 433 2779 ea:
466 2751 475 2767 ‘
493 2747 641 2780 Profesti
668 2754 703 2781 et
725 2749 780 2790 qui
806 2758 847 2780 ex
869 2748 918 2780 his
937 2756 1052 2788 proce-

1115 1536 1211 1574 dunt,
1231 1541 1306 1566 sunt
1332 1535 1421 1572 fasti,
1449 1536 1645 1574 comitiales,
1665 1545 1800 1576 compe·

1115 1584 1257 1623 rendini,
1273 1585 1365 1620 stati,
1380 1585 1569 1624 praeliares?
1591 1584 1662 1615 Hos
1677 1584 1798 1616 deinde

1115 1633 1260 1671 singulos
1273 1633 1420 1672 explicat
1436 1632 1517 1664 ibid.

1156 1684 1198 1712 26
1219 1682 1324 1711 Joeosi
1337 1690 1460 1711 munera
1475 1680 1594 1720 Liberi]
1618 1680 1705 1711 Vina
1719 1685 1797 1712 sunt

1115 1730 1240 1760 Bacchi
1255 1739 1411 1760 munera:
1436 1730 1464 1760 is
1482 1739 1559 1760 vero
1573 1730 1582 1747 ‘
1598 1729 1724 1760 laetitiae
1738 1729 1797 1760 da-

1116 1783 1167 1808 tor
1177 1777 1185 1790 ’
1202 1777 1320 1818 Virgil.
1334 1777 1462 1808 AEneid.
1475 1787 1499 1809 ι.
1512 1780 1587 1809 738.

1155 1829 1196 1857 28
1220 1826 1294 1857 Rite
1307 1827 1390 1857 Deos
1402 1826 1488 1866 prius
1511 1824 1680 1866 appr-ocati]
1701 1825 1796 1856 Inter

1113 1875 1287 1905 libationes
1300 1875 1359 1905 Dii
1373 1874 1623 1905 invocabantur.

1154 1925 1195 1953 29
1222 1922 1344 1952 Virtute
1359 1922 1498 1961 functos]
1519 1922 1591 1953 Cic.
1617 1922 1749 1952 Tuscul.
1768 1931 1792 1953 ι.

1111 1979 1145 2000 ιι.
1162 1972 1235 2000 109.
1271 1971 1281 1986 ‘
1299 1970 1406 2000 Nemo
1423 1978 1538 2009 parum
1560 1969 1617 2000 diu
1640 1970 1722 2000 vixit
1737 1970 1795 2010 qui

1111 2019 1245 2048 virtutis
1261 2017 1419 2058 perfectae
1432 2016 1584 2058 perfecto
1596 2017 1731 2048 functus
1743 2022 1796 2049 est

1110 2066 1272 2098 munere.'

1150 2116 1253 2146 Duces
1267 2115 1364 2155 Lydis
1389 2115 1520 2146 remixto
1541 2113 1675 2146 carmine
1695 2114 1793 2152 tibiis,

1107 2165 1176 2204 ξω]
1211 2165 1282 2196 Cic.
1310 2174 1385 2194 mox
1416 2165 1475 2196 cit.
1501 2165 1601 2195 Tnsc.
1626 2163 1790 2194 1.'initio:

1108 2215 1118 2231 ⁸
1137 2215 1197 2244 Est
1224 2213 1257 2244 in
1278 2213 1483 2254 originibus,’
1507 2212 1623 2254 inquit,
1649 2213 1658 2228 ‘
1675 2212 1790 2243 solitos

1109 2271 1180 2293 esse
1196 2263 1229 2293 in
1247 2262 1354 2301 epulis
1377 2270 1498 2292 canere
1520 2261 1676 2292 convivas
1692 2259 1734 2290 ad
1750 2260 1791 2291 ti-

1108 2310 1250 2342 bi01nem
1266 2309 1307 2339 de
1321 2310 1485 2340 clarorum
1500 2309 1667 2340 hominnm
1686 2309 1790 2339 virtu·

1106 2358 1217 2390 tibus)
1246 2358 1300 2388 De
1317 2357 1432 2397 Legib.
1447 2367 1488 2388 ιι.
1508 2367 1541 2389 ιι.
1561 2360 1614 2388 62.
1646 2358 1656 2375 ‘
1676 2357 1789 2388 Hono·

1105 2411 1251 2438 ratorum
1267 2406 1408 2437 virorum
1425 2405 1540 2436 laudes
1557 2405 1598 2436 ad
1621 2411 1738 2436 cantus
1753 2411 1790 2436 et

1107 2456 1148 2486 ad
1186 2455 1355 2486 tibicinem
1395 2454 1664 2494 prosequuntur:
1709 2455 1786 2486 Val.

1106 2505 1200 2535 Max.
1217 2512 1257 2534 ιι.
1275 2506 1302 2534 l.
1319 2503 1352 2534 in
1363 2502 1446 2533 fine:
1470 2505 1479 2520 ‘
1499 2502 1644 2542 Majores
1661 2507 1740 2533 natu
1753 2503 1787 2533 in

1106 2551 1263 2584 conviviis
1286 2551 1328 2582 ad
1353 2551 1451 2582 tibias
1473 2551 1609 2591 egregia
1637 2550 1789 2589 superio·

1107 2610 1178 2633 rum
1220 2609 1323 2640 opera
1362 2599 1507 2631 carmine
1549 2599 1786 2638 comprehensa

1106 2648 1311 2690 pangebant,
1334 2657 1397 2688 quo
1423 2647 1465 2678 ad
1491 2656 1531 2678 ea
1553 2646 1712 2678 imitanda
1729 2647 1784 2687 ju·

1105 2701 1275 2729 ventntem
1293 2697 1485 2727 alacriorem
1502 2695 1707 2742 redderent?

1146 2750 1187 2779 30
1209 2747 1320 2788 Lydis]
1344 2746 1456 2778 Modis
1479 2755 1517 2778 ac
1539 2746 1682 2778 numeris
1701 2745 1783 2777 hila-
