1930 3242
639 262 916 294 sensionum
949 262 1048 293 ms.
1080 260 1132 292 ιι.
1161 249 1202 291 2.
1563 249 1650 291 935

204 357 388 399 Infamis
405 369 416 398 :
447 355 552 410 quid
566 357 586 397 ‘l
617 359 706 397 tum
727 356 930 397 rhombos
949 356 1094 396 minus
1115 365 1296 408 aequora
1316 353 1526 394 alebant?

203 424 346 466 Tutus
366 429 462 466 erat
479 424 700 473 rhombus,
721 427 903 478 tutoque
925 422 1098 464 ciconia
1117 421 1238 472 nido,

205 491 362 534 Donec
383 503 463 532 vos
483 493 638 531 auctor
659 490 813 531 docuit
835 489 1078 543 praetorius.
1138 487 1251 541 Ergo

205 558 255 600 Si
277 559 379 612 quis
398 569 512 598 nunc
531 569 704 608 mergos
726 570 888 598 suaves
909 556 1102 597 edixerit
1122 567 1263 604 assos,

204 624 388 667 Parebit
407 624 532 678 pravi
552 623 709 664 docilis
730 622 937 664 Romana
947 622 1166 676 juventus.

205 690 418 734 Sordidus
439 702 467 730 a
486 691 606 731 tenui
633 691 751 731 victu
772 690 968 739 distabit,
990 689 1139 730 Ofello

1591 487 1647 527 50

203 803 304 835 minus
317 805 473 836 nutriebat
486 804 647 836 rhombos?
691 805 824 836 Securus
836 804 993 843 rhombus,
1007 808 1038 836 et
1052 814 1159 837 secura
1173 805 1246 836 nido
1260 806 1380 836 ciconia
1390 803 1530 843 degebat,
1544 812 1652 844 usque-

202 855 260 886 quo
283 847 459 878 Pretorius
481 847 632 878 indicavit
651 848 782 887 primus.
828 847 939 886 Itaque
962 847 992 876 si
1015 847 1131 887 aliquis
1156 848 1244 878 modo
1267 848 1394 879 suadeat
1411 847 1567 886 jucundos
1590 854 1654 877 esse

203 897 325 928 mergos
335 893 468 930 matos,
488 889 632 920 continuo
647 888 835 920 auscultahit
852 889 992 919 Romana
1006 889 1158 926 juventus
1164 889 1276 928 facilis
1289 889 1391 921 doceri
1405 889 1531 920 vitiosa.
1577 887 1653 919 Sor·

803 973 1025 986 ‘mum
1030 974 1049 986 0

203 1025 388 1066 Heindorf,
401 1032 437 1059 et
453 1027 559 1060 Kidd.
582 1039 752 1069 quanquam
773 1038 836 1069 pro
851 1030 1092 1069 quamvis.—48
1115 1031 1125 1047 ‘
1144 1029 1273 1061 Plurali
1289 1029 1362 1060 liaec
1378 1027 1524 1059 efferunt
1538 1034 1654 1056 nume-

203 1077 243 1099 ro
258 1069 436 1101 Editiones
451 1071 594 1102 Venetae
609 1077 646 1102 et
663 1071 888 1102 Locheriana:
904 1072 999 1112 quid?
1022 1076 1088 1102 tum
1101 1072 1241 1104 rhombos
1255 1072 1358 1102 minus
1372 1080 1495 1111 oequoru
1510 1068 1655 1100 alebant?

203 1111 326 1150 quibus
341 1113 510 1144 accedunt
526 1113 612 1144 bona
627 1123 704 1154 pai-s
717 1113 885 1153 codicum,
900 1120 935 1144 ut
950 1114 1039 1144 inter
1052 1120 1187 1145 nostros
1203 1114 1415 1154 Reginensis‚
1429 1111 1656 1148 nottelmus,

202 1151 395 1191 Petrensis,
411 1154 672 1191 Lambetlianus‚
689 1160 724 1187 et
744 1165 764 1186 a
788 1155 895 1195 prima
911 1165 1011 1186 mauu
1028 1156 1316 1196 Magdalenensis.
1363 1157 1440 1188 Quo
1455 1154 1561 1194 igitur
1577 1161 1653 1193 pet·-

205 1194 349 1231 tinebat,
363 1203 537 1236 receptam
554 1197 586 1228 in
605 1197 749 1228 vetustis
765 1197 969 1228 editionibus
983 1199 1162 1230 lectionem
1176 1199 1281 1230 eloco
1295 1208 1355 1229 sno
1368 1196 1513 1238 ejicere?
1540 1195 1656 1233 Certe,

203 1236 484 1311 fflffltinlteregt,
497 1238 583 1270 hanc
600 1240 713 1288 potius
729 1240 946 1312 praetfflepm·
991 1241 1115 1289 Neque
1129 1241 1218 1290 enim
1235 1251 1335 1289 unum
1350 1248 1483 1288 aequor,
1492 1237 1550 1269 sed
1565 1237 1656 1310 pgura

203 1321 312 1352 anm
335 1289 494 1354 {22:3213
506 1285 987 1362 ,5;÷:?.²5“3v51⁹2¹1‘:332¹¹322¹25.²
1004 1287 1224 1357 ἔὸἳῖιῗῖἶῖῗ
1238 1283 1321 1356 ἓξὲξ
1338 1282 1655 1355 ”33:53¹:31‘3ffl353

205 1365 302 1394 1477.
320 1366 414 1395 1602.
430 1369 466 1395 et
482 1365 632 1396 Florent.
651 1368 745 1397 1482.
762 1366 879 1404 etiam,
899 1376 1022 1406 aequora
1047 1367 1169 1399 alebant
1180 1378 1191 1403 ‚·
1215 1368 1296 1398 item
1313 1367 1436 1397 Venet.
1453 1367 1548 1396 1599.
1572 1363 1654 1395 Gla-

203 1413 297 1436 rean.
314 1405 429 1438 Bentl.
444 1406 568 1437 Sanad.
586 1406 772 1445 Heindorf,
789 1407 927 1439 Wakef.
944 1413 979 1438 et
996 1408 1101 1440 Kidd.
1123 1414 1160 1440 et
1184 1409 1318 1448 recepit
1334 1408 1442 1439 Zeun.
1473 1415 1579 1446 aequor
1591 1405 1655 1435 ale—

203 1445 255 1477 bat
271 1446 367 1478 Harl.
381 1449 413 1479 2.
430 1450 462 1478 4.
477 1450 510 1479 6.
534 1448 636 1479 Baxt.
654 1448 758 1479 Gesn.
775 1449 916 1489 Bipont.
932 1450 1075 1480 Wetzel.
1093 1451 1223 1481 aih—53
1248 1450 1402 1481 Sardibus
1422 1459 1442 1480 a
1463 1449 1548 1480 victu
1569 1447 1656 1478 tenui

203 1487 352 1528 cuning.
373 1489 510 1521 distabat
525 1489 591 1521 duo
605 1490 706 1522 codd.
722 1490 938 1530 Bersmanni,
954 1492 1112 1523 meliores
1129 1492 1269 1534 Cruquii
1285 1497 1320 1523 et
1337 1490 1533 1531 Pulmanni,
1549 1490 1656 1521 Bent-

853 1577 994 1610 NOTAE

202 1657 256 1680 am
282 1650 349 1682 illis
370 1650 429 1692 qui
451 1655 590 1692 portant
604 1674 612 1683 .
632 1675 640 1684 .
656 1674 664 1684 .
684 1674 692 1683 .
710 1651 901 1693 Acipenser
955 1653 1092 1685 Asinius
1127 1651 1348 1693 Sempronius
1375 1650 1485 1682 Rufus
1509 1650 1655 1682 ciconias

200 1699 310 1731 minor
326 1705 377 1731 est
403 1701 514 1741 galee,
540 1706 651 1732 rostro
675 1702 838 1742 longiore,
862 1701 901 1733 fi-

201 1758 287 1790 gura
311 1749 419 1790 magis
442 1750 662 1792 triangulari!
706 1753 793 1785 Quae
823 1762 900 1784 cum

199 1800 250 1831 ita
261 1800 343 1840 sint,
359 1809 414 1840 ne,
427 1801 699 1843 Lector‚mirere
712 1803 802 1843 qnod
816 1803 899 1834 scri-

198 1850 252 1882 bit
265 1850 416 1883 Martial.
432 1860 517 1883 xm.
533 1855 588 1884 91.
611 1854 620 1870 ‘
638 1852 693 1884 Ad
711 1853 900 1885 Pallatinas

202 1900 398 1942 acipensem
424 1902 550 1933 mittite
573 1912 729 1934 mensas:
755 1903 900 1935 Ambro-

202 1950 268 1982 siaa
281 1955 403 1983 ornent
419 1961 562 1983 munera
577 1962 653 1984 rara
667 1953 796 1994 dapes!

243 2000 287 2030 48
308 1999 457 2041 Infantis]
493 2001 582 2033 Nam
609 2006 646 2033 et
675 2002 853 2035 Gallonius
880 2013 900 2034 a

202 2046 334 2079 Lucilio
345 2059 462 2088 gurges
479 2055 633 2091 vocatus,
648 2057 684 2083 et
696 2052 806 2092 quivis
821 2053 901 2092 gula

204 2101 242 2128 et
266 2097 529 2130 helluationibus
552 2100 660 2140 turpis
685 2100 835 2132 Gallonii
858 2102 901 2132 si-

201 2146 291 2178 milis
308 2147 408 2187 vulgo
423 2147 549 2179 dictus.
591 2149 698 2181 Patet
713 2159 755 2181 ex
771 2151 830 2182 cit.
847 2151 901 2182 Ci-

202 2204 274 2228 cer.
289 2195 331 2227 de
346 2197 484 2230 Finibus
501 2207 542 2229 ιι.
558 2201 622 2230 &c.

247 2245 326 2276 Tum
347 2246 489 2278 rhombos
514 2249 617 2279 minus
644 2257 766 2288 oequora
781 2249 900 2289 alebat]

202 2293 367 2328 Ostendit
381 2296 494 2328 Poe'ta
508 2307 576 2329 non
593 2302 660 2329 tam
684 2299 899 2339 opsoniorum

199 2344 384 2377 bonitatem
410 2356 510 2388 quam
536 2348 624 2387 gulae
641 2347 791 2380 insanum
807 2348 901 2380 fasti·

201 2394 293 2428 dium
307 2396 422 2428 valere
435 2401 474 2428 ut
488 2397 681 2438 plurimum.
728 2398 834 2438 Olim,
850 2399 900 2429 in-

199 2444 285 2486 quit,
307 2447 485 2487 acipenser
506 2447 540 2478 in
569 2448 683 2487 pretio
709 2458 749 2479 ac
771 2447 901 2480 deliciis

199 2493 288 2534 fnit3
310 2496 432 2527 deinde
445 2497 623 2529 rhombus:
649 2498 731 2529 alias
745 2499 899 2539 ciconiae,

202 2552 302 2584 pavo,
321 2546 385 2576 διο.
408 2546 509 2578 immo
533 2548 559 2578 si
579 2548 653 2589 quis
678 2548 777 2579 modo
793 2558 898 2580 novas

203 2592 309 2633 dapes
331 2596 515 2635 excogitet,
530 2599 595 2630 etsi
620 2599 757 2629 minime
780 2599 898 2634 bonas.

203 2653 236 2674 v.
259 2652 294 2684 g.
321 2653 450 2683 mergos
466 2655 570 2686 assos,
592 2649 650 2679 lios
667 2649 828 2679 continuo
844 2658 898 2679 ce-

203 2693 287 2724 teris
314 2694 466 2726 omnibus
495 2699 654 2738 anteponi
682 2704 716 2730 et
752 2699 899 2740 optimos

202 2742 319 2774 haberi
334 2752 462 2775 cernas.

246 2795 288 2824 50
303 2793 410 2825 Donec
421 2803 472 2826 vos
485 2800 591 2827 auctor
601 2799 701 2830 docuit
715 2801 897 2841 praetorius]

956 1703 1083 1743 primus
1113 1702 1279 1733 devorare
1313 1700 1477 1740 instituit,
1508 1698 1656 1740 Augusti

956 1751 1190 1792 temporibus:
1222 1751 1315 1781 illum
1346 1754 1448 1781 vocat
1477 1748 1655 1789 Satyricus

951 1801 1135 1842 praetorz'um
1165 1801 1316 1838 ironice;
1340 1799 1497 1841 quoniam
1524 1798 1657 1829 Praetu-

955 1861 1025 1882 ram
1050 1856 1171 1890 petens
1194 1850 1238 1881 ob
1253 1850 1340 1890 gulae
1356 1847 1527 1880 infamiam
1543 1849 1657 1888 repul-

955 1910 1011 1932 sus
1027 1906 1100 1932 est:
1125 1901 1226 1942 hique
1242 1900 1285 1931 de
1295 1909 1337 1930 eo
1353 1898 1512 1930 versiculi
1529 1907 1589 1938 per
1604 1898 1655 1928 lu-

954 1950 1102 1982 dibrium
1118 1951 1222 1981 etiam
1239 1949 1470 1981 claudicantes
1486 1947 1520 1978 in
1536 1947 1657 1988 vulgus

955 2003 1085 2043 sparsi:
1111 2002 1120 2019 ‘
1138 2001 1353 2034 Ciconiarum
1372 1999 1483 2032 Rufus
1496 2000 1562 2031 iste
1578 2009 1657 2031 con-

954 2053 1060 2091 ditor,
1072 2052 1141 2084 Hic
1153 2057 1203 2083 est
1212 2051 1346 2083 duobus
1357 2050 1657 2091 elegantior-Plan-

955 2103 1026 2142 cis;
1046 2101 1291 2142 Suffragiorum
1323 2106 1454 2141 puncta
1483 2108 1549 2130 non
1579 2099 1657 2130 tulit

954 2157 1100 2193 septem.
1146 2152 1362 2184 Ciconiarum
1394 2151 1538 2192 populus
1565 2150 1655 2181 ultus

955 2207 1010 2234 est
1024 2201 1190 2233 mortem.’

997 2254 1037 2283 51
1064 2253 1194 2290 Mergos
1229 2250 1329 2291 assos]
1366 2250 1459 2282 Gan.
1488 2250 1655 2290 plongeon.

958 2300 1004 2332 Hi
1020 2310 1095 2332 cnm
1110 2301 1178 2331 sint
1191 2300 1297 2331 macri
1308 2299 1502 2338 admodum,
1514 2299 1541 2330 si
1555 2299 1655 2329 etiam

955 2354 1111 2381 assentur
1136 2349 1219 2380 nihil
1238 2353 1365 2391 praeter
1391 2358 1464 2380 ossa
1481 2352 1516 2378 et
1531 2347 1654 2387 pellem

954 2405 1066 2431 erunt.
1112 2400 1145 2430 Si
1164 2400 1240 2441 quis
1268 2405 1383 2431 tamen
1401 2398 1489 2438 gulae
1506 2395 1654 2435 antesig-

954 2459 1061 2480 nanus
1085 2455 1121 2481 et
1144 2450 1306 2490 magister
1327 2447 1441 2479 edicat
1456 2454 1590 2485 mergos
1607 2453 1656 2475 as-

952 2509 1006 2531 sos
1022 2509 1141 2531 suaves
1156 2509 1244 2538 esse,
1259 2503 1294 2529 et
1307 2498 1356 2529 sic
1368 2497 1493 2537 apponi
1508 2495 1656 2534 debere3

954 2549 1262 2589 parebitjnventus
1291 2547 1405 2581 stulte.
1431 2549 1468 2576 et
1483 2545 1580 2586 quasi
1596 2545 1655 2576 bo-

952 2608 1014 2629 nos
1030 2597 1220 2628 devorabit.

994 2651 1035 2679 53
1061 2647 1213 2679 Sordidus
1241 2656 1259 2676 ιι
1287 2645 1371 2676 tenui
1395 2645 1480 2676 victu
1503 2644 1652 2686 distabit]

953 2697 1149 2730 Prudenter
1166 2701 1282 2727 monet
1305 2694 1416 2726 Poeta
1432 2699 1568 2725 tenuem
1586 2693 1654 2725 fru-

953 2748 1132 2788 galemque
1156 2746 1282 2776 victum
1306 2742 1446 2775 differre
1461 2754 1482 2774 a
1496 2744 1631 2775 sordido
1648 2758 1656 2783 ς

952 2799 1039 2830 hunc
1057 2796 1212 2828 vitiosum
1229 2804 1268 2827 ac
1292 2799 1439 2836 turpem,
1463 2794 1556 2826 illum
1574 2804 1652 2826 con-
