1904 3256
329 292 413 333 654
800 306 842 343 Q.
873 303 1076 334 HORA'ru
1112 302 1282 331 rrmccr

555 395 803 446 Fontesque
822 395 1009 447 lymphis
1026 394 1280 446 obstrepunt
1293 392 1577 440 manantibus,

612 462 799 501 Somnos
819 460 938 512 quod
956 460 1105 500 invitet
1123 456 1262 500 leves.'

554 526 617 567 At
636 538 736 566 cum
755 525 943 566 tonantis
963 538 1100 566 annus
1119 525 1332 578 hybernus
1351 525 1380 566 J
1384 525 1478 565 ovis

608 593 773 633 Imbres
792 593 1001 645 nivesque
1019 599 1256 645 comparat,
1688 589 1744 630 30

552 656 644 698 Aut
662 657 792 698 trudit
812 668 934 698 acres
953 658 1051 698 hinc
1071 662 1114 700 et
1130 658 1228 698 hinc
1248 658 1381 698 multa
1400 669 1508 697 cane

611 722 758 776 Apros
777 723 820 762 in
839 724 1057 764 obstantes
1078 723 1226 775 plagas
1244 735 1254 773 ;

552 789 643 829 Aut
662 788 790 828 amite
808 788 895 828 levi
915 800 1011 828 rara
1031 788 1166 828 tendit
1185 788 1307 836 retia,

609 853 766 894 Turdis
785 853 991 893 edacibus
1013 853 1164 903 dolos;

554 918 857 970 Pavidumque
873 918 1077 971 leporem,
1091 923 1136 959 et
1147 918 1356 959 advenam
1371 918 1532 971 laqueo
1544 930 1700 970 gruem,

606 983 636 1024 J
638 984 807 1025 ucunda
827 989 979 1037 captat
999 985 1194 1037 praemia.
1690 983 1747 1026 36

332 1099 464 1136 limibus,
486 1101 599 1128 canunt
612 1107 681 1128 aves
695 1097 728 1127 in
739 1095 908 1128 nemoribus
916 1105 929 1132 ;
945 1095 1091 1134 rivulique
1104 1104 1240 1125 murmur
1253 1096 1345 1126 edunt
1360 1095 1445 1134 aquis
1459 1093 1627 1125 labentibus
1635 1104 1647 1130 ;
1669 1092 1748 1132 quod

329 1141 484 1179 placidum
498 1139 636 1170 conciliet
650 1147 795 1178 soporem.
838 1137 966 1172 Quando
980 1139 1080 1165 autem
1093 1139 1254 1174 tempestas
1268 1137 1415 1175 hyemalis
1428 1137 1505 1166 Jove
1518 1135 1662 1166 soeviente
1681 1135 1749 1175 plu-

332 1183 401 1211 vias
419 1184 449 1211 et
469 1182 554 1210 nives
573 1182 725 1220 procreat,
745 1180 793 1209 vel
810 1177 951 1216 plurimis
964 1177 1087 1207 canibus
1105 1185 1194 1215 apros
1211 1177 1330 1214 feroces
1343 1178 1535 1216 undequaque
1553 1175 1694 1216 propellit
1715 1174 1749 1204 in

332 1222 413 1252 retia
432 1221 589 1261 opposita3
609 1221 658 1251 vel
675 1220 792 1258 pertica
806 1219 942 1257 levigata
959 1218 1067 1257 plagas
1082 1217 1162 1247 haud
1183 1218 1307 1248 strictas
1321 1218 1467 1257 expandit
1481 1217 1579 1248 turdis
1591 1215 1748 1247 voracibus

331 1262 515 1299 insidiosa-1,-
537 1272 573 1294 ac
587 1262 730 1293 timidum
742 1261 882 1301 leporem,
900 1268 1068 1298 gruemque
1081 1259 1319 1290 transmarinam
1337 1259 1446 1299 pedica
1458 1258 1606 1299 implicat,
1625 1260 1750 1296 gratam

928 1352 1062 1364 ‘moneo
1067 1351 1162 1365 ‘0600

333 1417 423 1456 ning.
437 1417 590 1456 Francis,
609 1418 756 1456 Towers,
775 1415 913 1455 Bipont.
929 1417 1070 1447 Wetzel.
1086 1414 1367 1447 Mitsch.Wakef.
1387 1419 1423 1446 et
1441 1413 1628 1445 melch—2⁷
1651 1413 1749 1444 Fron—

332 1459 440 1497 desque
455 1458 587 1489 Bower.
604 1463 638 1489 et
659 1457 851 1488 Markland.
874 1457 962 1498 quod
980 1458 1106 1497 recepit
1119 1457 1223 1487 Kidd.
1239 1457 1319 1487 item
1333 1455 1467 1487 Wakef.
1482 1464 1557 1486 cum
1572 1455 1633 1485 bac
1649 1454 1750 1485 auno·

333 1501 462 1530 tatione
477 1510 483 1528 :
505 1501 515 1516 ‘
528 1498 700 1530 Ambabus
715 1499 801 1529 ulnis
818 1499 1053 1536 amplectimur
1063 1498 1341 1538 elegantissimam
1358 1497 1485 1538 pariter
1496 1501 1532 1527 et
1545 1495 1750 1527 verissimam

332 1540 527 1571 Marklandi
542 1540 819 1572 emendationem.
863 1539 1012 1571 Arbores
1033 1540 1164 1571 scilicet
1185 1548 1345 1579 aquarum
1366 1538 1508 1569 susurris
1535 1537 1750 1578 respondent,

333 1588 371 1613 ut
387 1582 420 1612 in
443 1582 539 1612 initio
563 1582 660 1622 primi
687 1581 801 1621 Idyllii
826 1581 1040 1612 Theocritei:
1062 1587 1098 1612 et
1123 1581 1339 1620 grammatice
1363 1584 1490 1611 tantum
1512 1588 1578 1610 non
1604 1578 1752 1618 postulat

332 1624 418 1654 hunc
432 1622 582 1653 ordinem
597 1623 784 1654 verborum.
825 1622 881 1653 Sic
894 1622 927 1652 in
943 1622 1136 1653 Mamertini
1152 1622 1374 1662 Panegyrico,
1387 1621 1478 1652 Sect.
1490 1628 1530 1650 u.
1551 1621 1561 1637 ‘
1573 1619 1750 1650 Armorum

334 1665 463 1695 sonitus
479 1664 543 1695 tuis
559 1664 724 1703 vagitibus
739 1663 992 1703 obstrepentes?
1027 1663 1116 1694 Vide
1132 1664 1246 1695 Nostr.
1258 1671 1308 1694 ιν.
1323 1662 1390 1694 Od.
1404 1665 1455 1693 15.
1467 1664 1519 1692 48.
1545 1660 1646 1692 Ovid.
1658 1660 1752 1692 Fast-

332 1714 382 1737 νι.
398 1708 430 1736 9.
450 1706 460 1722 ‘
474 1705 537 1736 Est
552 1714 666 1736 nemus
682 1704 854 1736 arboribus
871 1703 1021 1742 densum,
1035 1709 1183 1735 secretus
1209 1704 1250 1735 ab
1272 1704 1360 1734 omni
1384 1704 1476 1734 Voce
1502 1702 1608 1740 locus,
1633 1701 1660 1732 si
1685 1711 1752 1732 non

334 1747 592 1786 obstreperetur
607 1745 726 1787 aquis?
765 1746 984 1777 Terentianus
997 1746 1147 1786 Maurus,
1167 1755 1201 1786 p.
1216 1748 1312 1777 2431.
1327 1745 1381 1776 ed.
1397 1743 1567 1775 Putsciiii:
1591 1744 1601 1760 ‘
1618 1742 1752 1774 Pendet

334 1797 377 1818 ex
392 1788 538 1819 humeris
553 1788 661 1819 dulcis
676 1787 799 1827 chelys,
821 1788 864 1818 Et
880 1796 1034 1818 numeros
1047 1787 1126 1818 edat
1141 1787 1261 1826 varios,
1284 1787 1403 1827 quibus
1423 1786 1574 1817 Adsonet
1593 1793 1690 1815 omne
1705 1783 1753 1814 vi·

334 1839 412 1860 rens
428 1830 495 1861 late
510 1839 638 1869 nemus,
655 1830 700 1860 Et
716 1829 814 1859 tortis
828 1838 942 1859 errans
956 1838 1040 1868 aqua
1054 1827 1218 1859 flexibus!
1262 1828 1420 1859 Heinsius
1437 1827 1479 1858 ad
1492 1824 1663 1865 Propertii
1678 1834 1751 1855 ver·

333 1871 484 1909 siculum,
501 1881 598 1911 quem
613 1870 654 1901 ad
670 1874 783 1910 partes
799 1870 931 1900 vocavit
945 1869 1135 1900 Markland.
1146 1879 1195 1900 ιν.
1207 1872 1239 1900 4.
1254 1873 1284 1901 4.
1299 1869 1488 1908 intelligere
1500 1868 1572 1899 vult
1586 1867 1629 1897 de
1642 1866 1751 1897 avium

333 1921 416 1942 voce
431 1911 604 1944 frondibus
619 1911 855 1947 insidentium3
877 1905 967 1951 quod
981 1911 1088 1940 minus
1104 1911 1227 1950 placet,
1242 1919 1304 1940 nec
1328 1911 1454 1950 patitur
1478 1910 1511 1940 in
1534 1908 1652 1939 Flacco
1668 1916 1753 1948 prae-

335 1953 457 1984 cedens
473 1963 606 1986 versus:
629 1954 638 1970 ‘
652 1953 846 1985 Queruntur
860 1951 894 1982 in
909 1951 1009 1992 sylvis
1022 1951 1124 1983 aves.'
1136 1951 1230 1982 ’-33
1259 1951 1364 1983 Brod.
1379 1951 1444 1982 Aut
1458 1950 1663 1982 tramite—35
1690 1949 1751 1979 Ρα-

973 2032 1006 2064 Ν
1012 2032 1113 2064 01*AE

375 2102 416 2131 27
433 2098 578 2140 Lymphis
588 2096 778 2138 obstrepunt]
795 2095 922 2127 Avibus
934 2105 1014 2136 qua·
1069 2105 1103 2127 re
1128 2096 1247 2136 cervis,
1270 2095 1473 2136 Auritosque
1496 2093 1589 2134 sequi
1619 2094 1751 2134 lepores

336 2149 363 2179 si
379 2149 547 2188 occinunt,
562 2156 620 2178 suo
634 2154 803 2177 murmure
819 2154 857 2176 ac
873 2144 1017 2185 strepitu
1071 2168 1079 2177 .
1091 2167 1100 2177 .
1112 2166 1120 2175 .
1131 2145 1214 2176 Cum
1237 2145 1294 2175 nix
1316 2145 1387 2175 alta
1402 2144 1509 2184 jacet,
1521 2143 1664 2184 glaciem
1678 2151 1752 2174 cum

333 2198 442 2229 avium
458 2202 576 2228 cantus
593 2199 787 2237 provocant.
1069 2193 1205 2225 flumina
1220 2193 1382 2224 trudunt-⁹

375 2251 417 2279 29
439 2249 484 2280 At
505 2258 574 2279 cum
594 2247 741 2285 tonantis,
754 2245 822 2286 Sym]
843 2244 1017 2285 Hyemalis
1111 2245 1150 2273 31
1167 2241 1270 2273 Multa
1284 2241 1372 2280 cane]
1390 2241 1498 2272 Canes
1510 2238 1680 2270 foeminino
1695 2248 1752 2279 ge-

334 2302 513 2337 tempestas
528 2297 584 2328 ubi
608 2296 711 2336 coepit
735 2296 902 2335 ingruere,
918 2302 1018 2325 vena·
1070 2300 1148 2323 nere
1173 2291 1251 2331 poni
1275 2290 1383 2321 solent
1410 2299 1484 2321 cum
1509 2290 1551 2319 de
1574 2288 1750 2319 venatione

337 2346 418 2377 tioni
434 2345 534 2376 datur
549 2354 662 2385 opera.
1070 2341 1191 2380 agitur,
1203 2343 1241 2370 ut
1256 2339 1371 2369 volunt
1385 2349 1395 2375 ;
1416 2337 1582 2378 quoniam,
1596 2336 1751 2377 inquiunt

376 2394 482 2434 Jovis]
513 2395 590 2427 Jam
618 2392 695 2424 alibi
724 2391 868 2422 diximus
897 2390 1019 2422 Jovem
1068 2388 1228 2424 nonnulli,
1245 2387 1425 2418 velociores
1448 2390 1484 2417 et
1507 2385 1694 2425 sagaciores
1716 2390 1752 2416 ut

337 2443 416 2484 poni
444 2452 505 2483 pro
533 2441 622 2473 aere.
677 2439 838 2480 Tonantis]
861 2439 1020 2478 Tempes-
1070 2437 1246 2477 plurimum
1263 2440 1340 2466 sunt
1354 2444 1452 2465 canes
1467 2433 1625 2464 foeminae.

338 2490 437 2531 tuosi,
466 2490 582 2531 pluvii,
610 2488 770 2530 pruinosi.
813 2487 933 2526 Virgil.
961 2486 1020 2517 cit.
1111 2487 1151 2515 33
1173 2484 1294 2524 Amite]
1330 2482 1428 2513 Amos
1455 2487 1508 2513 est
1536 2481 1666 2512 furcula
1693 2490 1753 2512 seu

338 2541 463 2580 Georg.
480 2548 520 2570 11.
542 2539 552 2556 ‘
568 2538 669 2570 Venit
689 2537 818 2577 hyems,
832 2535 950 2566 teritur
971 2534 1022 2565 Si·
1070 2532 1290 2573 pertica,qua
1301 2535 1372 2562 rete
1385 2529 1601 2570 suspenditur
1612 2534 1669 2560 aut
1681 2535 1753 2561 ten-

339 2589 458 2628 cyonia
471 2588 574 2620 bacca
592 2586 754 2628 trapetis.'
789 2585 837 2617 At
852 2584 978 2624 Georg.
995 2592 1021 2615 ι.
1072 2582 1162 2614 ditur
1178 2582 1218 2612 ad
1235 2580 1417 2620 captandas
1433 2589 1523 2610 aves.

339 2640 412 2668 305.
437 2636 525 2668 ‘Sed
545 2640 656 2668 tamen
679 2640 714 2667 et
731 2643 870 2676 quernas
886 2632 1021 2673 glandes
1113 2633 1155 2662 34
1179 2628 1305 2668 Turdis]
1327 2629 1394 2661 Qui
1416 2627 1578 2668 praecipui
1602 2630 1681 2658 sunt
1701 2635 1751 2658 sa-

341 2691 420 2716 tunc
434 2686 598 2725 stringere
614 2690 758 2725 tempus,
773 2684 818 2714 Et
839 2682 924 2713 lauri
945 2681 1021 2712 bac·
1071 2679 1170 2720 poris.
1199 2677 1288 2709 Gan.
1308 2677 1422 2714 grives.
1457 2675 1508 2706 De
1522 2675 1572 2706 bis
1587 2675 1694 2707 Varro
1708 2673 1750 2705 de

341 2743 407 2772 cas,
432 2734 617 2774 oleamque,
653 2737 857 2772 cruentaque
888 2734 997 2770 myrta
1011 2740 1020 2760 ε
1073 2728 1122 2759 Re
1138 2726 1232 2757 Rust.
1249 2733 1305 2756 ιιι.
1319 2728 1349 2755 5.
1377 2723 1501 2755 Athen.
1518 2731 1560 2754 11.
1574 2725 1627 2754 24.

340 2783 429 2815 Tum
443 2782 578 2823 gruibus
594 2781 743 2823 pedicas,
758 2785 794 2812 et
815 2779 900 2811 retia
919 2787 1020 2819 pone·
1114 2778 1154 2807 35
1170 2774 1328 2807 Αάυεηαιη
1338 2773 1462 2813 gruem]
1482 2773 1588 2804 Varro
1601 2780 1677 2804 mox
1692 2770 1752 2803 cit.
