1890 3256
343 247 454 305 195ss
803 277 848 314 Q.
879 274 1084 305 norum
1119 251 1315 304 enecet*

342 367 458 408 Dum
477 367 680 420 coquitur
698 366 845 422 (cocto
866 367 1022 407 Chium
1043 367 1110 407 sic
1130 368 1345 417 convenit,
1362 371 1408 409 ut
1426 367 1514 418 non
1578 382 1581 387 ·

342 433 445 473 Hoc
465 434 605 486 magis
626 433 761 473 ullum
780 432 918 481 aliud)
938 433 1088 486 pipere
1107 432 1226 483 albo,
1247 446 1338 475 non·
1353 434 1446 476 sine
1469 436 1610 484 aceto,

341 498 473 548 Quod
495 499 833 552 Methymnaeam
853 498 960 539 vitio
981 500 1211 540 mutaverit
1228 510 1374 541 uvam.
1707 502 1764 543 50

340 564 506 605 Erucas
526 563 700 612 virideS,
721 563 864 604 inulas
886 576 966 616 ego
986 565 1153 617 primus
1171 575 1345 606 amaras

340 630 586 670 Monstravi
603 630 850 682 incoquere,
870 631 1019 671 illutos
1040 629 1248 672 Curtillus
1266 631 1457 682 echinos,
1509 647 1511 649 ·

337 757 408 786 dum
422 759 562 797 coquitur
570 769 583 795 ;
604 761 686 789 cocto
701 767 771 789 vero
785 758 833 789 ita
845 758 955 789 Chium
970 762 1074 798 aptum
1088 762 1145 798 est,
1159 763 1194 790 ut
1207 761 1326 792 nullum
1338 761 1422 793 aliud
1435 762 1537 802 aptius
1550 762 1612 798 εἰη
1627 771 1686 793 non
1700 761 1766 792 sine

334 798 441 837 pipere
454 800 533 839 albo,
554 804 584 831 et
607 803 703 836 aceto,
718 801 795 840 quod
810 801 915 831 vinum
930 800 1071 831 Lesbium
1084 802 1233 841 corrupit.
1277 803 1407 834 Primus
1418 813 1475 842 ego
1489 813 1593 835 erucas
1607 805 1720 834 virides
1735 806 1766 832 ee

337 839 439 871 inulas
452 842 586 882 acerbas,
602 842 754 872 Curtillus
766 844 869 872 autem
881 841 1056 873 herinaceos
1076 852 1136 874 non
1151 843 1239 884 lotos,
1258 845 1338 876 vetut
1360 845 1596 885 convenientius,
1613 845 1766 886 coquenda

932 940 1166 953 ‘mm‘

338 1014 489 1044 Floreut.
507 1016 599 1045 1482.
631 1015 720 1045 Vide
745 1015 786 1046 ad
811 1025 833 1047 ῐ.
859 1015 927 1047 Od.
944 1019 977 1047 6.
997 1018 1049 1047 28.
1073 1025 1098 1046 1.
1125 1015 1194 1046 Od.
1213 1019 1265 1048 14.
1289 1020 1426 1048 50.--50
1448 1016 1648 1049 Quindecim
1670 1016 1764 1048 Van.

337 1056 483 1086 Chisian.
501 1058 530 1085 l.
543 1059 574 1086 2.
591 1057 766 1087 Barberin.
782 1060 812 1089 1.
826 1059 857 1088 2.
873 1057 1028 1096 Angelic.
1043 1059 1074 1087 2.
1098 1057 1153 1087 alii
1168 1057 1267 1088 codd.
1291 1067 1343 1097 ap.
1368 1058 1480 1088 Pulm.
1507 1057 1611 1098 Cruq.
1632 1058 1762 1090 Valart.

335 1097 418 1127 item
439 1096 516 1127 edd.
541 1098 681 1128 Venett.
706 1100 800 1130 1478.
821 1101 915 1129 1490.
940 1101 1033 1129 1492.
1052 1100 1144 1129 1495.
1171 1099 1263 1129 Frib.
1290 1101 1384 1130 1536.
1406 1099 1506 1139 Cruq.
1525 1099 1608 1130 Duc.
1629 1099 1766 1136 Talbot,

336 1138 434 1176 Piue,
448 1138 562 1169 Bentl.
579 1140 722 1178 Cuning.
738 1140 861 1171 Sunad.
881 1139 966 1171 Phil.
983 1139 1134 1178 Francis,
1145 1139 1294 1181 Sandby,
1310 1141 1404 1171 Batt.
1417 1139 1521 1171 Gesn.
1533 1141 1638 1172 Zeun.
1655 1139 1766 1172 Ober-

336 1180 395 1210 lin.
413 1179 531 1211 Comb.
544 1181 679 1221 Bipont.
694 1181 836 1213 Wetzel.
853 1180 1035 1219 Heindorf,
1049 1180 1184 1212 Wakef.
1208 1182 1312 1213 Kidd.
1338 1183 1417 1217 Fes,
1442 1181 1565 1218 Bothe,
1589 1181 1711 1220 Jaeck,
1731 1187 1767 1213 et

335 1222 493 1261 Doeriug,
507 1224 683 1255 mutaverit.
718 1223 819 1254 Aldd.
835 1223 958 1254 Venet.
974 1225 1067 1254 1559.
1085 1223 1242 1254 Glarean.
1257 1228 1293 1255 et
1309 1225 1351 1255 al.
1368 1226 1635 1255 mutaverat-52
1655 1224 1665 1241 ‘
1683 1224 1765 1255 Om-

334 1272 396 1294 nes
417 1264 551 1303 quidem
576 1265 700 1295 habent
724 1265 816 1296 libri:
841 1266 960 1295 Erucas
975 1264 1102 1296 vir-ideis
1123 1265 1224 1295 inulas
1245 1275 1300 1304 ego
1318 1275 1368 1305 pr.
1392 1270 1520 1305 praeter
1541 1274 1642 1295 unum
1665 1270 1701 1296 et
1721 1266 1768 1296 al-

335 1311 457 1343 terum,
471 1306 502 1336 in
520 1306 639 1346 quibus
655 1311 706 1337 est
720 1317 728 1337 :
752 1307 909 1347 inulaeque
924 1316 980 1346 ego
991 1307 1111 1347 primus
1123 1316 1257 1347 amaras,
1270 1309 1323 1347 &fc-
1358 1307 1425 1338 Sed
1441 1316 1504 1347 ego
1520 1306 1598 1338 olim
1615 1307 1701 1337 bunc
1718 1307 1764 1338 lo-

335 1356 410 1377 cum
428 1347 459 1377 in
474 1348 626 1378 omnibns
640 1348 732 1378 libris
746 1348 966 1388 depravatum
982 1357 1054 1379 esse
1070 1348 1227 1388 putabam
1241 1359 1248 1379 :
1273 1353 1309 1380 et
1330 1349 1470 1379 duarum
1493 1348 1667 1379 literarum
1683 1348 1766 1379 dun-

336 1393 442 1425 taxat,
458 1390 491 1419 in
507 1389 638 1420 duabus
654 1390 805 1429 vocibus,
830 1389 1063 1420 immutatione
1086 1390 1327 1420 emendandum
1345 1390 1543 1427 arbitrabar,
1566 1394 1600 1420 et
1624 1398 1686 1429 pro
1709 1399 1762 1429 eo,

335 1430 423 1468 qnod
441 1431 540 1470 vulgo
553 1431 688 1469 legitur,
699 1431 800 1462 inulas
813 1441 870 1470 ego
887 1431 1013 1462 Primus
1027 1441 1159 1471 amarae,
1177 1441 1239 1470 ego
1252 1431 1346 1462 inuiis
1358 1441 1414 1470 ego
1435 1431 1554 1471 primus
1571 1431 1698 1466 amar—is,
1713 1440 1764 1462 re-

334 1471 542 1503 stituendum
553 1481 717 1510 curatam,
727 1473 954 1512 conjecturam
969 1481 1075 1503 meam
1092 1473 1259 1503 nonnullis
1273 1473 1350 1503 viris
1361 1472 1563 1504 doctissimis
1577 1472 1765 1512 approban-

334 1513 443 1543 tibus:
469 1518 505 1544 ut
519 1514 635 1545 horum
650 1514 840 1552 verborum,
862 1519 964 1555 atque
987 1514 1084 1554 adeo,
1107 1513 1206 1554 hujus
1223 1514 1326 1545 totius
1351 1515 1416 1546 loci
1438 1515 1492 1546 hic
1513 1513 1608 1550 ordo,
1624 1514 1763 1555 liaecqne

333 1555 502 1585 sententia
517 1562 630 1586 esset:
653 1556 726 1595 Ego
750 1556 875 1595 primus
899 1555 1043 1586 omnium
1065 1556 1261 1591 monstravi,
1283 1557 1345 1587 hoc
1371 1560 1434 1594 est,
1457 1555 1556 1586 docui
1582 1555 1766 1595 incoquere

334 1595 434 1625 inulis
448 1597 568 1627 amaris
583 1605 701 1626 erucas
718 1597 867 1631 virideis‚
884 1601 922 1628 ut
936 1597 1070 1634 melius,
1083 1597 1171 1636 quod
1190 1597 1303 1628 Graeci
1327 1597 1456 1636 dicunt,
1479 1597 1518 1628 ὣς
1534 1595 1656 1634 ἄμεινόν
1671 1607 1715 1636 τι,
1731 1597 1764 1627 id

335 1642 399 1676 est,
415 1642 573 1678 tanquam
590 1637 706 1668 melius
722 1638 880 1678 quiddam
897 1647 936 1669 ea
951 1638 1069 1673 muria,
1088 1647 1184 1678 quam
1201 1642 1290 1669 testa
1311 1639 1449 1676 marina,
1471 1647 1593 1677 nempe
1617 1637 1766 1673 echinus,

334 1679 506 1710 remittit.¹
534 1679 698 1711 Curtillus
714 1684 826 1711 autem
842 1680 1041 1711 monstravit
1057 1679 1238 1720 incoquere
1262 1680 1386 1715 illotos,
1411 1689 1469 1710 seu
1493 1679 1604 1710 illutus
1624 1679 1762 1710 echinos

334 1721 434 1751 inulis
448 1732 456 1751 ι
480 1722 551 1752 haec
566 1721 670 1760 igitur
685 1722 800 1762 verba,
815 1722 919 1753 illatos
937 1721 1088 1752 Curtillus
1101 1721 1231 1756 echinos,
1247 1721 1451 1753 includenda
1465 1725 1577 1752 esseut
1588 1721 1767 1760 interposi-

335 1763 436 1794 tionis
449 1768 540 1794 nota.
582 1763 660 1795 Jam
686 1763 748 1794 hoc
771 1764 928 1804 loquendi
947 1773 1064 1802 genus,
1087 1772 1194 1794 erucas
1209 1763 1301 1794 inulis
1315 1764 1347 1794 in
1362 1772 1499 1803 coquere,
1519 1771 1595 1793 cum
1622 1763 1668 1794 sit
1692 1762 1764 1792 aliis

333 1804 463 1835 Latinis
479 1805 653 1844 usitatum,
674 1810 744 1835 tum
762 1805 917 1837 HoratIo.
933 1806 1030 1844 Virg.
1048 1805 1175 1844 Georg.
1194 1813 1244 1835 iv.
1259 1807 1332 1836 279.
1354 1809 1363 1822 ⁶
1378 1805 1487 1844 Hujus
1513 1803 1652 1834 odorato
1675 1803 1762 1833 radi-

334 1855 390 1876 ces
405 1847 545 1887 incoque
559 1846 715 1877 Baccho:
760 1847 846 1878 Hor.
857 1847 966 1887 Epod.
982 1854 1039 1877 111.
1054 1849 1085 1877 6.
1107 1849 1116 1863 ⁴
1135 1846 1225 1876 Num
1241 1846 1409 1884 viperinus
1425 1845 1474 1874 liis
1488 1853 1587 1875 cruor
1601 1843 1762 1875 Incoctus

333 1887 445 1917 herbis
462 1897 514 1917 me
529 1887 649 1918 fefellit
663 1887 686 1916 θ’
729 1889 831 1919 Nunc
848 1892 960 1918 antem
984 1887 1064 1917 mihi
1087 1886 1220 1918 videtur
1234 1887 1369 1926 antiqua
1386 1886 1565 1925 scriptura,
1581 1893 1599 1915 a
1615 1894 1682 1926 qua
1696 1895 1763 1916 non

333 1927 507 1967 discrepat
524 1929 878 1968 vulgata,.retinenda,
894 1933 931 1958 ut
948 1927 1186 1966 intelligamus,
1209 1937 1324 1958 erucas
1340 1927 1488 1961 vii-ideis,
1504 1931 1539 1958 et
1555 1927 1660 1957 inulas
1676 1937 1764 1958 umu-

335 1978 388 1999 ras
404 1970 539 2010 incoqui
560 1970 629 2010 juri
645 1970 705 2008 illi,
721 1970 809 2010 qnod
832 1968 1038 2008 descriptum
1065 1974 1139 1999 est:
1164 1974 1199 1999 et
1224 1979 1330 1999 erucas
1354 1969 1495 2004 virideis,
1519 1969 1620 1998 inulas
1641 1977 1766 2000 amaras

333 2012 480 2051 positum
496 2021 572 2043 esse
585 2010 765 2043 ἂσννδέτως.
807 2011 906 2044 Quod
923 2015 1033 2042 antem
1050 2009 1091 2040 ad
1105 2010 1167 2041 hoc
1184 2011 1315 2049 attinet,
1332 2013 1366 2041 ut
1381 2010 1499 2050 melius,
1515 2010 1584 2041 tale
1599 2014 1652 2041 est
1669 2010 1766 2052 illud,

973 2106 1112 2138 NOTAE

374 2174 417 2203 49
442 2171 539 2203 Aoeto
556 2172 645 2206 Quod
671 2172 923 2213 Methymnaeam,
948 2170 1018 2210 ξα]
1071 2169 1238 2210 admissae,
1252 2172 1338 2202 utin
1353 2180 1450 2203 coena
1463 2170 1654 2202 Nasidieni.

335 2220 444 2252 Aceto
467 2222 593 2262 optimo
615 2231 657 2252 ex
681 2223 807 2262 optimo
831 2223 907 2253 vino
923 2221 1021 2252 Lesbi

333 2269 463 2300 insulae.
498 2269 585 2300 Vide
603 2279 629 2301 1.
653 2269 721 2300 Od.
740 2273 791 2300 1⁷.
823 2270 1022 2310 Methymna

333 2317 379 2348 ibi
394 2317 512 2350 civitas
535 2322 613 2358 post
634 2318 825 2359 Mitylenen
845 2319 1022 2358 praeclara,

334 2367 411 2397 vino
437 2376 601 2407 generoso
626 2367 777 2398 celebris.
814 2367 915 2397 Silius
942 2367 1021 2398 Ital.

333 2416 391 2446 lib.
409 2425 472 2447 vn.
488 2417 657 2457 ‘Tmolus,
670 2421 706 2447 et
728 2417 901 2447 ambrosiis
922 2416 1020 2448 Arvi-

330 2465 377 2495 sia
393 2465 516 2505 pocula
536 2465 656 2506 succis,
683 2464 732 2496 Ac
754 2465 949 2505 Methymna
971 2465 1021 2496 fe-

334 2522 395 2544 rax
413 2514 516 2544 Latiis
532 2522 667 2545 cessere
681 2514 854 2546 Falernis:

375 2566 414 2594 51
431 2564 564 2604 fimens]
578 2564 668 2596 Gall.
681 2565 757 2595 dela
765 2567 913 2605 roquette.
935 2564 1021 2596 Haec

333 2611 439 2642 herba
454 2613 583 2643 urinam
606 2613 686 2651 ciet,
708 2613 893 2644 coctionem
909 2613 1021 2653 juvat,

334 2660 443 2690 alvum
458 2662 560 2693 laxat.
584 2662 727 2694 Casaub.
745 2663 776 2692 in
790 2661 913 2693 Athen.
929 2665 1019 2694 ιν.2.

334 2710 468 2749 Erucae,
482 2711 601 2751 inquit,
613 2712 644 2742 in
659 2712 847 2743 tenuiorum
859 2711 1018 2742 lautitiis:

332 2759 512 2800 aliquando
528 2761 628 2793 etiam
641 2761 674 2792 in
688 2761 859 2793 beatorum
871 2769 1018 2792 mensam

1113 2220 1237 2260 Inulas]
1262 2221 1354 2251 Gall.
1377 2222 1414 2252 de
1441 2220 1568 2251 Faunee.
1591 2219 1736 2250 ‘Tristes
1751 2218 1760 2232 '

1071 2271 1170 2299 vocat
1197 2269 1382 2299 Columella
1396 2279 1404 2300 ς
1443 2269 1563 2300 Horat.
1579 2275 1622 2299 u.
1638 2268 1710 2299 Sat.
1726 2269 1762 2298 2.

1071 2319 1124 2348 44.
1139 2315 1149 2334 ‘
1163 2316 1300 2348 acidas!

1114 2369 1154 2397 52
1168 2366 1277 2397 Illutos
1290 2366 1439 2397 Curtillus
1448 2365 1580 2404 echinos,
1588 2365 1658 2406 nisa]
1676 2366 1758 2396 Cur-

1072 2416 1162 2447 tillus
1175 2416 1358 2456 Epicureus
1371 2414 1484 2445 docuit
1493 2419 1559 2444 non
1570 2413 1758 2446 faciendam

1075 2474 1093 2496 e
1111 2465 1286 2496 maceratis
1301 2465 1425 2495 echinis
1447 2463 1604 2502 muriam
1628 2463 1688 2494 sed
1709 2463 1758 2494 in-

1075 2518 1188 2554 tegros
1209 2514 1318 2553 potius
1340 2513 1532 2554 coquendos
1555 2521 1630 2543 esse
1643 2513 1760 2551 iuncos,

1074 2563 1107 2594 id
1123 2567 1174 2594 est
1195 2571 1258 2592 non
1281 2563 1426 2602 ablutos,
1443 2567 1479 2594 et
1506 2571 1566 2593 sua
1591 2562 1756 2602 salsugine

1072 2621 1138 2642 non
1153 2615 1315 2651 purgatos
1329 2622 1336 2641 ;
1354 2611 1413 2642 sed
1429 2611 1544 2651 quales
1561 2610 1758 2650 depromun-

1073 2665 1128 2691 tur
1143 2669 1161 2690 e
1179 2660 1274 2699 vasis,
1289 2661 1320 2690 in
1335 2660 1455 2700 quibus
1470 2659 1558 2690 saliti
1572 2658 1721 2690 fuerunt·

1113 2709 1262 2749 Echinos]
1290 2711 1340 2740 De
1353 2709 1403 2740 his
1417 2718 1457 2740 ιι.
1473 2709 1544 2741 Sat.
1558 2711 1589 2740 4.
1607 2709 1659 2738 3³.
