1890 3256
319 260 428 300 1140

783 274 825 310 Q.
855 272 1059 303 HORA'rn
1093 271 1260 303 rnAccr

319 361 505 411 Coelum,
525 374 610 402 non
630 362 831 412 animum,
851 366 1014 403 mutant
1032 363 1106 416 qui
1126 367 1243 406 trans
1262 377 1377 405 mare
1397 370 1595 408 currunt:

319 428 504 467 Strenua
523 440 603 467 nos
625 431 797 468 exercet
810 428 983 469 inertia:
1013 429 1198 470 navibus
1219 434 1348 483 atque

319 491 551 543 Quadrigis
572 493 755 544 petimus
771 493 880 532 bene
901 493 1068 534 vivere:
1099 494 1213 546 quod
1231 495 1358 547 petis,
1379 496 1448 537 hic
1469 502 1559 549 est;

318 557 399 597 Est
419 556 610 606 Ulubris,
630 558 794 597 animus
815 558 854 598 si
872 562 916 598 te
935 571 1020 599 non
1038 558 1184 600 deficit
1204 572 1366 612 oequus.

1669 563 1725 604 30

317 667 438 698 tudines
446 679 457 704 ;
472 668 524 708 qui
538 670 619 699 ultra
632 677 715 698 mare
730 667 879 706 navigant
894 668 998 698 coelum
1012 668 1131 707 quidem
1144 672 1275 708 mutant,
1289 680 1348 701 non
1372 681 1443 702 vero
1465 673 1608 704 animum.
1646 673 1727 702 Gra-

315 707 365 737 vis
389 718 441 738 nos
464 713 543 740 tenet
567 710 714 740 socordia.
758 709 897 740 Navibus
914 712 944 740 et
959 710 1044 748 equis
1057 710 1153 740 vitam
1166 711 1284 742 beatam
1298 714 1469 750 quaerimus.
1511 714 1609 754 Atqui
1623 713 1671 744 hic
1683 715 1744 750 est⁴

315 748 392 779 illud
407 752 484 788 quod
498 751 622 791 quoeris,
635 754 683 782 est
701 750 826 781 Ulubris
834 761 847 787 ;
869 751 954 781 modo
968 751 1027 781 tibi
1039 754 1147 790 pacata
1161 762 1245 783 mens
1258 752 1394 792 affuerit.

917 828 1151 842 ‘numo

319 883 415 914 Harl.
429 887 461 914 2.
474 887 505 916 7.
531 884 650 925 aliique
667 885 766 916 codd.
782 894 837 926 ap.
859 886 1058 917 Feam.-28
1081 885 1309 918 Schoenborn.
1327 889 1359 918 4.
1382 891 1499 919 exercet
1514 889 1638 928 ineptia.

958 966 1097 998 NOTAE

357 1029 397 1057 27
423 1027 546 1065 Coelum,
558 1036 618 1057 non
630 1026 775 1066 animum,
787 1029 918 1065 mutant,
931 1026 999 1065 ξω]

318 1074 529 1114 Pythagoras
555 1074 703 1114 dicebat,
724 1084 790 1105 non
814 1075 998 1106 mutatione

315 1122 464 1152 locorum
489 1122 696 1161 prudentiam
713 1122 837 1162 doceri,
859 1127 917 1154 aut
938 1123 997 1153 im-

318 1170 528 1210 prudentiam
545 1171 627 1200 tolli.

360 1220 401 1248 28
423 1218 558 1249 Strenua
568 1218 695 1259 inertia]
717 1219 921 1260 Oxymoron.

359 1267 502 1298 Navibus
514 1270 605 1306 atque
621 1269 805 1309 Quadrigis]
829 1269 917 1300 Gall.
932 1268 999 1299 Par

318 1325 382 1347 mer
402 1320 432 1347 et
451 1325 509 1356 par
531 1319 631 1348 terre:
662 1317 770 1348 Item:
794 1319 813 1347 ὰ
831 1317 902 1357 pied
927 1321 957 1348 et
981 1318 1001 1347 ὰ

317 1365 431 1396 cheval-

361 1417 404 1445 29
435 1414 524 1448 Quod
549 1413 640 1453 petis,
660 1413 710 1444 hic
735 1413 796 1454 est]
826 1414 880 1445 Ne
902 1414 1001 1453 longe

322 1471 465 1503 quaeras,
480 1462 568 1502 quod
585 1462 618 1491 in
642 1466 774 1501 promtu
798 1466 860 1493 est.
901 1462 937 1492 Si
953 1471 1002 1492 sa-

320 1510 386 1550 pis,
396 1510 595 1550 ubicumque
605 1509 662 1548 sis,
670 1508 865 1541 felicitatem
878 1514 1002 1550 praesto

320 1558 437 1598 habes,
449 1557 501 1588 vel
523 1556 557 1587 in
573 1556 688 1597 quovis
709 1558 831 1597 angulo
853 1562 888 1589 et
908 1558 1002 1598 oppi-

1051 1025 1129 1057 dulo
1163 1027 1308 1059 maxime
1337 1028 1478 1060 obscuro
1506 1034 1542 1061 et
1568 1030 1704 1070 ignobili
1718 1043 1729 1071 ;

1051 1083 1082 1104 v.
1097 1083 1129 1114 g.
1160 1075 1309 1115 Ulubris,
1332 1076 1366 1106 in
1390 1076 1507 1116 Italia;
1530 1078 1584 1109 vel
1605 1077 1730 1112 Lebedi

1049 1121 1082 1153 in
1100 1121 1193 1153 Asia.

1091 1174 1133 1202 30
1152 1171 1290 1212 Ulubris]
1311 1173 1459 1213 Ulubrae,
1471 1175 1629 1214 oppidum
1642 1177 1731 1208 Latii

1050 1218 1083 1249 in
1102 1218 1285 1260 Campania
1307 1230 1411 1261 prope
1439 1222 1598 1264 Velitras,
1621 1224 1731 1257 deser-

1051 1270 1120 1298 tum
1138 1277 1177 1299 ac
1194 1269 1272 1308 vile,
1286 1269 1346 1301 hoc
1359 1279 1458 1301 unum
1471 1271 1596 1302 habens
1611 1282 1732 1305 memo·

1051 1316 1167 1353 rabile,
1177 1318 1265 1358 quod
1277 1317 1445 1359 Augustus
1457 1319 1573 1351 Caesar
1587 1322 1621 1352 in
1635 1331 1675 1353 eo
1688 1321 1732 1354 sit

1050 1365 1224 1397 educatus.

1093 1414 1224 1445 Animus
1233 1415 1261 1446 si
1271 1418 1302 1446 te
1313 1425 1373 1446 non
1382 1415 1482 1457 deficit
1492 1416 1610 1457 oequus]
1618 1417 1733 1451 Plaut.

1052 1461 1165 1492 Aulul.
1179 1463 1189 1479 ⁴
1200 1463 1276 1502 Pol,
1286 1463 1312 1493 si
1328 1469 1379 1494 est
1395 1464 1520 1495 animus
1533 1475 1645 1506 aequus
1658 1467 1732 1506 tibi,

1053 1509 1135 1541 satis
1150 1510 1252 1542 habes
1269 1511 1324 1552 qui
1341 1512 1426 1544 bene
1440 1513 1542 1544 vitam
1557 1514 1671 1546 colas.'

791 1692 1093 1736 EPISTOLA
1131 1697 1251 1739 XII.

889 1792 955 1822 AD
987 1792 1173 1824 lccltJM.

323 1863 458 1894 Solatur
479 1864 511 1894 in
539 1865 632 1896 tenui
655 1874 691 1896 re
706 1862 992 1906 philosophantem
1019 1868 1240 1908 amicum,qui
1262 1869 1409 1907 plantam
1436 1877 1455 1899 e
1477 1877 1572 1900 coeno
1585 1871 1734 1903 avaritiae

336 1948 340 1949 ⁷
364 1915 509 1945 evellere
524 1915 693 1955 nequibat.
716 1916 816 1947 Baxt.
858 1917 982 1955 Iccius,
998 1918 1052 1955 qui
1069 1918 1309 1957 philosophiam
1325 1917 1509 1950 affectabat
1524 1923 1559 1951 et
1573 1920 1670 1952 simul
1685 1923 1734 1953 rel

365 1965 555 2005 quaerendae
571 1965 697 1996 avidior
712 1969 798 2004 erat,
810 1970 847 1996 ut
863 1975 965 2005 supra
976 1975 1000 1996 ι.
1017 1966 1083 1997 Od.
1098 1969 1151 1997 29.
1173 1968 1222 1997 ita
1235 1968 1335 1999 ethic
1352 1969 1452 2008 salse,
1463 1978 1650 2012 quanquam
1665 1975 1736 2004 tec·

365 2017 439 2053 tius,
454 2015 594 2047 ridetur.
636 2015 721 2046 Tum
744 2016 995 2048 commendatur
1016 2017 1139 2048 homini
1163 2018 1345 2059 Pompeius
1360 2019 1543 2062 Grosphus.
1584 2023 1733 2062 Tandem

365 2067 407 2098 de
421 2071 511 2098 statu
525 2067 720 2108 reipublicae
736 2069 886 2109 quaedam
902 2068 1082 2100 adduntur.

327 2131 608 2171 Faucrmus
628 2128 835 2183 Agrippae
850 2131 1030 2180 Siculis,
1050 2143 1159 2185 quos
1179 2132 1365 2186 colligis,
1386 2133 1491 2184 Icci,

370 2227 399 2256 Ο
415 2226 490 2262 Icci,
505 2226 531 2256 si
549 2235 619 2257 vere
638 2226 768 2265 potiaris
788 2227 981 2266 proventibus
997 2227 1159 2268 Agrippae,
1173 2238 1247 2268 quos
1267 2229 1300 2259 in
1322 2228 1432 2261 Sicilia
1451 2231 1736 2272 percipis„mq1'ores

912 2309 1023 2320 eeeeee

1027 2309 1140 2321 eeeeee

367 2359 519 2398 Epistola
535 2360 636 2390 tertia
652 2359 742 2391 Libri
758 2361 891 2391 secundi
905 2362 938 2391 in
961 2362 1024 2394 Ed.
1040 2362 1162 2393 Sanad.
1204 2362 1402 2394 Inscribitur
1424 2363 1458 2393 iu
1483 2363 1662 2403 Bamberg.
1682 2365 1735 2397 Aa

328 2400 491 2436 Hiccium5
514 2401 548 2431 in
574 2401 645 2432 aliis
673 2410 726 2439 ap.
754 2402 868 2441 Feam,
890 2404 941 2433 Aa
976 2403 1163 2434 Ictium—1
1186 2403 1367 2443 Bamberg.
1391 2413 1464 2443 quos
1487 2406 1607 2444 colligis
1632 2406 1737 2438 Hicci.

328 2442 414 2473 Edd.
431 2442 580 2482 plurimae
596 2447 673 2473 ante
690 2443 803 2474 Bentl.
824 2453 897 2483 quos
909 2455 935 2474 c.
950 2444 1021 2483 leti,
1034 2445 1129 2476 Gott.
1145 2445 1234 2476 Hau.
1250 2445 1346 2476 Harl.
1369 2448 1399 2476 1.
1419 2448 1450 2476 2.
1471 2447 1502 2477 3.
1529 2449 1561 2477 4.
1581 2449 1612 2477 6.
1637 2450 1669 2478 7.
1690 2449 1733 2479 al.

965 2517 1101 2548 NOTAE

370 2578 385 2604 l
404 2576 564 2607 Fructibus
574 2576 703 2616 Agrip]
719 2577 772 2608 Ad
782 2578 905 2608 Iccium
919 2579 1004 2610 hunc

1099 2578 1260 2619 Agrippae]
1275 2579 1308 2609 Is
1325 2579 1468 2619 Augusti
1484 2589 1599 2622 gener,
1613 2581 1654 2612 de
1671 2591 1734 2622 quo

328 2627 380 2653 est
402 2633 424 2653 1.
443 2625 509 2655 Od.
531 2628 582 2656 29.
611 2626 666 2657 ubi
689 2627 775 2657 sicut
798 2631 832 2657 et
857 2628 910 2657 hic
937 2628 1005 2667 ejus
1059 2638 1080 2659 1.
1097 2629 1164 2659 ud.
1179 2630 1210 2658 6.

327 2672 494 2710 cupiditas
510 2678 654 2713 notatur,
670 2683 732 2705 non
749 2675 818 2707 sine
836 2676 939 2706 mullo
954 2686 1005 2706 sa-

281 2731 286 2735 ·
329 2721 436 2759 tyrico
452 2722 530 2752 sale.

1098 2677 1227 2716 Siculis]
1251 2676 1364 2708 Sicilia
1388 2678 1498 2709 insula
1516 2678 1623 2710 ltaliae
1646 2679 1734 2719 adja-

1057 2722 1148 2764 cens,
1164 2730 1199 2756 et
1214 2725 1255 2756 ab
1272 2735 1312 2756 ea
1330 2730 1470 2766 angusto
1489 2727 1568 2758 satis
1581 2726 1670 2758 freto
1685 2728 1733 2757 di·
