1904 3256
650 296 838 329 1110111111
873 296 1040 330 muna.
1485 288 1570 330 675

346 393 507 435 Senem
520 390 664 447 (quod
686 404 837 434 omnes
856 392 1042 443 rideant)
1060 391 1301 434 adulterum

407 459 590 501 Latrent
611 459 856 502 Suburanae
879 472 1031 510 canes,

348 526 394 568 N
395 526 499 568 ardo
526 531 800 581 perunctum,
820 526 953 580 quale
971 539 1054 567 non
1075 525 1315 579 perfectius

406 593 525 635 Meae
546 593 786 635 laborarint
805 606 977 635 manus.

348 659 470 710 Quid
490 660 685 702 accidit?
717 673 796 702 6111·
817 661 914 702 dira
931 660 1130 702 barbarae
1149 659 1295 701 minus

384 771 386 773 ,
406 726 591 769 Venena
617 727 791 769 Medeae
813 728 975 776 valent,

1516 592 1573 633 60

119 845 173 867 nes
187 835 320 868 Subur-ce
332 837 480 868 allatrent
493 837 643 868 moechum
657 846 760 868 senem
772 836 869 878 (quod
882 836 1003 867 cunctis
1017 836 1153 868 ludibrio
1165 837 1224 877 sit)
1237 836 1394 878 perfusum
1409 827 1577 876 unguento,

118 888 178 918 quo
193 880 395 920 proestantius
419 881 539 911 nullum
562 879 759 911 elaborarunt
786 888 860 910 meae
889 888 1010 910 manus.
1063 879 1176 911 Verum
1199 880 1274 920 quid
1294 877 1418 911 evenit?
1472 878 1577 913 Quare

120 921 207 953 acria
221 922 287 953 haec
306 922 474 964 pharmaca
496 922 598 954 minus
616 923 735 963 pollent
755 921 881 952 venenis
903 921 1042 952 barbam·
1058 922 1192 963 Medea,
1207 923 1317 963 quibus
1330 921 1507 963 superbiens
1521 930 1577 951 au-

726 1017 968 1030 eeeeeeeeeee

120 1070 300 1110 tetigitur
314 1071 548 1110 Fumantem,
562 1075 599 1102 ut
617 1076 820 1113 perpetuum
838 1072 882 1103 sit
895 1073 1067 1113 sylvarum
1083 1071 1275 1112 epitheton.
1312 1069 1433 1110 Virgil.
1451 1069 1579 1108 Georg.

123 1121 178 1145 lv.
193 1112 279 1144 468!
303 1113 412 1145 Bentl.
457 1114 679 1145 Formidozosae
693 1115 820 1146 habent
832 1115 937 1146 etiam
957 1115 1038 1145 Exc·
1053 1114 1133 1145 Sax.
1150 1114 1246 1145 Harl.
1263 1116 1290 1144 1.
1301 1116 1333 1145 2.
1349 1116 1380 1144 3.
1395 1116 1427 1144 4.
1444 1115 1476 1143 ὓ.
1500 1121 1581 1153 qua-

124 1160 204 1187 tuor
218 1155 366 1188 Blandd.
380 1166 436 1196 ap.
453 1156 651 1197 Cruquium,
673 1156 758 1198 (uon
781 1167 860 1188 vero
877 1157 1113 1196 Formidolusis,
1142 1162 1179 1187 ut
1205 1157 1253 1188 ait
1276 1153 1407 1195 Bentl.)
1431 1154 1582 1185 nonnulli

124 1207 181 1237 ap.
196 1198 355 1229 Torrent.
371 1208 448 1230 611111
463 1198 541 1230 61111.
557 1199 677 1229 Lamb.
695 1200 798 1239 Cruq.
813 1200 974 1230 Torreut.
998 1199 1110 1230 Bond.
1134 1199 1236 1230 Baxt.
1259 1198 1432 1230 Sclirevel.
1455 1197 1582 1236 Delph.

127 1239 233 1271 Gesn.
257 1239 366 1272 Zeun.
394 1241 534 1280 Bipont.
558 1241 700 1272 Mitsch.
725 1241 863 1272 Wakef.
890 1246 926 1272 et
949 1242 1068 1272 Comb.
1114 1240 1337 1272 Formidolosz‘e
1362 1250 1438 1270 611111
1467 1238 1582 1270 Bentl.

127 1281 252 1313 Heins-
267 1282 385 1322 Steph.
401 1282 548 1322 Cuning.
564 1283 714 1322 Francis,
731 1284 876 1315 Wetzel.
894 1289 930 1314 et
948 1283 1052 1314 Kidd.
1088 1293 1158 1314 cum
1171 1284 1270 1314 latent
1288 1283 1385 1314 Harl.
1401 1285 1432 1313 1.
1458 1286 1493 1312 et
1510 1281 1583 1322 plu-

126 1325 202 1355 rimi
215 1333 270 1364 ap.
285 1324 531 1356 'romena—58
554 1325 729 1356 Suburana>
744 1335 860 1356 omnes
878 1326 1004 1356 vetusti
1020 1325 1120 1356 codd.
1136 1335 1192 1365 ap.
1212 1325 1364 1356 Lambin.
1377 1330 1412 1355 et
1425 1324 1583 1355 Torrent.

128 1375 245 1397 omnes
267 1366 366 1397 Harl.
393 1375 510 1397 omnes
535 1367 675 1407 Cruquii
699 1372 736 1397 et
759 1376 938 1405 marmora,
959 1377 1036 1396 611111
1063 1367 1142 1397 61111.
1167 1367 1287 1398 Lami».
1303 1367 1408 1406 Cruq.
1424 1367 1585 1396 Torrent.

128 1408 239 1439 Bond.
254 1407 431 1438 Schrevel.
448 1408 572 1447 Delph.
588 1409 690 1438 Baxt.
702 1408 818 1438 Bentl.
837 1408 984 1447 Cuning.
998 1408 1125 1438 Sanad.
1142 1408 1294 1445 Francis,
1309 1408 1461 1445 Towers,
1477 1407 1583 1438 Gesn.

126 1449 235 1482 Zenn.
251 1449 391 1490 Bipont.
415 1449 560 1480 Wetzel.
588 1449 726 1481 Mitscb.
750 1449 888 1481 Wakef.
911 1449 1031 1480 Comb.
1060 1454 1095 1480 et
1123 1449 1228 1480 Kidd.
1261 1449 1453 1480 Subur-rame
1468 1450 1585 1480 1111111116

127 1496 214 1524 vett.
226 1495 261 1522 et
274 1492 320 1522 ita
337 1491 456 1522 Heius.
471 1495 507 1522 et
521 1491 642 1532 steph.
675 1491 861 1523 suburbanoe
877 1492 910 1522 in
926 1491 1103 1522 aliis.—59
1128 1491 1325 1530 Lambinus,
1338 1502 1392 1523 nec
1407 1491 1585 1531 perfectius.

126 1537 213 1566 —60
235 1533 335 1565 Gott.
353 1538 423 1564 tres
438 1534 584 1564 Blandd.
599 1534 726 1574 aliique
741 1544 796 1574 ap.
811 1535 917 1574 Crnq.
934 1534 1076 1565 Mediol.
1095 1536 1189 1566 1477.
1205 1536 1301 1565 1482.
1317 1537 1413 1565 1456.
1441 1534 1585 1565 Venett.

127 1581 163 1607 ct
185 1575 322 1607 omnlino
344 1575 424 1607 edd.
441 1580 528 1608 vett.
555 1586 631 1607 cum
658 1576 781 1608 Heius.
806 1576 927 1617 Steph.
955 1576 1075 1607 Lamb.
1102 1577 1209 1616 Cruq.
1232 1577 1389 1608 Tor-rent.
1411 1577 1585 1608 Schrevel.

125 1618 239 1651 Bond.
254 1622 292 1650 et
307 1618 436 1661 Delph.
451 1619 644 1651 laborarunt.
676 1618 770 1651 Octo
786 1618 886 1650 codd.
900 1628 985 1660 quos
1001 1618 1086 1650 vidit
1102 1619 1315 1659 Terrenum,
1333 1618 1586 1660 antiquissimus

787 1698 929 1731 NOTAE

170 1763 212 1794 57
235 1761 347 1795 senon
357 1762 452 1805 (quod
470 1773 572 1796 omnes
587 1762 728 1805 rideant)
743 1764 830 1795 adul-

125 1811 242 1852 terum]
274 1812 420 1845 Juvenis
446 1814 553 1848 instar
579 1814 830 1845 lascivientem.

129 1861 236 1893 Ovid.
250 1862 327 1894 Art.
339 1862 417 1894 Am.
433 1864 443 1881 ⁴
454 1863 573 1905 Turpe
589 1872 696 1895 senex
711 1863 829 1894 miles:

129 1916 232 1952 turpe
249 1912 366 1944 senilis
382 1913 500 1946 amon'

171 1963 214 1993 58
235 1960 408 1994 Suburana.»
433 1962 540 2003 canes]
576 1962 712 1994 Subura
742 1961 832 1994 urbis

130 2011 250 2044 Romae
277 2013 386 2054 regio,
411 2013 469 2045 ubi
494 2013 712 2046 meretricum
734 2018 834 2045 erant

132 2060 315 2094 domicilia.
335 2062 424 2095 Illuc
440 2063 633 2096 ventitabat
647 2069 751 2096 noctu
765 2064 834 2095 Va-

132 2119 203 2151 rus,
214 2120 333 2151 parum
341 2122 469 2145 memor
479 2113 734 2153 Canidiae,hinc
744 2123 835 2144 amo-

133 2168 172 2191 re
191 2159 288 2192 illinc
307 2160 426 2193 dolore
443 2162 662 2202 tabescentis,
678 2163 836 2204 proinde-

134 2218 202 2251 que
232 2209 495 2242 vindicationem
518 2221 558 2244 ac
582 2212 747 2244 vindicias
778 2222 836 2254 pe-

133 2260 240 2292 tentis
256 2269 468 2303 quacumque
484 2262 550 2299 via,
566 2271 639 2301 seu,
654 2271 717 2303 per
732 2261 783 2294 fas
800 2267 837 2295 et

133 2308 239 2342 nefas.

176 2361 220 2391 59
245 2360 353 2391 Nardo
364 2361 560 2403 perunctum]
583 2361 804 2403 Unguentum
816 2371 835 2393 e

135 2409 243 2440 nardo
272 2409 460 2451 pretiosum
482 2411 631 2443 absurde
661 2413 839 2454 explicant

133 2456 208 2490 fere
222 2468 360 2499 omnes3
382 2465 418 2491 et
433 2460 510 2492 bine
526 2461 723 2493 Gratidiam
745 2462 836 2494 Nea-

137 2507 323 2548 politanam
340 2512 596 2551 unguentariam
614 2512 677 2544 sub
701 2513 838 2545 nomine

139 2557 289 2590 canidiae
314 2561 468 2592 vellicari
491 2571 671 2602 perperam
699 2563 836 2593 commi-

139 2605 338 2640 niscuntur:
362 2609 624 2652 absurdiusque,
646 2611 836 2642 delibutum

142 2662 184 2684 60
195 2654 318 2688 Varum
333 2667 444 2690 senem
461 2659 504 2691 ad
518 2660 731 2692 meretricios
749 2669 839 2690 amo-

142 2712 198 2735 res
220 2707 408 2744 captandos
434 2709 540 2742 aiunt.
578 2710 724 2742 Cerutus
752 2711 761 2726 ⁶
777 2718 838 2740 un-

143 2756 269 2793 guento
289 2755 438 2788 venefico
464 2759 507 2789 ad
529 2769 677 2791 amorem
700 2760 837 2791 concili·

145 2801 270 2833 andum
299 2800 430 2836 efficaci
461 2806 588 2842 Varum
617 2817 732 2841 senem
762 2818 839 2849 per-

886 1761 1043 1795 unctum'
1057 1762 1318 1804 interpretatur.
1345 1761 1413 1794 Sed
1430 1761 1510 1793 nillil
1528 1762 1588 1793 mi-

885 1822 946 1844 nus
976 1812 1019 1844 ad
1046 1822 1180 1844 sensum
1212 1812 1350 1843 Horatii
1381 1821 1482 1854 quam
1512 1813 1589 1849 ista,

884 1867 980 1895 certe
996 1862 1236 1903 ἆπροσδιόνυσα.
1267 1862 1358 1895 Quid
1373 1863 1478 1903 ergo?
1503 1863 1587 1893 Nar-

885 1914 958 1944 dum
982 1918 1082 1945 vocat
1097 1913 1242 1946 Canidia
1259 1921 1354 1944 snum
1372 1912 1454 1943 illud
1472 1911 1590 1943 eximi-

886 1973 943 1995 um
958 1963 1191 2004 pharmacum,
1216 1962 1260 1994 de
1286 1971 1353 2004 quo
1378 1966 1470 1998 ante,
1485 1962 1590 2002 magi-

887 2023 977 2051 cum,
993 2023 1123 2045 summa
1137 2022 1220 2045 cura
1236 2011 1442 2054 perfectum,
1464 2017 1500 2044 et
1525 2021 1591 2053 quo

887 2063 1077 2105 perfectius
1101 2064 1231 2095 nullum
1262 2072 1409 2104 unquam
1437 2062 1591 2093 elabora-

889 2113 950 2154 vit,
981 2118 1019 2145 nt
1041 2114 1116 2154 ipsa
1142 2114 1202 2146 ait.
1239 2114 1289 2145 Eo
1320 2123 1401 2144 vero
1432 2113 1592 2154 perungit

888 2163 1069 2204 imaginem
1092 2164 1174 2195 Vari
1200 2172 1335 2195 ceream
1359 2164 1491 2205 magico
1515 2166 1593 2202 ritu,

888 2217 928 2244 ut
951 2223 1014 2254 per
1036 2213 1132 2244 istius
1152 2213 1318 2254 unguenti
1343 2213 1410 2244 vim
1427 2213 1592 2245 reddatur

889 2262 963 2302 ipse
982 2262 1092 2293 Varus
1110 2262 1288 2303 pellicibus
1303 2262 1480 2304 quibusvis
1497 2262 1589 2293 odio-

889 2321 956 2348 sus,
982 2316 1089 2353 utque
1113 2311 1298 2343 Suburanis
1319 2312 1462 2343 canibus
1484 2312 1592 2342 horri-

888 2361 991 2393 bilem
1007 2361 1042 2392 in
1058 2361 1194 2393 modum
1218 2362 1456 2394 allatraniibus
1472 2372 1491 2392 a
1506 2362 1593 2392 Sub-

891 2421 954 2443 ura
989 2411 1219 2448 deterreatur,
1246 2417 1282 2444 et
1309 2412 1352 2443 ad
1382 2420 1418 2442 se
1454 2410 1592 2442 tandem

891 2460 1006 2493 redire
1022 2466 1176 2502 cogatur.
1214 2461 1281 2494 Qui
1308 2460 1474 2492 attentius
1499 2459 1594 2500 leget

893 2510 1030 2551 Virgilii
1060 2510 1374 2541 Pliarmaceutriam
1407 2508 1481 2539 Ecl.
1511 2517 1593 2540 vul.

890 2560 970 2591 iude
992 2561 1105 2590 lumen
1130 2559 1264 2590 hauriet
1287 2567 1354 2589 non
1381 2567 1522 2598 parvum
1549 2558 1592 2589 ad

892 2609 1059 2640 eruendos
1075 2618 1192 2640 sensus
1205 2609 1304 2648 hujus
1318 2607 1411 2639 Odes
1422 2608 1594 2640 tantulum

893 2659 1079 2699 abstrusos,
1091 2662 1127 2689 et
1143 2668 1227 2700 quos
1242 2658 1413 2699 expiscati
1434 2664 1512 2691 sunt
1527 2659 1592 2691 huc

894 2718 1000 2750 usque
1014 2707 1125 2749 pauci.

936 2760 977 2789 61
1003 2758 1069 2789 Cur
1083 2757 1155 2788 dira
1169 2756 1323 2797 barbaroe,
1344 2757 1415 2799 qma]
1439 2758 1524 2790 Haec
1544 2759 1592 2790 lo-

895 2808 1012 2851 quitur
1039 2812 1177 2849 stupens
1208 2807 1371 2840 Canidia:
1400 2809 1488 2844 unde
1513 2818 1594 2843 vero
