1904 3256
620 281 899 312 SERMONUM
935 279 1029 310 nin.
1060 279 1092 310 1.
1120 269 1162 310 2.
1530 265 1616 307 799

170 380 256 422 Ilia
275 384 321 422 et
342 377 519 432 AEgeria
537 380 630 418 est:
662 377 720 418 do
740 389 900 417 nomen
922 374 1149 430 quodlibet
1168 373 1248 415 illi.

172 447 268 488 Nec
290 459 443 489 vereor*
458 457 528 494 ne,
547 443 651 485 dum
671 443 817 494 fatuo,
835 444 902 486 vir
921 456 1020 484 rure
1041 445 1243 492 recurrat,

168 514 199 556 J
203 526 318 555 anua
335 513 573 566 frangatur,
591 511 722 552 latret
740 511 883 560 canis,
903 510 1096 564 undique
1117 499 1277 560 magno

171 581 311 622 Pulsa
329 580 484 621 domus
505 578 685 632 strepitu
700 580 889 627 resonet,
909 575 1137 631 vepallida
1155 575 1275 617 lecto

172 647 362 689 Desiliat
381 645 548 694 mulier,
568 645 772 686 miseram
794 656 843 684 se
863 643 1046 685 conscia
1060 643 1245 693 clamet;

171 713 382 755 Cruribus
402 712 500 754 haec
521 716 700 761 metuat,
722 711 815 752 doti
836 710 1066 764 deprensa,
1087 713 1261 762 egomet
1282 709 1367 761 mi;

1536 641 1619 683 130

170 863 330 896 concessit.
372 862 392 881 ¹·
435 863 456 881 '⁵
499 861 520 879 ³*
561 862 627 893 hoec
641 863 718 894 mihi
731 862 794 893 Ilia
809 865 839 892 et
854 860 986 899 AEgeria
1002 863 1047 891 est
1057 860 1128 891 :illi
1143 860 1245 892 tribuo
1258 862 1465 902 quodcumque
1475 863 1621 902 elogium.

174 907 243 938 Nee
255 909 356 938 metuo
398 905 418 923 ¹·
461 904 481 923 '¹‘
524 904 544 923 *
586 915 625 936 ne
640 905 691 936 vir
704 906 812 936 redeat
825 912 922 940 rure;
937 902 1028 940 sores
1042 902 1279 944 effringantur,-
1301 905 1388 935 canis
1404 905 1496 936 latret
1509 914 1520 941 ,·
1540 906 1622 938 aedes

171 949 432 988 ingentisrogore
453 946 605 979 concussa
626 947 760 988 undique
779 948 978 986 pen-repent:
994 945 1128 983 soemina
1141 946 1260 986 pallens
1282 947 1446 977 descendat
1469 957 1485 978 e
1507 947 1599 978 cubili
1610 958 1624 984 ‚-

171 990 417 1023 ancillacomia
427 991 578 1022 exclamet
597 999 630 1022 se
650 989 900 1028 infortunatam:
921 988 987 1019 haec
1011 987 1121 1019 timeat
1145 989 1304 1025 cmv-ibam
1326 989 1514 1029 deprehensa
1537 990 1624 1028 doti,-

779 1094 858 1108 W
859 1092 977 1106 θθθθθθ
978 1093 1020 1106 N

176 1184 284 1216 Gesn.
299 1183 440 1224 Bipout.
453 1182 596 1214 Wetzel.
612 1181 749 1213 Wakefl
764 1186 800 1214 et
815 1182 1044 1213 eumn—126
1066 1181 1211 1222 Cuning.
1231 1191 1341 1212 nomen
1362 1181 1400 1211 do
1414 1179 1626 1220 quodlibet.—

179 1229 242 1257 129
263 1226 373 1258 Codd.
389 1225 519 1257 variant
533 1235 541 1255 z
566 1225 742 1265 υωραηὶάα,
755 1225 920 1264 vepallida,
933 1234 980 1255 voe
991 1225 1121 1266 pallida,
1135 1224 1192 1255 υεΙι
1203 1223 1334 1264 pallida.
1370 1222 1446 1254 Nic.
1464 1222 1626 1253 Heinsius

179 1268 268 1309 conj.
288 1270 447 1299 monem
468 1270 498 1299 et
519 1267 647 1307 pallida.
693 1266 851 1299 Petrens.
867 1266 1000 1298 Zulich.
1015 1271 1052 1298 et
1076 1266 1172 1297 Harl.
1186 1269 1218 1297 7.
1243 1276 1282 1297 ne
1301 1265 1436 1306 pallida,
1457 1269 1494 1295 ut
1516 1264 1627 1296 edidit

177 1311 399 1342 Reum—131
434 1309 550 1341 Bentl.
576 1308 660 1349 legit
689 1319 731 1339 ex
761 1309 963 1349 conjectura
994 1309 1071 1340 Nic.
1103 1307 1249 1346 Heinsii,
1283 1308 1349 1338 doti
1377 1307 1442 1338 hoec
1466 1307 1627 1347 deprensa.

178 1358 187 1371 ⁴
204 1353 314 1384 Etiam
330 1357 411 1384 aute
425 1353 551 1392 Legem
565 1350 692 1382 Juliam
709 1351 919 1390 deprehensa
935 1351 968 1382 in
984 1350 1153 1382 adulterio
1168 1349 1256 1381 dotis
1269 1353 1368 1390 parte
1384 1347 1628 1389 mulctabatur,

178 1399 218 1426 ut
232 1404 275 1426 ex
293 1394 366 1426 Val.
380 1394 533 1425 Maximo
546 1392 695 1425 Jacobus
712 1392 878 1433 Cruquius
894 1392 1057 1423 ostendit.
1101 1392 1198 1424 Nihil
1221 1400 1306 1431 opus
1335 1394 1411 1421 erat
1432 1390 1629 1422 Bentleium

178 1435 384 1476 reposuisse,
402 1436 473 1467 doti·
490 1436 556 1466 haec
578 1435 739 1474 deprensa,
763 1434 834 1465 sola
859 1433 1037 1464 inductum
1061 1433 1269 1473 conjectura.
1315 1433 1437 1472 Neque
1453 1441 1534 1463 sane
1553 1432 1630 1472 pari

178 1477 288 1520 gradu
313 1477 494 1509 herum—et
516 1476 671 1507 ancillam
695 1475 812 1507 decuit
832 1475 997 1506 nominari
1022 1475 1087 1506 hoc
1111 1474 1212 1506 loco!
1236 1475 1338 1506 Baxt.
1384 1474 1394 1493 ⁶
1413 1474 1459 1505 Et
1480 1474 1630 1514 deprensa

178 1519 316 1563 proprie
331 1528 399 1551 non
415 1518 541 1550 dicitur
566 1517 631 1548 nisi
657 1522 824 1557 matrona,
848 1527 970 1559 nempe
996 1526 1048 1556 ea,
1070 1517 1167 1558 cujus
1189 1521 1225 1548 et
1247 1516 1373 1548 crimen
1390 1521 1425 1547 et
1442 1516 1630 1557 periculum

177 1561 253 1594 est?
277 1561 376 1594 Gen.
419 1563 431 1580 ⁴
447 1561 526 1593 Non
551 1559 686 1592 admitti
702 1560 822 1592 debuit
838 1561 872 1592 in
889 1564 1090 1592 contextum
1113 1561 1186 1591 haec
1210 1569 1252 1590 ex
1277 1559 1322 1591 N.
1342 1558 1477 1590 Heinsii
1493 1559 1628 1600 conjec-

178 1608 257 1646 tura
276 1604 344 1636 doti
357 1604 423 1636 haee
436 1604 608 1645 depretiem
631 1603 688 1643 qui
701 1603 795 1635 locus
821 1603 870 1634 ita
893 1602 1069 1644 legendus,
1085 1606 1122 1633 et
1137 1601 1398 1642 distinguendus
1414 1605 1478 1639 est,
1496 1605 1534 1632 nt
1549 1601 1630 1632 mihi

177 1646 318 1689 quidem,
338 1646 495 1678 videtur:
519 1645 665 1677 miseram
692 1655 725 1676 se
751 1646 874 1677 conscia
898 1647 1029 1681 clamet,-
1060 1644 1214 1675 eruribus
1242 1645 1308 1675 hoec
1333 1646 1463 1680 metuat,
1486 1644 1553 1674 doti
1578 1644 1633 1674 de-

174 1699 300 1730 prenso,
312 1692 434 1730 egomet
448 1689 504 1728 mi,
520 1689 569 1719 Ne
594 1687 712 1718 nummi
730 1691 872 1728 pereant,
890 1692 946 1719 aut
963 1687 1067 1725 sama,
1086 1689 1140 1717 aut
1167 1686 1299 1726 denique
1315 1695 1421 1726 puga.-
1450 1685 1504 1715 vel
1522 1694 1631 1725 pyga;

178 1732 288 1773 ejecto
307 1732 374 1763 isto
397 1730 586 1763 monachali
611 1732 730 1761 versu.'
754 1730 901 1771 Bowyer.
946 1730 1094 1770 Cuning.
1117 1738 1158 1760 ex
1176 1727 1313 1768 ingenio
1335 1737 1398 1759 suo
1421 1726 1544 1767 edidit,
1564 1727 1631 1758 doti

178 1774 232 1807 iola
250 1783 376 1816 mensa.

831 1845 977 1879 NOTAE

222 1925 288 1956 126
310 1923 374 1955 Ilio
385 1926 416 1955 et
429 1922 561 1963 AEgeria
574 1921 636 1963 est]
658 1922 760 1954 Tanti
775 1921 878 1962 facio,

184 1974 303 2016 quenti
317 1974 416 2006 Iliam
440 1973 580 2005 Romuli
598 1977 756 2014 matrem,
773 1977 808 2004 et
822 1972 879 2004 IE-

185 2024 311 2064 getiam
337 2023 531 2065 Nymphsm
557 2032 634 2055 cum
662 2032 730 2064 qua
755 2023 878 2055 Numae

185 2073 404 2105 cousuetudo.

230 2124 294 2155 129
319 2121 480 2162 Vepaatda
499 2122 565 2163 [vel
582 2119 717 2161 pallida]
742 2120 809 2152 Alii
833 2122 880 2153 le-

186 2171 464 2214 gunt,ooe1›a1lidu,
477 2176 516 2202 ut
527 2170 616 2211 apud
630 2170 729 2203 Pers.
740 2180 882 2210 vaegran-

185 2223 408 2266 din-augente
433 2220 717 2262 significationem
735 2221 883 2261 particu-

185 2272 217 2304 la
231 2282 241 2304 ι
266 2271 364 2304 valde
380 2271 511 2312 pallens
525 2275 562 2302 et
577 2280 714 2311 pavens.

227 2324 292 2354 180
321 2321 470 2362 Conscia]
516 2320 686 2352 Adulterii
722 2322 883 2354 concilia-

187 2371 268 2411 trix,
296 2371 351 2404 vel
378 2371 580 2412 simpliciter
608 2371 741 2410 conscia,
769 2371 884 2403 herilis

187 2418 304 2462 fingitii
319 2421 492 2462 particeps
507 2420 647 2452 ancilla:
673 2421 884 2463 proindeque

189 2468 343 2503 metuens
366 2481 408 2503 ne
431 2472 536 2503 iratus
555 2471 655 2503 herus
676 2470 826 2503 furorem
848 2472 882 2503 in

190 2519 295 2561 ipsam
308 2525 432 2560 vertat,
447 2522 587 2564 ejusque
595 2531 693 2554 crura
706 2521 795 2554 fuste
807 2532 882 2554 ver-

193 2567 304 2610 beret,
315 2575 467 2612 truncet,
480 2570 628 2612 frangat.

238 2621 298 2651 lsi
327 2620 408 2652 Doti
435 2622 600 2663 deprensa]
630 2622 727 2654 Uxor
764 2632 784 2653 a
813 2622 885 2653 viro

196 2668 404 2709 deprehensa
416 2671 450 2702 in
473 2671 639 2704 adulterio
660 2676 789 2704 metuat
816 2681 886 2703 suae

197 2716 290 2755 doti;
311 2717 351 2748 id-
360 2723 423 2757 est,
437 2728 480 2750 ne
491 2719 604 2752 dotem
615 2721 762 2753 amittat.
786 2721 886 2753 Hanc

197 2768 286 2799 enim
309 2767 359 2799 illi
384 2769 553 2801 adimebat
576 2771 632 2803 lex
647 2772 752 2812 Julia,
767 2776 803 2804 et
819 2782 887 2804 ma-

199 2818 262 2850 rito
278 2817 518 2858 adjudicabat:
535 2819 730 2853 interficere
743 2832 822 2854 vero
831 2822 889 2854 de·

932 1922 1133 1963 prehensam
1150 1920 1240 1962 patri
1249 1919 1384 1963 quidem
1397 1919 1634 1961 permittebat,

933 1981 999 2003 non
1022 1975 1134 2003 autem
1160 1972 1301 2004 marito:
1326 1971 1381 2002 cui
1406 1974 1519 2002 tamen
1543 1970 1578 2001 id
1596 1971 1634 2001 li-

933 2023 1008 2053 cuit
1021 2025 1101 2054 ante
1112 2022 1240 2055 Juliam
1254 2022 1375 2063 legem.
1412 2020 1551 2061 Ulpian.
1567 2021 1634 2052 Re-

935 2072 1005 2112 gul.
1027 2071 1094 2104 Tit.
1123 2075 1156 2104 6.
1192 2072 1279 2104 Cato
1304 2070 1394 2112 apud
1419 2070 1571 2103 Gellium
1598 2080 1634 2102 x.

935 2123 987 2152 23.
1010 2121 1086 2152 Val.
1109 2122 1204 2153 Max.
1221 2130 1304 2153 vm.
1321 2124 1352 2153 2.
1370 2121 1425 2152 ubi
1440 2120 1573 2161 insigne
1594 2121 1635 2152 C.

936 2172 1037 2204 Marii
1049 2173 1218 2214 judicium
1233 2174 1266 2204 iu
1286 2174 1324 2205 C.
1344 2172 1531 2204 Titinnium
1545 2171 1635 2203 Min-

935 2227 1145 2263 turnensem,
1158 2223 1304 2265 quicum
1316 2222 1480 2254 Fanniam
1495 2231 1634 2252 uxorem

936 2272 970 2303 in
996 2273 1164 2305 adulterio
1193 2273 1439 2314 deprehensam
1462 2271 1636 2312 repudias-

935 2326 999 2362 set,
1013 2332 1052 2355 ac
1068 2322 1150 2355 dote
1167 2323 1312 2365 spoliare
1335 2326 1537 2361 conaretur3
1560 2322 1636 2352 Ma-

936 2372 1006 2403 rius
1022 2372 1184 2404 Fanniam
1200 2373 1424 2414 impudicitiae
1449 2381 1542 2403 ream
1565 2381 1636 2402 ses-

936 2422 1040 2454 tertio
1057 2433 1205 2462 nummo,
1219 2424 1403 2455 Titinnium
1417 2426 1530 2453 autem
1547 2430 1636 2452 snm-

936 2482 991 2504 ma
1014 2474 1118 2505 totius
1141 2474 1232 2506 dotis
1255 2472 1447 2505 damnavit:
1473 2470 1638 2511 praefatus

937 2533 974 2555 se
999 2524 1087 2555 hanc
1094 2523 1276 2564 judicandi
1291 2522 1457 2553 rationem
1472 2524 1639 2560 secutum,

939 2573 1030 2614 quod
1054 2573 1118 2604 sibi
1141 2574 1288 2614 liqueret
1312 2570 1500 2603 Titinnium
1530 2570 1639 2610 impu-

940 2622 1051 2653 dicam
1068 2632 1108 2652 eo
1125 2622 1237 2652 animo
1254 2621 1405 2656 duxisse,
1420 2624 1457 2651 ut
1473 2619 1547 2660 ejus
1565 2619 1639 2651 doti

940 2671 1078 2702 insidias
1093 2675 1252 2702 strueret.

986 2722 1117 2761 Egomet
1149 2722 1207 2762 mi]
1233 2721 1286 2752 Ne
1323 2720 1476 2762 verbera,
1506 2720 1637 2762 plagas,

941 2781 1058 2803 necem
1074 2771 1186 2802 subire
1201 2780 1316 2812 cogar,
1332 2775 1390 2803 aut
1400 2770 1520 2802 saltem
1537 2780 1640 2812 pecu-

942 2823 998 2854 nia
1016 2830 1067 2853 me
1084 2821 1265 2853 redimere.
