1904 3256
660 272 845 304 sponsu
883 272 1049 303 mann.
1493 262 1579 306 683

358 367 478 418 Quin
496 366 580 408 hnc
597 366 764 417 inanes,
783 366 821 407 si
841 370 989 420 potes,
1010 366 1144 408 vertis
1163 367 1319 418 minas,

414 433 472 475 Et
490 446 560 474 me
580 446 873 476 remorsurum
892 435 1010 488 petis
1025 435 1044 474 'l

358 499 492 551 Nam,
512 501 656 554 qualis
672 505 748 542 aut
769 500 1012 552 Molossus,
1033 506 1110 543 aut
1128 500 1276 543 sulvus
1297 501 1465 552 Lacon,
1554 503 1583 542 5

411 566 591 621 (Amica
611 568 680 609 vis
700 569 991 622 pastoribus,)

359 633 503 688 Agam
522 647 602 688 per
620 635 734 677 altas
755 648 860 677 aure
882 636 1056 677 sublata
1075 636 1219 687 nives,

415 700 724 756 Quaecumque
743 702 974 757 praecedet
991 703 1098 765 fera.

359 768 431 810 Tu
451 783 550 811 cum
569 771 762 812 timenda
780 783 891 812 voce
910 769 1149 824 complesti
1167 782 1341 822 nemus,

417 836 673 891 Proiectum
692 838 892 879 odoraris
913 837 1074 879 cibum.

360 902 500 955 Cave,
521 917 652 957 cave;
682 918 875 958 namque
894 905 938 946 in
958 905 1098 946 malos
1119 905 1385 959 asperrimus

417 970 582 1014 Parata
599 972 709 1014 tollo
729 984 918 1024 comua;

1531 838 1586 879 10

132 1100 215 1133 ictuc
227 1111 326 1134 oenus
338 1102 439 1134 minas
451 1103 616 1143 concertis,
628 1104 657 1134 si
671 1103 767 1143 vales,
779 1112 816 1134 ac
837 1102 964 1134 lacessis
980 1112 1028 1134 me
1046 1111 1106 1143 par
1125 1102 1197 1143 pari
1211 1102 1426 1134 redditurum?
1461 1100 1589 1132 Etenim

133 1145 218 1175 velut
242 1145 396 1176 Molossus
413 1146 461 1176 vel
475 1145 727 1177 Lacedaemonius
747 1145 834 1176 canis
855 1146 957 1185 rusus,
980 1155 1048 1186 quoe
1072 1149 1118 1176 est
1139 1145 1272 1183 defensio
1291 1148 1386 1184 gruta
1402 1143 1591 1185 pastoribus,

133 1195 190 1225 per
213 1187 351 1218 excelsas
374 1188 460 1219 nives
484 1188 596 1218 erectis
620 1188 747 1219 auribus
765 1197 933 1228 persequar
953 1197 1173 1228 quamcumque
1188 1187 1293 1225 seram
1306 1187 1497 1227 fugientem.
1543 1185 1591 1216 Tu

135 1237 208 1258 vero
225 1232 389 1269 postquam
401 1229 600 1267 formidabili
615 1231 734 1261 latratu
747 1230 917 1270 implevisti
938 1231 1073 1271 sylvam,
1086 1230 1196 1269 olfacis
1209 1231 1303 1270 dapes
1317 1229 1445 1261 oblatas.
1494 1229 1590 1267 Cave,

135 1279 210 1302 eave
220 1280 233 1308 ,·
254 1280 327 1302 nom
338 1281 394 1312 ego
408 1273 556 1303 adversus
569 1272 723 1313 improbos
747 1272 931 1303 accerrimus
951 1272 1056 1312 dirigo
1075 1273 1186 1304 statim
1207 1283 1320 1304 comica
1330 1282 1343 1310 ‚-
1364 1282 1424 1303 non
1448 1279 1534 1303 secus
1554 1278 1591 1301 oc

740 1374 962 1388 'NOWOOO
966 1375 987 1388 0

135 1449 319 1491 Torrentii‚
331 1449 453 1482 Blaud.
465 1449 714 1482 vetustissimus
729 1450 887 1492 Crnquii,
909 1455 978 1482 tres
1002 1450 1061 1482 alii
1076 1449 1226 1482 Blandd.
1250 1450 1283 1482 in
1306 1453 1424 1481 annot.
1448 1449 1591 1481 Divaens

136 1492 448 1576 ἱξὶῗῖἳῑῗζξῳ
469 1492 734 1567 ἒὲέοιῗέῑῖῗξ
755 1494 1142 1568 ’ἲὶῗῆοέιέἕῗὲᾝῖΐῐ
1165 1492 1271 1567 ²5:3⁰
1284 1493 1495 1567 {2¹:2²1}ss
1511 1493 1594 1566 ἓὶῗὲῑ

136 1581 220 1610 vett.
235 1556 272 1609 et
288 1557 435 1610 recentt'.
457 1577 486 1609 si
500 1580 598 1619 potes,
608 1557 709 1610 vertis
723 1556 843 1618 ruinas:
855 1579 902 1610 Et
915 1589 964 1611 me
979 1588 1008 1611 r.
1021 1578 1115 1620 petis.
1132 1546 1215 1610 ¹''Ita
1231 1546 1315 1619 iqu'it
1331 1545 1592 1611 Nic.‘}{einsi=1s

135 1619 179 1652 ad
204 1619 310 1652 Ovid.
334 1619 453 1652 Amor.
468 1629 509 1652 u.
526 1623 577 1652 19.
592 1623 647 1652 61.
669 1619 729 1652 sed
757 1621 1018 1662 interrogative,
1038 1625 1078 1652 nt
1100 1622 1134 1652 in
1163 1621 1218 1652 ed.
1243 1621 1408 1652 Glarean.
1432 1620 1593 1651 Torrent-

136 1661 250 1695 Bond‘.
263 1662 439 1695 Schrevel.
454 1663 580 1704 Delph.
596 1663 714 1695 Bentl.
730 1662 858 1694 Sanad.
878 1663 1030 1702 Towers,
1046 1663 1202 1703 Francis,
1218 1663 1363 1694 Wetzel.
1387 1661 1528 1693 Wakef.
1557 1666 1595 1693 et

135 1704 242 1738 Kidd.
283 1704 425 1747 Absque
440 1705 710 1746 interrogatione
724 1705 845 1746 legunt
861 1705 1062 1737 Mancinell.
1076 1705 1178 1736 Baxt.
1194 1704 1300 1736 Gesn.
1315 1705 1457 1745 Bipont.
1474 1703 1596 1735 Comb.

135 1752 173 1780 et
191 1747 334 1780 Mitsch.
367 1748 523 1781 Quatuor
539 1747 639 1780 codd.
655 1757 740 1789 qnos
757 1747 844 1779 vidit
869 1747 956 1780 Geo.
986 1746 1123 1779 Fabric.
1148 1747 1298 1778 habent:
1322 1750 1419 1785 verte,
1442 1746 1472 1777 si
1493 1750 1596 1786 poten,

135 1789 248 1822 naim.
291 1792 301 1808 ‘
317 1790 359 1821 Id
375 1799 418 1822 an
433 1791 574 1822 credere
597 1789 744 1821 debeam
765 1789 905 1822 nescio.¹
928 1790 1138 1822 Terrena-⁵
1163 1791 1245 1821 Duo
1261 1788 1362 1821 codd.
1378 1787 1526 1820 Blandd.
1541 1797 1596 1828 ap.

138 1832 338 1874 Cruquium,
351 1832 463 1871 sulvus
477 1833 573 1874 laco,
588 1832 679 1875 qnod
693 1832 752 1864 ille
767 1833 934 1874 reposuit.
970 1831 1069 1864 Harl.
1081 1835 1113 1865 1.
1129 1835 1163 1864 2.
1178 1834 1212 1864 3.
1227 1834 1259 1864 4.
1274 1834 1307 1863 6.
1323 1835 1359 1864 et
1375 1835 1502 1863 ceterae
1515 1829 1595 1862 edd.

790 1951 932 1983 NOTAE

138 2023 174 2056 in
199 2025 353 2066 ignavos,
378 2025 519 2067 ignavus
537 2026 572 2058 in
594 2025 722 2058 fortes:
749 2025 839 2068 quod

140 2079 377 2116 argumentum
391 2076 554 2108 socordiae
569 2081 636 2108 est.

183 2128 204 2158 8
228 2126 315 2163 Quin
336 2126 395 2158 huc
421 2127 542 2167 inanes,
566 2126 637 2168 ἕνα]
670 2126 763 2160 Quin
785 2137 839 2159 me

141 2175 284 2207 lacessis
312 2176 450 2217 meique
477 2177 603 2208 similes
632 2177 759 2209 acriter
789 2187 842 2209 re·

141 2234 314 2257 morsurus
342 2230 378 2258 te
399 2226 626 2267 mordentem,
649 2227 706 2258 vel
728 2227 841 2269 potius

141 2276 356 2308 allatrantem
370 2277 382 2307 ?

183 2329 203 2357 6
226 2325 399 2367 Molossus]
419 2326 521 2358 Canis
551 2326 671 2368 ingens
696 2330 732 2358 et
758 2326 842 2358 vali-

142 2376 218 2417 dus,
245 2376 394 2417 Gallice,
418 2378 529 2417 dogne.
565 2377 620 2409 Ex
643 2377 761 2418 Epiro,
782 2376 842 2409 ubi

143 2428 260 2470 populi
275 2427 373 2461 fuere
388 2429 558 2471 quondam
570 2428 727 2460 Molossi.
749 2429 843 2460 Stra-

145 2479 189 2511 bo
203 2479 264 2512 lib.
279 2487 346 2511 vn.

187 2529 304 2561 Fidens
316 2528 437 2570 Lacon]
456 2529 558 2561 Canis
579 2528 736 2570 agilitate
752 2538 844 2560 com·

147 2578 326 2611 mend-tus
347 2579 447 2611 simul
467 2582 504 2610 et
528 2578 665 2618 robore,
688 2578 780 2610 Gan.
802 2578 844 2608 le-

146 2627 247 2659 vrici-.-
269 2637 289 2660 e
310 2630 458 2662 Laconia
479 2629 711 2671 Peloponnesi
735 2628 847 2668 regio-

151 2685 208 2715 ne,
220 2685 280 2708 seu
289 2687 332 2710 ex
340 2679 426 2710 urbe
437 2679 572 2719 Sparta.
583 2678 708 2718 Virgil.
719 2677 846 2717 Georg-

152 2734 211 2757 ιιι.
237 2727 311 2757 405.
340 2727 350 2743 ‘
366 2728 509 2760 veloces
535 2729 670 2770 Spartae
700 2728 844 2762 catulos,

153 2784 335 2817 acremque
350 2775 559 2810 Molossum?

194 2829 216 2859 6
238 2825 350 2859 Amica
371 2826 418 2857 vis
436 2828 625 2870 pastoribus]
647 2828 702 2861 Ad
725 2837 843 2862 arcen-

894 2026 956 2058 dos
984 2036 1006 2057 a
1033 2034 1137 2067 grege
1163 2025 1277 2066 lupos,
1310 2024 1461 2066 aliasque
1491 2021 1596 2054 feras.

892 2076 1069 2108 Theocrit.
1092 2074 1173 2107 κύων
1187 2073 1413 2116 φιλοποίμνιος,
1433 2074 1521 2104 canis
1534 2073 1600 2103 ovi-

893 2138 947 2160 um
960 2137 1076 2160 amns.

937 2181 958 2209 7
981 2179 1086 2217 Agam
1110 2186 1168 2218 per·
1191 2175 1288 2216 altos]
1317 2173 1509 2216 Expeditus
1533 2181 1598 2213 ego

896 2237 969 2259 snm
984 2228 1026 2259 ad
1041 2226 1259 2259 insectandos
1269 2234 1503 2269 quoscumque
1519 2222 1600 2255 mihi

895 2277 1053 2318 injuriam
1083 2275 1265 2308 facientes.
1319 2275 1439 2316 Pergit
1465 2273 1601 2306 scilicet

895 2331 1012 2359 noster
1028 2327 1062 2358 in
1079 2326 1302 2366 Metaphora.

940 2381 962 2410 9
987 2378 1034 2409 Tu
1060 2387 1131 2409 cum
1158 2376 1307 2416 timenda,
1330 2374 1403 2415 ἐξα]
1439 2373 1490 2404 Tu
1518 2379 1600 2403 vero

897 2437 974 2460 cum
988 2427 1120 2469 ingenti
1135 2428 1264 2459 latratu
1280 2425 1423 2457 maxime
1438 2420 1601 2454 terribilis

897 2477 988 2510 visus
1003 2477 1120 2518 fuisti3
1148 2480 1294 2518 repente
1309 2474 1400 2506 mitis
1425 2477 1461 2503 et
1483 2470 1602 2502 imbel-

897 2528 939 2559 lis
962 2537 1122 2568 appares,
1138 2527 1278 2567 objecto
1303 2523 1415 2565 pretio
1438 2522 1598 2554 sedatus:

899 2576 1182 2617 quemadmodum
1198 2575 1291 2607 canis
1307 2574 1395 2604 iners
1410 2576 1513 2604 antea
1527 2572 1604 2604 hor-

900 2625 1042 2656 rendum
1078 2625 1220 2659 latrans,
1258 2623 1452 2663 projectum
1489 2621 1602 2654 cibum

901 2675 1081 2716 arripiens,
1095 2678 1209 2706 mutus
1225 2672 1340 2704 subito
1355 2671 1406 2704 fit.

944 2727 985 2757 12
1010 2725 1094 2756 Tollo
1115 2723 1245 2764 cornua]
1269 2723 1369 2754 Vires
1396 2731 1512 2761 exero,
1529 2722 1602 2754 ani-

900 2785 974 2808 mos
1001 2779 1038 2807 et
1062 2775 1166 2807 bilem
1193 2772 1358 2816 accendo,
1383 2773 1602 2816 graviterque

897 2826 1056 2859 ulciscor.
