1956 3236
405 312 489 355 860
874 326 916 361 Q.
950 321 1152 352 nonA'rn
1187 319 1358 350 ensem

407 413 569 454 Omnes
588 414 788 454 mortales
808 423 954 451 curare
974 415 1016 450 et
1036 422 1226 463 quaerere
1246 412 1378 463 cogit.

405 479 441 527 ἹῘ
459 479 583 520 Tune
604 479 717 531 Syri,
739 478 907 524 Damae,
927 481 1003 516 aut
1025 476 1209 530 Dionysi
1229 476 1361 525 filius,
1382 477 1515 517 audes

408 545 603 598 Dejicere
623 556 646 582 e
666 554 778 582 saxo
799 542 934 590 cives,
956 545 1029 582 aut
1051 542 1218 581 tradere
1238 541 1434 582 Cadmo?

404 609 466 649 At
486 609 656 649 Novius
674 607 847 659 collega
866 606 995 658 gradu
1016 611 1118 659 post
1136 620 1204 647 me
1226 607 1345 647 sedet
1363 619 1449 647 uno
1466 620 1478 656 ;
1531 612 1534 614 “
1768 609 1824 648 40

406 674 608 724 Namque
627 676 695 711 est
714 672 802 720 ille,
822 678 948 724 pater
967 672 1082 724 quod
1102 675 1193 712 erat
1211 685 1346 713 meus.
1388 672 1423 720 ἹῘ
1442 673 1542 713 Hoc
1563 672 1640 713 tibi
1658 672 1824 714 Paulus

406 738 461 778 Et
483 737 680 778 Messala
700 737 860 778 videris
873 738 892 777 ‘l
951 737 1015 778 At
1033 738 1117 787 hic,
1137 739 1175 778 si
1195 739 1358 791 plostra
1377 739 1563 780 ducenta

407 803 759 855 Concurrantque
780 803 873 844 foro
891 803 974 843 tria
993 803 1157 851 funera,
1178 815 1332 854 magna
1354 804 1528 844 sonabit

406 867 584 908 Cornua
603 868 722 921 quod
745 869 974 921 vincatque
993 870 1147 910 tubas:
1178 869 1326 909 saltem
1346 872 1465 909 tenet
1483 868 1568 909 hoc
1589 881 1686 910 nos.

407 932 441 980 ἹῙ
465 933 596 974 Nunc
617 933 673 974 ad
692 946 761 974 me
782 933 923 982 rede0‚
943 934 1140 975 libertino
1160 940 1279 986 patre
1299 938 1468 985 natum;

407 997 552 1047 Quem
571 999 729 1039 rodunt
748 1012 900 1040 omnes
922 1000 1122 1040 libertino
1142 1003 1264 1052 patre
1284 1007 1453 1050 natum3

1772 935 1827 974 45

404 1111 522 1142 solicite
535 1113 709 1151 percontari
722 1123 780 1153 quo
794 1113 837 1144 sit
851 1114 952 1144 editus
964 1118 1102 1154 parente,
1116 1124 1155 1145 an
1169 1115 1310 1145 obscurus
1322 1118 1418 1145 matre
1431 1114 1570 1153 ignobili.
1600 1115 1686 1145 Num
1699 1113 1831 1152 infilius

406 1153 495 1194 Syri,
513 1154 679 1193 Demetrii,
694 1155 741 1186 vel
755 1155 903 1195 Dionysi,
926 1157 1019 1186 audes
1042 1165 1058 1186 e
1078 1164 1153 1195 rupe
1170 1156 1299 1195 Tarpeia
1317 1156 1512 1195 proscipitare
1532 1156 1622 1191 cives,
1645 1158 1698 1186 aut
1716 1155 1831 1185 Cadmo

406 1195 550 1226 tradere?
590 1195 648 1234 At,
660 1196 789 1236 inquies,
807 1197 926 1227 Novius
938 1198 1052 1235 collega
1072 1207 1132 1228 uno
1153 1200 1223 1238 post
1244 1207 1292 1227 me
1313 1198 1414 1235 gradu
1437 1198 1591 1228 considet.-
1613 1199 1659 1227 est
1673 1195 1753 1227 enim
1766 1195 1832 1235 ipse

407 1237 486 1275 quod
499 1239 567 1267 erat
581 1247 692 1276 parens
704 1248 798 1269 meus.
845 1238 894 1268 Ob
909 1238 943 1268 id
955 1247 1059 1278 nempe
1075 1238 1134 1270 tibi
1146 1239 1260 1269 videris
1273 1247 1336 1269 esse
1347 1238 1467 1269 Paulus
1481 1242 1511 1269 et
1529 1238 1680 1270 Messala?
1719 1237 1832 1269 Verum

407 1278 468 1318 hic,
483 1279 510 1309 si
523 1279 647 1310 ducenti
660 1281 744 1310 carri
758 1283 877 1319 tresque
887 1289 1005 1319 pompae
1020 1280 1166 1317 funebres
1186 1280 1219 1310 in
1235 1278 1309 1317 foro
1323 1279 1413 1310 simul
1437 1281 1613 1319 procedant,
1633 1279 1718 1310 tollet
1731 1287 1832 1309 rocem

407 1319 564 1358 ingentem
579 1331 693 1352 cornua
708 1324 738 1352 et
754 1321 894 1352 buccinas
908 1325 1113 1360 superantem.
1155 1322 1194 1352 Id
1206 1322 1311 1352 saltem
1323 1331 1377 1351 nos
1389 1322 1515 1352 detinet.
1557 1322 1631 1351 Jam
1642 1323 1778 1350 revertor
1792 1319 1833 1349 ad

408 1370 455 1391 me
467 1362 607 1400 parentis
628 1363 765 1394 libertini
775 1363 896 1403 filium,
910 1363 960 1393 cui
974 1363 1157 1403 exprobrant
1180 1363 1318 1393 universi
1338 1362 1488 1401 originem
1501 1372 1518 1393 e
1530 1365 1619 1402 patre
1631 1362 1788 1399 libertino,
1799 1369 1832 1391 eo

408 1546 506 1568 cansa
532 1538 639 1568 metri.
683 1538 857 1568 Bouneins
873 1537 989 1568 tenet!
1005 1538 1189 1569 Rama—37
1205 1539 1299 1569 Unus
1317 1537 1406 1569 Han.
1428 1541 1528 1576 cogat.
1573 1537 1716 1577 Cuning.
1729 1545 1835 1567 curare

408 1579 562 1618 requirere
588 1579 770 1617 cagia—39
795 1580 909 1610 Chamo
937 1579 1043 1610 codex
1073 1579 1225 1619 Cruquii.
1271 1580 1364 1610 Caino
1396 1579 1546 1610 Floreat.
1573 1581 1667 1610 1482.
1704 1579 1833 1608 Callima

411 1619 497 1649 Han.
546 1621 681 1650 Bathmo
707 1621 793 1659 conj.
821 1621 997 1658 Cruquins.
1028 1630 1063 1651 ac
1088 1623 1209 1651 tradere
1237 1621 1350 1650 Cadmo
1375 1620 1473 1651 Harl.
1489 1623 1602 1651 2.-42
1627 1621 1669 1650 Et
1689 1619 1836 1650 Messalla

411 1661 532 1691 Venet.
559 1664 650 1692 1559.
681 1661 796 1692 Lamb.
821 1667 856 1692 et
872 1661 1076 1692 flend—46
1098 1663 1108 1679 ‘
1127 1661 1243 1692 Codex
1272 1671 1356 1692 unus
1382 1666 1597 1702 pervetustus
1623 1661 1781 1692 Libertina
1801 1669 1834 1699 p.

1054 1745 1192 1777 NOTAE

455 1820 496 1848 38
519 1818 607 1858 Syri,
628 1819 748 1855 Damoe,
771 1819 915 1860 Dionysi]
953 1820 1099 1851 Nomina

413 1875 582 1897 servorum
599 1873 676 1898 sunt
689 1869 765 1899 ista.

456 1914 561 1945 Audes
591 1915 732 1952 Deficere
762 1926 778 1947 e
807 1926 881 1947 saxo
908 1917 1002 1954 cives,
1029 1917 1098 1956 &c.]

411 1963 463 1992 Tu
493 1972 613 2002 genere
641 1964 794 1994 libertino
817 1963 973 1994 oriundus
997 1963 1098 1993 andes

414 2011 577 2042 Proetoris
606 2017 665 2043 aut
692 2012 834 2043 Tribuni
859 2012 965 2051 plebis
990 2010 1099 2042 officio

414 2060 522 2101 fungi,
538 2062 694 2101 civesque
707 2061 802 2091 Rom.
816 2060 915 2091 morti
931 2060 1099 2099 addicere,

416 2119 456 2140 ac
471 2109 579 2140 lictori
602 2110 736 2141 tradere
752 2119 770 2140 e
786 2119 869 2150 rupe
884 2109 1026 2149 Tarpeia
1041 2109 1099 2139 de-

411 2158 592 2199 jiciendos.

457 2208 499 2237 39
521 2206 664 2245 Delie-ere
688 2215 704 2236 e
725 2214 800 2237 saxo
818 2204 913 2244 cites]
935 2205 1100 2237 Usitatum

418 2259 492 2286 erat
522 2255 584 2286 hoc
615 2256 727 2286 Romae
757 2255 970 2295 supplicium.
1012 2255 1102 2286 Vide

418 2306 506 2337 Plin.
522 2302 589 2337 vix.
604 2307 657 2336 44.

460 2354 592 2385 Tradere
617 2353 746 2393 Cadmo]
772 2354 906 2384 Lectori
921 2363 979 2385 seu
993 2353 1101 2385 earni-

419 2402 473 2433 fici
489 2408 578 2434 notae
593 2411 633 2433 eo
649 2408 798 2443 tempore
812 2403 1020 2434 crudelitatis
1035 2408 1103 2434 tra-

419 2451 500 2483 dere
515 2452 569 2482 vel
586 2452 750 2482 necandos
760 2453 813 2483 vel
824 2451 1038 2492 torquendos.

462 2503 504 2531 40
525 2501 570 2531 At
589 2500 719 2539 Novius,
733 2500 799 2540 δῖα]
823 2501 1015 2540 Respondet
1027 2502 1103 2532 Tul-

420 2550 481 2580 lius
510 2550 580 2590 ille,
605 2550 767 2589 collegam
788 2558 880 2581 sunm
910 2559 976 2581 uno
999 2550 1105 2589 gradu

420 2599 612 2631 inferiorern
639 2609 676 2630 se
701 2609 772 2630 esse
801 2602 835 2630 et
862 2599 1104 2639 ignobiliorem.

423 2649 555 2688 Nempe
572 2649 700 2680 Novius
715 2653 787 2679 erat
803 2648 963 2687 libertus3
978 2649 1104 2680 Tullius

421 2705 501 2727 vero
516 2698 702 2728 libertinus.
728 2698 776 2728 De
793 2698 903 2729 Nonio
919 2698 976 2729 illo
987 2703 1104 2739 postea

423 2745 485 2775 sub
498 2744 597 2776 finem
609 2747 702 2787 hujus
715 2745 846 2777 Satirae.

465 2796 503 2824 41
530 2794 599 2825 Hoc
607 2796 672 2826 sibi
687 2795 803 2827 Paulus
820 2796 864 2827 Ee
875 2796 1009 2827 Meseala
1019 2796 1102 2827 vide-

1149 1820 1209 1860 ris]
1232 1819 1341 1850 Tullio
1356 1819 1489 1858 reponit
1507 1818 1685 1849 Horatius:
1707 1817 1836 1848 scilicet

1151 1869 1239 1908 qnod
1257 1878 1275 1898 a
1297 1868 1408 1898 servili
1430 1867 1622 1898 conditione
1645 1866 1748 1897 distas
1770 1876 1836 1897 nno

1152 1917 1257 1956 gradu
1274 1917 1346 1956 plus
1361 1925 1460 1956 quam
1479 1915 1616 1954 Novius,
1627 1924 1666 1945 an
1683 1915 1759 1946 ideo
1775 1914 1836 1945 tibi

1152 1966 1273 1996 videris
1287 1974 1360 1996 esse
1375 1965 1512 2004 perinde
1526 1965 1646 1996 nobilis
1657 1974 1696 1995 ac
1710 1965 1837 1995 Paulus

1151 2014 1313 2052 AEmilius,
1336 2019 1370 2044 et
1394 2014 1539 2044 Messala
1562 2013 1724 2044 Corvinus
1748 2013 1838 2053 apud

1153 2062 1320 2092 Romanos
1335 2062 1564 2092 illustrissimi?
1590 2062 1639 2092 De
1654 2062 1710 2092 illo
1725 2070 1750 2093 ι.
1768 2061 1839 2094 Od.

1154 2112 1206 2140 12.
1250 2110 1302 2140 De
1334 2109 1473 2141 Valerio
1510 2111 1657 2142 Messala
1693 2110 1838 2142 Corvino

1153 2157 1268 2189 Aurel.
1284 2159 1417 2198 Victor,
1429 2161 1494 2191 διο.
1776 2182 1778 2184 v

1195 2209 1236 2238 42
1259 2207 1301 2238 At
1318 2208 1379 2246 hie,
1391 2209 1457 2248 ἔξω]
1478 2209 1572 2239 Salsa
1587 2209 1692 2239 ironia
1706 2209 1739 2238 in
1750 2208 1837 2248 ejus-

1153 2256 1242 2287 modi
1258 2256 1406 2287 homines
1430 2266 1532 2288 novos
1549 2257 1727 2288 honoribus
1741 2266 1837 2288 exor-

1154 2310 1260 2337 natos.
1305 2305 1439 2337 Iudicat
1464 2306 1575 2338 Poe'ta
1599 2306 1742 2337 Novium
1765 2306 1838 2348 ‹lig-

1155 2356 1278 2386 niorem
1295 2353 1399 2384 fnisse
1415 2355 1580 2394 praeconis
1589 2363 1727 2386 munere
1737 2365 1837 2397 quam

1155 2400 1326 2435 Senatorio
1348 2402 1537 2442 dignitate3
1561 2403 1685 2444 quippe
1708 2404 1838 2445 ingenti

1156 2462 1238 2484 voce
1256 2452 1432 2493 praeditum
1454 2461 1473 2482 a
1489 2456 1617 2487 natura,
1640 2461 1704 2483 non
1725 2458 1838 2485 antem

1157 2502 1255 2533 claris
1271 2500 1434 2532 natalibus
1450 2506 1508 2532 aut
1522 2501 1712 2533 virtutibus.

1196 2553 1238 2582 44
1262 2550 1383 2580 Cornua
1397 2550 1475 2589 quod
1488 2549 1646 2589 vincatque
1661 2549 1765 2590 lubae]
1797 2551 1839 2582 In

1157 2599 1327 2632 funeribus
1357 2598 1508 2629 adhiberi
1535 2599 1690 2630 solebant
1715 2609 1839 2631 cornua

1156 2650 1324 2689 tubaeqne.
1368 2648 1462 2678 Pers.
1476 2647 1548 2679 Sat.
1565 2656 1621 2679 m.
1638 2650 1710 2680 1⁰3.
1736 2650 1746 2666 ‘
1759 2649 1838 2680 hinc

1156 2698 1249 2735 tuba,
1283 2696 1456 2737 candelae‚’
1491 2698 1554 2727 διο.
1571 2715 1575 2718 »
1594 2697 1752 2738 Propert.
1787 2705 1836 2728 ur.

1155 2749 1206 2778 12.
1227 2749 1259 2778 9.
1283 2750 1292 2764 ¹
1309 2746 1364 2778 Sic
1394 2750 1520 2776 moestae
1547 2746 1700 2778 cecinere
1724 2745 1838 2781 tnbae,¹

1142 2797 1220 2827 «dcc.
