1904 3256
331 321 415 363 604
803 339 844 375 Q.
877 338 1077 368 HoRA‘rn
1113 337 1285 368 FLAcm

559 428 756 468 Dicenda
772 427 918 468 Musis
938 429 1112 480 praelia3
1142 439 1227 468 non
1250 428 1374 469 ferox

555 492 733 540 Hector,
759 492 829 531 vel
849 504 945 532 acer
964 492 1240 545 Deiphobus,
1262 505 1411 545 graves

611 556 797 608 Excepit
816 556 932 596 ictus
953 569 1031 609 pro
1051 557 1224 609 pudicis

663 620 930 674 Conjugibus
948 622 1172 675 puerisque
1191 620 1368 675 primus.

552 684 713 725 Vixere
733 686 864 727 fortes
885 690 983 727 ante
997 685 1320 738 Agamemnona

556 749 688 790 Multi
705 763 715 801 3
745 751 821 790 sed
841 764 989 791 omnes
1009 751 1340 804 illacrymabiles

610 813 821 866 Urgentur
840 817 1060 868 ignotique
1080 817 1210 868 longa

666 879 822 929 Nocte,
848 885 994 921 carent
1013 882 1116 933 quia
1135 885 1233 922 vate
1254 893 1391 922 sacro.

1686 685 1744 729 25

332 995 492 1046 Sthenelus
503 1007 625 1038 pugnas
637 1001 764 1039 confecit
778 1012 797 1033 a
811 1002 913 1034 Musis
926 1003 994 1034 cani
1007 1003 1129 1041 dignas.
1178 1004 1246 1035 Non
1260 1005 1375 1044 primus
1390 1004 1507 1035 Hector
1519 1013 1588 1034 acer
1601 1006 1654 1033 aue
1667 1005 1746 1033 stre·

331 1046 410 1068 nnus
424 1039 598 1088 Deiphobus
611 1042 751 1080 ingentes
762 1044 870 1082 plagas
882 1045 955 1074 tulit
967 1054 1023 1083 pro
1037 1046 1131 1075 castis
1144 1046 1288 1076 uxoribus
1302 1056 1337 1075 uc
1346 1046 1439 1085 filiis.
1487 1047 1567 1075 Ante
1582 1045 1745 1082 Agamem-

331 1087 438 1124 nfmem
446 1089 586 1128 generosa
592 1082 682 1119 suere
695 1085 872 1123 complures.
920 1085 1030 1116 Verum
1043 1086 1144 1116 cuncti
1158 1087 1295 1126 indefleti
1308 1091 1336 1117 el
1350 1086 1467 1116 obscuri
1477 1088 1656 1125 premuntur
1669 1083 1745 1114 obli-

331 1128 418 1150 vione
430 1125 626 1162 sempzterna,
638 1125 778 1163 quoniam
791 1129 930 1157 sunctum
945 1126 1072 1157 Po'e'tum
1090 1136 1149 1157 non
1162 1127 1301 1158 habuere.
1349 1128 1455 1158 Virtus
1468 1127 1625 1164 incognita
1639 1134 1745 1166 purum

914 1216 931 1227 e

1091 1217 1149 1228 000

331 1283 453 1313 Venet.
479 1286 571 1314 1492.
615 1283 811 1314 Sthenelusve
837 1280 943 1311 ceteri
971 1288 1097 1310 omnes.
1139 1279 1217 1311 Vid.
1243 1279 1284 1310 ad
1312 1289 1358 1310 vs.
1380 1282 1517 1310 rte-24
1541 1279 1632 1319 Lips.
1657 1281 1687 1310 3.
1710 1283 1747 1310 et:

330 1323 522 1356 Helmstad.
542 1325 699 1365 puerisque
718 1322 921 1364 primic—2⁷
940 1321 1081 1352 Landin.
1098 1322 1372 1361 ingentique.-29
1387 1324 1395 1339 ⁸
1410 1321 1522 1353 Bentl.
1536 1321 1622 1361 conj.
1635 1320 1749 1352 inertia

975 1414 1112 1445 NOTAE

330 1477 459 1508 sciens'
489 1477 612 1509 dicitur
632 1487 656 1508 1.
685 1476 751 1508 od.
773 1479 823 1507 15.
864 1474 951 1506 Vide
967 1475 1011 1505 ibi

331 1527 414 1557 Not.

371 1577 412 1606 22
436 1575 569 1615 Hector]
594 1575 695 1606 Hunc
709 1574 930 1614 Trojanorum
946 1572 1011 1604 for-

330 1623 493 1654 tissimum
529 1623 696 1654 Homerus
731 1621 838 1652 Marti
873 1626 909 1652 et
943 1621 1011 1660 igni

329 1676 450 1703 cuncta
469 1672 655 1702 devastans:
667 1672 808 1702 similem
824 1670 917 1700 dicit.
961 1670 1012 1700 De

329 1720 451 1759 eojam
468 1727 524 1750 ιιι.
541 1718 610 1750 od.
630 1721 661 1749 3.
677 1721 729 1750 28.
747 1717 852 1748 frater
865 1718 936 1757 ejus
950 1716 1016 1748 fuit

329 1767 524 1806 Deiphobus
549 1770 626 1806 post
645 1767 736 1798 illum
753 1766 878 1797 virtute
895 1766 1015 1805 praeci-

330 1826 426 1858 puus.
461 1817 517 1847 De
546 1816 608 1855 bis,
642 1816 751 1856 deque
782 1819 856 1846 tota
892 1814 1016 1845 excidii

328 1863 466 1903 Trojsni
491 1864 579 1894 serie
601 1862 847 1902 multiplicique
863 1862 1016 1901 historia,

329 1914 462 1944 consule
487 1914 611 1953 Dictyn
636 1913 834 1943 Cretensem
854 1915 889 1943 et
909 1912 1017 1942 Dare·

329 1968 396 1995 tem
415 1964 609 2004 Phrygium.
651 1963 718 1994 Hic
748 1962 864 2003 refert,
890 1963 900 1980 ‘
919 1963 1016 1993 Pria-

328 2020 417 2043 mum
459 2022 572 2053 regem
613 2012 831 2052 Trojanorum
865 2011 1013 2052 (patrem

330 2061 503 2100 Hectoris,
517 2061 697 2102 Deiphobi,
705 2060 849 2100 Paridis,
859 2060 1013 2091 aliorum·

329 2120 393 2152 que
418 2112 574 2151 plurium,
589 2120 631 2141 ex
648 2111 719 2142 Cic.
735 2111 834 2141 Tusc.
849 2108 893 2151 r.)
919 2110 1013 2141 vultu

329 2160 479 2200 pulchro,
495 2169 663 2200 magnum,
679 2168 761 2190 voce
777 2158 882 2197 suavi,
896 2158 1013 2199 aquili-

330 2217 372 2238 no
385 2217 538 2248 corpore.
567 2208 750 2239 Hectorem
768 2206 920 2245 blaesum,
936 2215 1013 2237 can-

329 2255 456 2295 didum,
472 2257 630 2296 crispum,
647 2255 852 2294 strabonem,
869 2254 1012 2294 pernici-

328 2304 390 2335 bus
411 2304 581 2342 membris,
603 2305 696 2335 vultu
723 2304 916 2343 venerabili,
938 2303 1014 2335 bar-

328 2353 454 2393 batum,
471 2354 659 2392 decentem,
680 2353 884 2391 bellicosum,
905 2352 1013 2383 animo

328 2411 496 2442 magnum,
513 2402 637 2434 civibus
656 2402 866 2440 clementem,
879 2401 1012 2441 dignum

329 2456 364 2481 et
393 2451 492 2482 amori
520 2454 646 2491 aptum.
691 2449 901 2490 Deiphobum
924 2449 1013 2479 simi-

328 2500 392 2530 lem
409 2499 511 2539 patri,
526 2498 716 2530 dissimilem
730 2504 864 2537 natura,
877 2497 1012 2529 fortem.

331 2549 572 2590 Alexandrum,
604 2550 674 2581 sive
706 2549 875 2588 Paridem,
902 2549 1014 2580 caudi-

329 2598 420 2636 dum,
432 2599 578 2639 longum,
593 2598 728 2639 fortem,
741 2599 845 2631 oculis
862 2597 1014 2638 pulcher-

330 2645 437 2683 rimis,
458 2647 581 2686 capillo
605 2648 693 2678 molli
710 2653 745 2679 et
767 2647 865 2683 flavo.
885 2656 943 2678 ore
958 2655 1013 2677 ve·

330 2698 439 2734 nusto,
455 2704 537 2725 voce
552 2697 658 2737 suavi,
679 2697 839 2736 velocem,
857 2695 1012 2737 cupidum

331 2741 483 2783 imperii.’

373 2793 493 2824 Graves
521 2793 651 2833 Excepit
676 2794 765 2834 ictus,
789 2795 859 2835 &cd
883 2793 1012 2826 Hector

1065 1475 1152 1506 enim
1170 1475 1250 1506 diris
1267 1475 1371 1515 plagis
1391 1475 1526 1506 tandem
1551 1474 1592 1505 ab
1614 1473 1746 1508 Achille

1063 1523 1237 1555 confectus
1262 1525 1355 1555 circa
1376 1533 1487 1554 muros
1509 1523 1618 1563 'l'rojae
1638 1523 1689 1554 ter
1704 1522 1746 1554 ab

1065 1582 1104 1604 eo
1130 1577 1282 1612 raptatus
1313 1577 1375 1604 est.
1420 1572 1558 1603 Homer.
1587 1571 1684 1603 Iliad.
1707 1576 1747 1604 Ψ.

1064 1621 1182 1660 Virgil.
1196 1621 1324 1651 AEneid.
1339 1630 1364 1652 1.

1108 1670 1300 1710 Deiphobus]
1335 1670 1466 1701 Helena
1493 1672 1569 1710 post
1605 1672 1746 1700 mortem

1064 1719 1196 1749 Paridis
1213 1719 1246 1750 in
1259 1727 1396 1750 uxorem
1412 1723 1567 1757 assumta,
1581 1718 1655 1758 ejus
1669 1717 1746 1749 dolo

1065 1767 1198 1798 Graecis
1228 1767 1379 1807 proditus
1408 1771 1472 1805 est,
1501 1771 1602 1807 atque
1630 1766 1672 1798 ab
1696 1766 1747 1797 bis

1066 1816 1247 1846 crudeliter
1275 1819 1427 1854 necatus,
1453 1815 1614 1846 truncatis
1645 1814 1747 1845 mani-

1065 1864 1140 1903 bus,
1156 1864 1307 1904 pedibus,
1321 1864 1469 1900 naribus,
1483 1863 1629 1903 cruribus,
1643 1863 1748 1895 oculis

1065 1913 1199 1948 evulsis.
1214 1915 1277 1944 διο.
1299 1913 1419 1952 Virgil.
1431 1912 1560 1943 AEneid.
1575 1921 1624 1944 vr.
1638 1914 1712 1944 495.

1106 1965 1146 1993 25
1174 1961 1286 1993 Vixere
1305 1961 1408 1998 sortes
1422 1964 1500 1992 rante
1521 1961 1749 1999 Agamemnone

1066 2010 1180 2050 Multi]
1193 2011 1240 2041 Ut
1252 2009 1342 2049 apud
1349 2009 1510 2049 Trojanos
1523 2013 1646 2048 praeter
1655 2007 1748 2039 Hec-

1066 2063 1185 2094 torem,
1201 2057 1425 2098 Deiphobum,
1443 2057 1591 2097 aliosque
1606 2057 1747 2097 aliquot,

1065 2108 1114 2138 sic
1144 2106 1246 2138 etiam
1276 2106 1365 2146 apud
1392 2105 1533 2136 Graeoos
1561 2108 1688 2145 praetor
1711 2108 1748 2135 et

1065 2160 1144 2186 ante
1164 2154 1447 2195 Agamemnonem
1461 2158 1498 2185 et
1516 2153 1674 2194 quosdam
1690 2152 1748 2184 nli-

1064 2215 1114 2245 οε,
1130 2205 1224 2235 multi
1249 2203 1429 2235 fortissime
1452 2202 1662 2236 dimicarunt,
1676 2201 1746 2232 lau-

1066 2256 1174 2295 deque
1200 2253 1322 2284 bellica
1355 2253 1607 2283 inclaruerunt:
1631 2259 1745 2282 omnes

1067 2310 1176 2335 tamen
1209 2302 1254 2334 illi
1284 2302 1488 2341 ignorantur,
1515 2307 1652 2340 otiorum
1679 2307 1746 2330 non

1066 2351 1252 2383 celebravit.
1263 2350 1401 2380 virtutes
1411 2348 1654 2388 Homerus,nut
1663 2347 1746 2379 nlius

1066 2406 1171 2432 vates.

1106 2446 1331 2487 Agamemnon]
1355 2444 1530 2477 Exercitus
1549 2444 1745 2477 Groecorum

1067 2497 1230 2535 Princeps
1246 2500 1281 2525 et
1296 2493 1506 2533 compitum,
1517 2501 1536 2523 a
1546 2493 1676 2524 Darete
1691 2502 1746 2524 su-

1066 2555 1128 2586 pra
1155 2544 1211 2575 cit.
1234 2541 1446 2580 describitur,
1468 2541 1566 2573 ‘albo
1594 2550 1748 2582 corpore,

1065 2601 1217 2632 magnus,
1237 2588 1394 2621 membris
1418 2588 1615 2629 valentibus,
1637 2588 1748 2621 facun-

1066 2641 1140 2676 dus,
1157 2639 1315 2680 prudens,
1330 2637 1472 2669 nobilis.’

1107 2692 1149 2722 28
1176 2689 1252 2720 Vate
1265 2686 1365 2726 sacro]
1399 2686 1465 2717 Seu
1481 2686 1566 2726 quod
1582 2686 1745 2719 instinctu

1066 2740 1177 2770 divino
1196 2735 1328 2768 afflatur
1348 2734 1470 2775 Poeta,
1491 2738 1500 2752 ⁸
1514 2735 1624 2768 sacer'
1648 2745 1744 2768 voca-

1066 2794 1141 2820 tur:
1166 2795 1225 2818 seu
1253 2784 1332 2826 quia
1359 2784 1528 2815 Musarum
1559 2790 1680 2826 mysia,
1709 2789 1744 2816 et
