1904 3256
356 270 438 310 606
821 283 863 319 Q.
895 281 1099 311 HORA'rn
1134 273 1304 309 FuAcc'r

577 371 846 412 Obliviones.
906 371 988 410 Est
1005 371 1170 410 animus
1192 369 1272 408 tibi
1307 416 1310 418 q

633 436 878 488 Rerumque
899 435 1102 487 prudens,
1121 439 1164 474 et
1184 435 1387 475 secundis

685 500 974 552 Temporibus
995 499 1223 552 dubiisque
1243 506 1382 541 rectus
1399 514 1409 550 ;

575 565 753 606 Vindex
773 577 915 605 avarae
933 564 1115 614 fraudis,
1135 572 1177 606 et
1197 567 1419 606 abstinens

575 630 785 670 Ducentis
806 630 862 670 ad
883 642 931 670 se
953 635 1109 670 cuncta
1126 631 1349 683 pecuniae3

634 695 883 748 Consulque
901 708 987 735 non
1008 696 1136 736 unius
1156 697 1271 745 anni,

684 760 770 801 Sed
792 760 959 812 quoties
978 762 1116 800 bonus
1134 764 1262 813 atque
1282 759 1393 800 fidus

572 826 602 866 J
607 826 720 866 udex
741 826 965 867 honestum
985 826 1175 878 praetulit
1195 827 1304 875 utili,
1324 831 1367 866 et

1712 436 1768 476 35

1711 760 1767 800 40

353 953 410 983 tibi
424 956 468 983 est
480 962 581 984 rerum
595 954 703 991 sciens,
715 963 801 993 oequa
816 954 848 984 in
859 954 1013 993 prosperis
1027 958 1057 985 et
1070 954 1228 989 adversim
1249 953 1389 984 avaritiae
1404 953 1482 983 dolis
1497 952 1623 983 inimica
1638 956 1668 983 et
1681 962 1764 992 sper-

353 1003 425 1024 nens
437 994 592 1033 pecuniam
605 996 644 1024 ad
657 1004 689 1024 se
702 996 802 1025 omnia
817 996 1005 1026 trahentem:
1028 1005 1087 1025 non
1108 995 1197 1026 unius
1217 995 1290 1026 anni
1307 995 1431 1031 Consul,
1452 995 1505 1024 sed
1528 994 1766 1033 quotiescumque

345 1034 444 1071 judex
456 1035 597 1067 innocens
611 1039 640 1066 et
654 1036 763 1076 fidelis
776 1037 933 1067 honestum
947 1037 1019 1067 utili
1032 1037 1214 1076 anteposuit,
1237 1039 1326 1075 atque
1339 1035 1447 1073 fronte
1460 1037 1576 1066 excelsa
1593 1034 1766 1074 repudiavit

943 1127 1177 1140 “ww‘'

353 1199 520 1230 oblivione
545 1200 674 1230 deleri.'
696 1201 870 1230 Jani.-—4o
893 1200 954 1231 Sed
979 1202 1116 1240 quotiens
1138 1201 1335 1230 Bentl.—-4l
1359 1200 1444 1230 Post
1467 1199 1540 1229 utili
1560 1200 1713 1239 copulam
1736 1203 1766 1230 et

353 1241 513 1270 omittunt
528 1241 620 1270 Harl.
632 1243 662 1270 1.
673 1243 705 1270 2.
719 1243 749 1271 3.
759 1243 790 1270 4.
802 1245 832 1270 5.
846 1244 877 1270 6.
893 1250 1006 1271 omnes
1018 1241 1197 1275 Torrentii,
1209 1241 1368 1274 Bentleii,
1382 1239 1629 1279 Cruquii,Jani‚
1642 1243 1677 1270 et
1689 1239 1769 1270 elio-

352 1289 446 1318 rum;
468 1281 548 1311 item
565 1281 641 1312 edd.
657 1281 782 1322 antiqq.
797 1290 922 1322 omnes,
939 1290 1013 1312 cum
1029 1282 1130 1312 Baxt.
1146 1281 1237 1317 Jani,
1250 1281 1387 1320 Bipont.
1401 1286 1438 1311 et
1448 1279 1562 1311 Comb.
1573 1283 1603 1310 et
1618 1279 1768 1313 inserunt

353 1320 431 1351 Ald.
454 1324 548 1353 1501.
570 1322 685 1353 Lamb.
701 1323 799 1362 Cruq.
824 1323 912 1353 Mur.
934 1322 1073 1353 Aseens.
1099 1322 1196 1353 Febr.
1220 1322 1339 1352 Heius.
1362 1323 1519 1360 Rutgers.
1545 1321 1660 1360 Steph.
1685 1321 1766 1352 Fab.

352 1363 477 1392 Dacer.
492 1363 607 1393 Bur-m.
625 1363 736 1393 Bentl.
751 1363 877 1402 Delph.
892 1363 1063 1394 Schrevel.
1079 1363 1213 1394 Mitsch.
1237 1363 1379 1393 Wetzel.
1402 1360 1537 1392 Wakef.
1563 1361 1713 1398 Francis,
1730 1367 1766 1392 et

353 1403 455 1433 Kidd.
499 1403 582 1433 Mox
599 1412 645 1433 vs.
660 1406 713 1434 43.
728 1407 805 1442 post
819 1405 905 1434 uultu
919 1413 1032 1434 omnes
1056 1403 1154 1434 codd.
1181 1408 1216 1434 et
1242 1403 1318 1433 edd.
1344 1407 1426 1433 vett.
1449 1403 1608 1433 omittunt
1633 1406 1686 1437 εκ
1707 1402 1766 1433 sed

352 1443 384 1473 id
408 1443 566 1474 exhibent
589 1445 686 1474 Baxt.
709 1444 830 1474 Sannd.
854 1444 1006 1482 Towers,
1027 1444 1199 1476 Schrevei.
1223 1444 1341 1482 Delph.
1365 1444 1480 1476 Jones.
1504 1443 1641 1474 Mitsch.
1665 1443 1766 1474 Gesn.

353 1484 457 1514 Zeun.
475 1485 623 1524 Francis,
639 1485 779 1515 Wetzel.
796 1484 926 1516 Wakef.
943 1490 978 1516 et
993 1485 1097 1516 Kidd.
1131 1485 1141 1502 ‘
1161 1484 1393 1524 Repetendum
1407 1483 1468 1515 ἀπὸ
1490 1484 1548 1514 τοῦ
1572 1485 1672 1515 κοινοῦ
1693 1494 1766 1523 quo-

352 1525 408 1555 ties
422 1529 498 1556 ante
522 1526 642 1564 Rejecit
669 1536 715 1556 vs.
737 1529 789 1556 42.
806 1531 841 1557 et
867 1531 945 1557 ante
965 1536 1020 1565 per
1045 1536 1092 1557 vs.
1112 1529 1166 1557 ⁴13.
1193 1536 1265 1566 quae
1282 1526 1380 1565 plane
1399 1525 1585 1556 Horatiana
1601 1526 1686 1556 ratio
1701 1530 1765 1556 est.

353 1566 432 1598 Vid.
450 1575 506 1598 ιιι.
523 1569 575 1598 18.
589 1570 621 1599 7.
644 1576 699 1598 ιιι.
712 1570 764 1598 24.
779 1569 832 1598 40.
854 1577 948 1608 seqq.
961 1577 1013 1599 iv.
1027 1570 1058 1599 8.
1070 1570 1123 1598 20.
1139 1577 1227 1608 seqq.
1273 1566 1325 1598 cf.
1341 1567 1480 1606 Cuuing.
1492 1565 1666 1598 Animadv.
1681 1575 1719 1598 ιι.
1733 1576 1766 1607 p·

991 1651 1130 1682 NOTAE

353 1721 426 1761 quis
437 1725 469 1752 te
481 1721 734 1761 percontabitur
745 1731 866 1760 aevum,
880 1723 939 1753 Me
954 1732 1033 1763 qua-

354 1775 406 1800 ter
421 1770 569 1801 undenos
589 1771 672 1801 sciet
688 1771 878 1810 implevisse
892 1771 1034 1802 Decem·

351 1818 439 1857 bres,
467 1818 636 1858 Collegam
659 1819 823 1859 Lepidum
848 1829 912 1859 quo
937 1821 1034 1851 duxit

351 1866 477 1897 Lollius
502 1866 611 1898 anno!
654 1866 706 1897 Ad
734 1867 820 1897 hunc
843 1867 928 1898 binae
958 1873 1034 1899 sunt

351 1914 488 1945 Horatii
503 1914 676 1954 Epistolae,
695 1917 727 1945 ’2.
750 1919 786 1945 et
809 1917 859 1945 18.
883 1914 939 1946 lib.
955 1925 979 1945 1.
999 1916 1032 1946 in

352 1972 488 2003 quarum
506 1963 616 2003 priore
636 1963 646 1980 ‘
665 1962 869 1994 Maximum'
885 1972 960 1994 eum
977 1973 1031 2004 ap-

353 2012 467 2051 pellat.

392 2063 433 2091 34
456 2060 515 2091 Est
536 2060 656 2091 animus
677 2059 736 2090 tibi
754 2060 868 2091 Rerum
886 2061 1032 2100 prudens]

353 2108 574 2149 Philosophiae
600 2108 731 2148 notitia,
754 2109 806 2139 vel
824 2118 883 2140 usu
899 2114 934 2140 et
956 2119 1031 2150 pru·

352 2156 468 2187 dentia
491 2157 689 2196 instructus,
714 2166 829 2197 sagax,
850 2158 969 2197 judicii
998 2163 1033 2190 et

351 2205 479 2236 consilii
507 2206 570 2236 vim
593 2205 729 2236 habens.
773 2206 848 2236 Non
870 2216 950 2245 ergo
972 2207 1032 2238 mi-

351 2264 423 2285 rum
439 2255 466 2285 si
484 2254 654 2295 Augustus
676 2255 755 2287 Caio
770 2256 895 2287 Caesari
915 2255 984 2287 filio
1000 2257 1032 2287 in

352 2302 545 2333 Armeniam
587 2302 809 2342 proficiscenti
848 2304 1032 2336 moderato-

352 2360 421 2382 rem
437 2351 674 2391 custodemque
690 2352 832 2382 Lollium
846 2353 950 2384 dedit.

394 2405 433 2434 ³⁵
467 2401 616 2434 Secundis
652 2401 846 2441 Temporibus
877 2402 1033 2441 dubiisque

350 2450 467 2490 rectus]
489 2451 628 2491 AEquam
643 2459 754 2481 servas
764 2454 907 2481 mentem
921 2449 1031 2480 arduis

352 2501 385 2530 in
403 2499 515 2538 rebus,
536 2507 601 2529 non
618 2507 712 2529 secus
735 2506 773 2528 ac
788 2498 820 2528 in
835 2497 928 2529 bonis
947 2501 1030 2528 tem-

353 2553 514 2588 peratam.
529 2555 569 2578 ιι.
586 2546 653 2578 Od.
670 2548 700 2578 3.

395 2599 434 2626 37
462 2597 582 2628 Vindex
605 2604 706 2626 atarae
720 2595 859 2635 fraudis,
884 2597 914 2625 et
936 2594 1031 2625 absti-

351 2643 438 2683 nens]
454 2645 538 2675 Laus
553 2645 624 2676 haec
639 2643 770 2675 minime
782 2643 887 2674 Lollio
899 2643 1030 2682 idonea,

354 2701 450 2733 quem
475 2693 623 2732 pecuniae
650 2702 746 2734 quam
770 2697 862 2723 recte
884 2690 1029 2722 faciendi

353 2742 386 2772 in
415 2741 524 2772 omnia
549 2741 754 2781 cupidiorem
780 2744 922 2772 testatur
950 2740 1027 2771 Vel·

1085 1724 1168 1754 leius
1183 1723 1394 1754 Paterculns.
1439 1723 1529 1762 Ergo
1545 1722 1596 1752 vel
1620 1725 1698 1752 tuuc
1721 1720 1767 1751 la-

1086 1772 1178 1803 tebat
1194 1772 1314 1811 adhuc,
1330 1781 1404 1803 cum
1424 1771 1587 1802 scriberet
1607 1769 1680 1800 haec
1698 1769 1767 1800 Ho-

1085 1821 1204 1859 ratius,
1220 1821 1316 1852 Lollii
1332 1820 1483 1859 avaritin‚
1496 1829 1570 1860 quae
1587 1823 1704 1859 postea
1718 1818 1766 1848 iu-

1086 1870 1195 1900 notuit
1209 1881 1217 1900 :
1243 1870 1297 1900 vel
1309 1870 1373 1901 huc
1388 1868 1467 1900 facit
1481 1867 1766 1909 Symmachianum

1085 1917 1180 1956 illud,
1203 1917 1290 1957 quod
1315 1917 1416 1948 habet
1442 1917 1556 1948 Sidon.
1580 1915 1765 1956 Apollinsr.

1085 1965 1193 2004 Epist.
1210 1974 1289 1996 vni.
1305 1967 1356 1996 10.
1374 1966 1384 1982 ‘
1402 1965 1449 1995 Ut
1473 1973 1552 1995 vera
1574 1964 1644 1994 laus
1659 1967 1767 2002 ornat,

1083 2013 1130 2043 ita
1155 2011 1238 2043 falsa
1261 2012 1429 2052 castigat!
1465 2013 1605 2043 Constat
1626 2010 1765 2042 subinde
1824 2010 1827 2013 ’

1083 2062 1249 2092 Caesarem
1272 2062 1377 2092 Lollio
1398 2060 1568 2099 offensum,
1593 2069 1650 2090 seu
1677 2059 1765 2099 quod

1085 2111 1236 2141 Orientis
1267 2109 1452 2150 provincias
1484 2109 1677 2148 expilasset,
1706 2117 1764 2138 seu

1085 2160 1149 2190 alia
1162 2159 1204 2189 de
1219 2168 1327 2190 causa.
1369 2158 1520 2189 Velleius
1541 2157 1597 2188 lib.
1613 2165 1653 2188 11.
1684 2157 1765 2188 Sue-

1086 2212 1154 2239 ton.
1169 2206 1279 2237 Tiber.
1296 2216 1370 2246 cap.
1389 2210 1437 2238 13.
1459 2207 1547 2237 Plin.
1559 2208 1670 2236 1135.
1686 2206 1750 2235 &e.

1127 2258 1168 2286 39
1192 2256 1362 2294 Consulque
1386 2265 1445 2285 non
1463 2255 1552 2285 unius
1571 2253 1659 2293 anni]
1689 2253 1764 2284 Rei-

1085 2303 1226 2343 publicae
1241 2303 1435 2334 consuluisti
1446 2302 1578 2343 quidem
1590 2310 1675 2333 anno
1689 2311 1766 2342 uno,

1083 2356 1120 2383 ut
1135 2351 1190 2383 alii
1205 2351 1388 2382 Consules:
1414 2355 1448 2381 at
1464 2351 1536 2391 ipse
1552 2349 1613 2381 tibi
1629 2358 1762 2390 semper

1082 2399 1274 2438 dominaris,
1299 2398 1565 2439 cupiditatesque
1585 2397 1706 2428 fraenas
1728 2403 1764 2429 et

1083 2448 1228 2487 coerces,
1244 2449 1341 2478 immo
1363 2447 1485 2487 passim
1506 2446 1548 2477 de
1570 2446 1632 2477 illis
1649 2446 1763 2478 trium-

1082 2498 1163 2537 phas
1179 2505 1318 2527 exerens
1335 2505 1426 2526 arma
1442 2500 1498 2526 tua
1513 2495 1633 2536 ubique
1651 2496 1764 2527 victri-

1083 2545 1146 2584 cia,
1164 2544 1294 2575 scilicet
1319 2544 1567 2583 abstinentiam,
1584 2545 1762 2585 justitiam,

1082 2596 1145 2625 διε.
1160 2594 1286 2634 optima
1299 2598 1392 2625 certe
1406 2593 1572 2631 allegoria,
1589 2602 1648 2633 per
1663 2602 1761 2633 qnam

1081 2642 1171 2672 Stoae
1204 2642 1359 2682 dogmata
1393 2643 1579 2674 luculenter
1609 2641 1763 2674 venditat

1081 2691 1250 2722 Horatius.
