1904 3256
350 285 434 326 682
813 301 856 336 Q.
886 297 1092 329 HonA'ru
1126 297 1295 326 s‘nAccl

936 458 1064 499 ODE
1106 458 1189 499 VI.

779 565 828 595 ΙΝ
862 565 1076 595 CASSJUM
1109 565 1356 596 SEVERUM·

352 641 383 673 A
396 642 548 674 Cornelio
557 639 675 672 Tacito
684 641 850 672 memoriae
860 639 1025 680 proditum
1037 645 1101 678 est,
1115 640 1199 682 (An.
1210 651 1259 674 rv.
1270 642 1342 683 21.)
1358 641 1507 674 Cassium
1515 641 1687 680 Severum,
1695 643 1766 683 ejus

391 694 548 734 temporis
565 691 900 732 Oratorem,libidiue
916 693 1056 733 quadam
1073 694 1160 726 viros
1175 698 1275 736 atque
1290 695 1436 725 illustres
1451 693 1601 724 foeminas
1613 695 1765 734 procaci-

392 745 452 776 bus
469 744 603 783 scriptis
628 742 829 782 defamasse,
853 753 958 785 eaque
974 753 1009 775 re
1026 744 1199 776 inductum
1217 745 1403 786 Augustum
1419 745 1641 786 cognitionem
1657 745 1699 776 de
1715 745 1765 776 fa-

394 797 495 827 mosis
510 795 630 826 libellis
647 796 855 827 tractavisse.
899 795 1000 827 Hunc
1016 796 1118 836 igitur
1133 797 1294 829 Horatius
1308 797 1433 829 Iambis
1448 797 1594 836 lacessit,
1609 806 1650 828 ac
1665 797 1768 828 veluti

393 856 507 878 canem
522 847 555 877 in
571 857 606 877 se
622 847 755 878 irritare
777 851 925 878 conatur·
960 847 1063 888 (Mihi
1077 858 1142 880 non
1155 849 1194 880 fit
1209 850 1392 890 probabile,
1402 849 1544 880 eundem
1559 858 1633 880 esse
1649 849 1768 884 virum,

394 908 492 939 quem
523 902 559 929 ut
586 898 783 929 maledicum
807 903 844 930 et
865 899 1021 930 acerbum
1045 899 1224 932 Oratorem
1247 901 1442 933 describunt
1463 902 1606 940 Seneca,
1620 901 1769 939 Tacitus,

393 950 535 988 Fabius;
557 950 619 980 nisi
648 950 775 980 Noster
801 951 1069 982 contumeliosius
1099 962 1196 992 quam
1221 954 1333 984 verius
1359 953 1401 984 de
1430 953 1487 984 illo
1515 952 1636 993 posuit,
1663 961 1712 983 vs.
1737 954 1771 984 9.

394 1005 430 1031 et
451 1004 502 1032 lo.
544 1001 579 1032 Si
600 1001 687 1032 enim
709 1000 835 1032 adulari
854 1002 1018 1042 potuisset
1032 1003 1100 1043 ille,
1117 1005 1148 1034 in
1163 1003 1323 1045 Seriphiis
1339 1004 1428 1036 saxis
1447 1013 1514 1035 non
1529 1003 1774 1036 consenuisset.

398 1051 509 1093 Gesn.)

574 1104 708 1155 QUID
730 1105 999 1146 immerentes
1018 1105 1216 1158 hospites
1235 1119 1389 1157 vexas,
1410 1107 1546 1156 canis,

632 1170 823 1222 Ignavus
842 1171 1073 1211 adversum
1090 1170 1221 1223 lupos
1233 1172 1252 1210 ‘l

392 1268 496 1306 Quare
509 1274 650 1303 exiemus
662 1272 741 1303 nihil
753 1272 827 1303 muli
838 1273 963 1304 meritos
976 1272 1131 1314 exagitas,
1144 1282 1161 1302 o
1175 1273 1259 1304 cunis
1271 1273 1355 1304 iners
1367 1276 1472 1304 contra
1484 1273 1589 1313 lupos?
1633 1272 1699 1303 Cur
1711 1281 1771 1304 non

946 1354 986 1366 0⁴·
986 1353 1180 1366 OOOOOOOOO

393 1403 469 1435 Ode
483 1404 612 1435 decima
625 1405 728 1436 tertia
744 1405 833 1436 Libri
854 1405 962 1446 quinti
988 1406 1021 1437 in
1045 1406 1133 1438 Edd.
1157 1407 1353 1438 Sanam—3.
1373 1409 1394 1437 4
1417 1406 1511 1437 Harl.
1529 1408 1559 1438 1.
1585 1414 1644 1437 sex
1668 1406 1766 1438 codd.

989 1487 1131 1519 NOTAE

390 1548 539 1579 Mettum
554 1548 642 1579 idem
659 1548 745 1589 quod
762 1544 914 1589 Epami.

393 1602 410 1630 1
436 1599 519 1634 Quid
541 1599 744 1639 immerentes,
768 1599 836 1638 sse-J
858 1599 935 1630 Hac
959 1599 1036 1631 Ode

351 1647 468 1678 volunt
481 1647 590 1677 notari
606 1647 756 1678 Cassium
777 1649 949 1687 Severum,
965 1657 1036 1678 ora-

351 1700 459 1726 torem
479 1695 793 1735 petulantissimum,
815 1696 1037 1727 accusationi-

350 1744 412 1775 bus
435 1744 467 1774 in
488 1744 612 1774 Senatu
629 1753 817 1784 quanquam
835 1745 930 1775 exitu
952 1754 1037 1776 sem—

351 1802 411 1832 per
425 1792 565 1828 infelici‚
581 1797 617 1823 et
628 1792 802 1823 conatibus
816 1793 920 1829 vanis,
935 1792 1036 1824 famo-

352 1851 436 1881 sum,
449 1842 531 1872 item
546 1841 681 1881 scriptis
693 1841 864 1872 maledicis
879 1842 911 1872 in
924 1851 1037 1882 quem·

350 1889 438 1920 libet
449 1889 547 1920 etiam
558 1893 763 1927 magnatum.
786 1890 930 1921 Nonium
944 1898 1036 1922 certe

352 1937 589 1978 Asprenatem,
611 1936 765 1976 Augusto
781 1938 861 1969 licet
886 1943 895 1957 ⁸
912 1939 1035 1970 arctius

346 1985 525 2026 junctnm‚’
551 1985 706 2016 veneficii
730 1995 822 2017 reum
848 1995 949 2027 agere
970 1996 1034 2018 non

351 2034 529 2065 dubitavit.
585 2034 704 2065 'restes
743 2040 821 2066 sunt
854 2035 1034 2067 Suetonius

350 2083 474 2115 Octav.
489 2092 564 2123 cap.
585 2085 638 2114 56.
663 2084 750 2115 Plin.
766 2092 878 2115 xxxv.
893 2087 944 2115 12.
987 2084 1033 2121 Is,

351 2132 394 2164 ob
409 2132 539 2163 libellos
552 2130 691 2162 famosos
707 2132 740 2162 in
757 2133 874 2172 vulgus
889 2141 1035 2173 sparsos,

351 2181 395 2212 ad
417 2181 556 2212 insulam
576 2181 708 2212 Cretam
736 2181 890 2221 primum,
912 2181 1033 2213 deinde

351 2230 386 2261 in
412 2230 588 2270 Seriphum
617 2234 669 2261 est
698 2230 905 2271 deportatus.
950 2231 1032 2271 Ejus

352 2280 503 2311 meminit
518 2279 666 2320 pluribus
687 2280 770 2311 locis
785 2280 933 2320 Tacitus,
951 2280 1031 2312 item

352 2328 585 2362 Quintilianus.
629 2329 691 2359 Ille
712 2329 759 2360 sic
781 2329 882 2360 habet
902 2329 935 2360 in
953 2329 1034 2360 Dia-

352 2377 427 2415 logo
441 2376 484 2407 de
499 2376 718 2408 Oratoribus:
743 2378 752 2394 ‘
770 2377 921 2408 Cassium
933 2378 1035 2408 Seve-

354 2436 428 2457 rum
443 2425 607 2456 affirmant
622 2426 760 2466 primum
771 2425 904 2457 flexisse
919 2426 962 2458 ab
977 2427 1036 2458 illa

353 2481 470 2508 vetere
485 2475 619 2507 dicendi
635 2476 687 2508 via
702 2476 844 2516 directa,
859 2486 925 2508 non
946 2477 1036 2508 intir-

353 2526 471 2557 mitate
483 2525 620 2565 ingenii,
630 2533 691 2556 nec
700 2525 834 2556 inscitia
844 2525 1014 2557 literarum
1025 2537 1035 2566 ;

353 2574 412 2605 sed
422 2575 553 2614 jndicio
567 2579 603 2605 et
618 2574 801 2605 intellectu.
837 2574 931 2605 Vidit
943 2583 1034 2605 nam-

353 2631 416 2662 que
431 2632 506 2653 cum
521 2622 716 2654 conditione
732 2626 917 2663 temporum
933 2631 971 2654 ac
987 2622 1034 2652 di-

352 2671 514 2701 versitate
535 2671 661 2702 aurium
677 2670 816 2702 formam
839 2675 940 2712 atque
961 2681 1036 2712 spe-

355 2719 438 2750 ciem
461 2720 619 2752 orationis
642 2730 714 2752 esse
736 2721 952 2760 mutandam,'
972 2723 1035 2752 dcc.

354 2772 390 2800 et
405 2771 540 2809 postea:
565 2774 574 2788 ‘
588 2770 750 2810 Equidem
767 2779 833 2802 non
846 2770 1036 2811 negaverim

1087 1551 1237 1582 Cassium
1264 1551 1423 1582 Severum
1452 1554 1617 1582 oratorem
1643 1551 1771 1589 vocari,

1088 1609 1274 1640 quanquam
1299 1600 1333 1630 in
1355 1607 1475 1639 magna
1495 1604 1590 1640 parte
1610 1599 1771 1631 librorum

1090 1657 1222 1678 suornm
1245 1649 1318 1688 plus
1341 1648 1390 1678 vis
1416 1648 1552 1686 habeat,
1575 1657 1674 1688 quam
1697 1657 1772 1679 san-

1090 1695 1210 1736 guinis.
1254 1697 1388 1727 Primus
1410 1696 1498 1728 enim
1526 1701 1697 1728 contemto
1719 1706 1773 1728 or-

1090 1744 1169 1775 dine
1186 1753 1309 1781 rerum,
1326 1745 1447 1777 omissa
1467 1745 1631 1777 modestia
1652 1749 1688 1776 et
1709 1755 1771 1786 pu-

1089 1792 1171 1824 dore
1199 1794 1387 1834 verborum,
1415 1794 1496 1834 ipsis
1523 1793 1624 1826 etiam
1651 1794 1770 1835 quibus

1087 1842 1194 1872 utitur
1214 1842 1314 1872 armis
1339 1842 1589 1883 incompositus,
1602 1846 1639 1874 et
1658 1843 1770 1874 studio

1086 1889 1232 1922 feriendi
1242 1892 1437 1933 plerumque
1445 1892 1682 1934 dejectus,non
1691 1903 1771 1934 pug-

1087 1942 1157 1974 nat,
1173 1938 1231 1968 sed
1245 1939 1386 1970 rixatur.
1429 1940 1586 1972 Ceterum
1605 1941 1770 1973 varietate

1086 1986 1282 2018 eruditionis
1305 1992 1341 2019 et
1361 1988 1477 2028 lepore
1499 1989 1711 2029 urbanitatis,
1734 1994 1770 2022 et

1086 2034 1229 2074 ipsarum
1245 2035 1363 2067 virium
1385 2036 1504 2068 robore
1527 2038 1666 2069 multum
1679 2041 1770 2070 cete-

1087 2091 1141 2113 ros
1167 2083 1325 2123 superat.'
1361 2084 1442 2116 Fab.
1458 2089 1569 2116 autem
1592 2086 1770 2119 Quintilia-

1085 2141 1145 2163 nus
1157 2141 1193 2164 Χ.
1210 2135 1239 2164 1.
1254 2134 1264 2150 ⁴
1280 2133 1438 2171 Cassius,'
1453 2134 1575 2176 inquit,
1590 2136 1599 2152 ‘
1615 2136 1769 2176 Severus,

1086 2182 1114 2213 si
1135 2191 1209 2214 curn
1226 2183 1356 2223 judicio
1379 2185 1524 2224 legatur,
1545 2185 1652 2216 multa
1673 2185 1770 2217 dabit

1085 2231 1269 2262 imitatione
1297 2232 1409 2271 digna.
1464 2233 1562 2266 Quod
1590 2233 1618 2263 si
1647 2234 1768 2266 ceteris

1085 2279 1264 2311 virtutibus
1279 2281 1423 2312 colorem
1434 2285 1470 2313 et
1482 2281 1680 2322 gravitatem
1696 2292 1769 2314 ora-

1086 2329 1184 2360 tionis
1195 2329 1388 2369 adjecisset,
1401 2331 1573 2370 ponendus
1585 2331 1673 2362 inter
1685 2341 1768 2372 prm-

1085 2378 1200 2418 cipuos
1215 2377 1316 2410 foret.
1357 2379 1445 2410 Nam
1467 2383 1503 2411 et
1523 2379 1651 2420 ingenii
1666 2381 1768 2421 pluri-

1087 2435 1176 2457 mum
1191 2431 1243 2458 est
1263 2427 1296 2458 in
1319 2435 1371 2465 eo,
1393 2431 1428 2458 et
1442 2427 1606 2459 acerbitas
1620 2429 1717 2465 mira,
1732 2434 1768 2461 et

1087 2475 1266 2515 urbanitas,
1291 2480 1326 2506 et
1354 2475 1402 2506 vis
1429 2485 1576 2507 summa:
1611 2477 1670 2509 sed
1694 2479 1767 2518 plus

1086 2524 1255 2555 stomacho
1271 2533 1367 2564 quam
1389 2525 1528 2556 consilio
1543 2525 1659 2557 dedit:
1683 2536 1768 2566 prae-

1087 2576 1180 2602 terea
1200 2577 1237 2603 ut
1259 2571 1361 2603 amari
1387 2573 1485 2612 sales,
1506 2573 1552 2604 ita
1573 2571 1784 2614 frequenter'

1088 2621 1273 2652 amaritudo
1301 2621 1373 2660 ipsa
1400 2621 1541 2652 ridicula
1569 2622 1644 2654 est)
1686 2623 1768 2664 Ejus

1087 2670 1214 2710 scripta
1241 2679 1283 2700 ex
1319 2670 1615 2702 Senatusconsulto
1643 2671 1768 2705 abolita

1088 2725 1177 2759 sunt,
1192 2723 1279 2750 teste
1294 2719 1463 2750 Suetonio.

1131 2767 1237 2809 canis,
1251 2768 1385 2807 Ignavae
1395 2769 1553 2800 adversum
1566 2768 1664 2810 lupos]
1678 2768 1767 2802 Acer
