1904 3256
318 305 402 344 614
793 318 835 354 Q.
868 313 1070 346 noRA'ru
1104 312 1275 343 FnAcm

543 407 564 461 (
569 407 610 448 N
614 421 668 448 on
689 407 799 447 enim
820 407 1008 459 posthac
1035 405 1122 446 alia
1141 405 1294 446 calebo

544 470 784 524 Foemina,)
803 471 1008 512 condisce
1029 470 1197 520 modos,
1218 470 1405 511 amanda

543 537 665 579 Voce
686 550 798 591 quos
817 536 998 578 reddas:
1029 537 1271 577 minuentur
1292 540 1396 577 atrae
1684 536 1740 577 35

877 602 1078 644 Carmine
1100 615 1229 643 curae.

322 701 416 728 teram
431 697 584 727 mulierem
599 706 656 727 non
672 696 804 735 amabo)
818 697 900 728 disce
914 706 1051 729 numeros
1063 707 1136 738 quos
1149 697 1234 728 suavi
1249 696 1412 728 moduleris
1423 704 1501 726 voce.
1547 694 1651 725 Caniu
1665 694 1741 725 mui-

320 739 466 770 cebumur
480 738 680 777 (egritudines
694 741 885 778 importunoe.

913 809 950 821 00
954 810 971 821 e
975 809 1147 821 ‘06000000

323 864 362 892 35
387 863 480 894 Unus
497 863 708 899 Bersmanni,
722 856 757 894 e't
774 862 898 893 Acron.
913 871 966 901 ap.
984 862 1099 893 Bentl-
1124 871 1199 892 curn
1218 861 1292 892 edd.
1310 861 1397 891 Mur.
1416 859 1534 890 Heius.
1550 858 1692 898 Cuning.
1707 862 1744 888 et

324 903 410 934 Sivr.
432 906 624 935 minuuntur.
668 907 677 922 ‘
697 905 753 935 Sic
781 908 869 934 esset
897 913 1026 943 gnome.
1069 904 1134 934 Sed
1160 904 1270 944 aptius
1295 903 1484 938 minuentur,
1508 905 1545 932 ut
1571 899 1612 931 ad
1639 901 1741 931 solam

324 945 470 985 Phyllida
485 946 648 977 sementia
666 945 856 986 pertineat.’
877 945 965 976 Jam'.

968 1017 1106 1050 NOTAE

322 1079 441 1118 cedet;
458 1081 732 1121 quemadmodum
748 1081 848 1112 cessit
864 1081 1009 1122 pessime
1062 1081 1245 1112 cantilenas
1274 1089 1355 1120 quas
1378 1079 1410 1110 in
1433 1077 1585 1109 convivio
1609 1075 1744 1110 amabili

323 1129 528 1159 Phaethonti
556 1139 594 1160 ac
616 1130 870 1170 Bellerophonti
892 1130 1010 1161 altiora
1063 1139 1143 1160 voce
1166 1129 1326 1160 decantes
1354 1129 1394 1158 ad
1414 1127 1482 1158 diei
1498 1126 1744 1167 jucunditatem

323 1186 360 1207 se
375 1178 612 1217 quaerentibus.
1062 1182 1099 1209 et
1121 1178 1346 1208 hilaritatem:
1373 1177 1440 1214 vel,
1461 1185 1480 1205 e
1508 1175 1638 1215 Lyn-icis
1663 1175 1745 1205 meis

365 1228 404 1255 31
417 1226 559 1256 Mem-um
571 1226 659 1257 Finis
667 1225 817 1264 amorum]
831 1225 902 1265 Age
909 1225 1010 1265 Phyl·
1062 1227 1260 1258 carminibus
1275 1227 1367 1257 disce
1383 1225 1522 1265 aliquid,
1535 1234 1600 1265 quo
1615 1225 1648 1255 in
1659 1233 1747 1255 amo-

321 1274 359 1314 li,
373 1283 472 1316 quam
495 1279 690 1306 constanter
711 1284 820 1306 amare
841 1275 1010 1314 constitui,
1063 1284 1131 1307 rem
1157 1285 1265 1306 meum
1291 1274 1460 1313 alliciaris,
1482 1272 1632 1304 canendo
1658 1272 1748 1313 apud

324 1325 463 1365 Telephi
479 1324 582 1356 oblita
598 1324 712 1356 confer
732 1329 765 1356 te
781 1325 822 1355 ad
838 1334 904 1355 me.
926 1325 1010 1355 Pro·
1062 1334 1115 1355 me
1131 1324 1219 1355 inter
1233 1325 1359 1364 epulas.

325 1379 413 1414 pert.
429 1383 452 1405 1.
469 1377 519 1404 12.
542 1375 552 1391 ‘
570 1375 628 1404 Me
645 1383 754 1414 neque
773 1383 885 1405 amare
901 1374 1010 1412 aliam,
1104 1375 1143 1403 35
1171 1373 1353 1403 Minuentur
1379 1375 1458 1403 atrae
1486 1372 1620 1402 carmine
1649 1371 1746 1410 curce]

323 1431 433 1462 neque
449 1422 490 1452 ab
506 1423 567 1452 hac
583 1423 747 1453 desistere
761 1421 811 1453 fas
827 1428 890 1453 est.
919 1422 1009 1462 Cyn·
1063 1421 1160 1452 Meos
1172 1421 1272 1451 etiam
1287 1419 1488 1451 modulando
1501 1428 1628 1457 versus,
1641 1419 1748 1459 pelles

324 1471 395 1501 thia
409 1470 514 1510 prima
526 1469 602 1509 fuit,
619 1471 763 1511 Cynthia
777 1470 852 1501 finis
867 1470 953 1502 erit.'
1063 1469 1295 1510 aegritudinem
1307 1469 1396 1499 illam
1406 1477 1571 1509 curaeque
1583 1468 1656 1499 illas
1666 1476 1748 1509 quaa

367 1522 408 1550 34
433 1519 580 1551 Condi-sce
602 1522 712 1561 modos,
738 1521 807 1561 ξω]
836 1520 898 1551 Vel
921 1520 1010 1551 disce
1062 1519 1199 1560 Telephi
1216 1519 1278 1550 tibi
1293 1528 1385 1550 amor
1401 1517 1538 1550 invexit.

903 1659 1030 1701 ODE
1059 1658 1177 1700 XII.

855 1759 921 1787 An
958 1756 1238 1787 vmcthM.

327 1833 609 1873 ostendit,quam
626 1832 766 1863 amabile
783 1833 824 1863 sit
841 1833 1027 1872 adultijam
1042 1832 1126 1863 veris
1139 1837 1268 1872 tempus
1285 1835 1319 1863 et
1331 1839 1430 1872 quam
1446 1833 1561 1870 aptum
1575 1825 1752 1863 conviviis;

369 1891 405 1917 et
421 1885 568 1916 suaviter
584 1884 714 1915 deridet
730 1885 922 1924 Virgilium,
938 1894 1035 1925 quem
1051 1884 1264 1916 intellexerat
1280 1893 1413 1924 operam
1430 1881 1563 1913 dedisse
1585 1883 1751 1910 mercatu-

369 1947 427 1977 rae,
443 1937 595 1977 adeoque
616 1936 741 1968 factum
756 1937 877 1968 lucello
893 1936 1124 1968 attentiorem:
1151 1936 1220 1966 vult
1235 1935 1322 1966 enim
1336 1934 1440 1965 videri
1463 1933 1550 1964 velle
1567 1941 1602 1963 se
1618 1940 1693 1962 cum
1709 1939 1751 1960 eo

371 1989 657 2030 pacisci,eumque
673 1989 714 2020 ad
730 1999 767 2021 se
783 1989 844 2021 sub
859 1990 922 2020 hac
937 1990 1009 2028 lege
1027 1989 1183 2028 invitare,
1195 1987 1343 2027 uti,durn
1361 1987 1433 2027 ipse
1449 1986 1482 2016 in
1497 1994 1590 2016 nsum
1608 1982 1752 2015 convivii

370 2051 390 2073 e
405 2042 544 2082 Sulpicii
561 2041 682 2073 Galbae
704 2042 830 2072 horreis
853 2047 1063 2072 mercaturus
1086 2045 1139 2072 est
1155 2041 1278 2076 vinum,
1294 2043 1501 2079 unguentum
1523 2037 1567 2068 de
1585 2046 1645 2068 suo
1665 2045 1752 2077 prae·

369 2093 449 2125 bere
465 2093 557 2125 velit.
578 2093 675 2133 (Vid.
689 2093 731 2124 ad
747 2103 797 2124 vs.
812 2097 863 2125 15.
880 2096 934 2125 21.
949 2097 1001 2125 25.
1018 2092 1128 2132 Germ.)

554 2167 583 2207 J
588 2178 655 2208 AM
679 2168 796 2208 veris
818 2168 1013 2216 comites,
1035 2179 1132 2220 quae
1154 2178 1271 2206 mare
1292 2166 1541 2217 temperant,

374 2259 466 2290 Nunc
479 2268 564 2290 aurae
579 2259 716 2290 Thracia:
737 2268 862 2290 vernum
882 2263 998 2299 tempus
1017 2258 1198 2290 comitantes
1215 2260 1249 2291 et
1273 2265 1355 2287 mare
1377 2253 1752 2295 tranquillum'reddemes

927 2340 1158 2354 euemosme

372 2395 449 2427 Ode
465 2394 640 2426 undecima
655 2395 746 2427 Libri
761 2396 871 2436 quarti
886 2395 918 2426 in
933 2395 994 2426 Ed.
1010 2394 1133 2426 Sanad.
1164 2392 1378 2433 Epigraphen
1393 2391 1479 2421 hanc
1494 2389 1596 2420 habet
1611 2387 1753 2420 Ascem.

330 2437 383 2468 Aa
399 2437 566 2476 Virgilium
578 2438 614 2467 de
628 2446 698 2468 vere
711 2441 741 2468 et
756 2437 912 2473 convivio‚·
937 2437 1078 2467 Locher.
1094 2435 1146 2466 Ad
1167 2435 1336 2473 Virgilium
1355 2434 1392 2464 de
1413 2441 1502 2468 τεν-ω
1525 2431 1646 2461 Venet.
1660 2432 1753 2461 1492.

332 2478 384 2509 Ad
404 2478 571 2517 Vergilium
585 2480 623 2509 de
637 2488 706 2509 vere
716 2489 728 2515 ;
765 2479 906 2510 Mentel.
922 2479 976 2508 Ad
1000 2477 1170 2516 Virgilium
1191 2474 1427 2515 unguentarium
1434 2484 1446 2510 ;
1484 2478 1551 2503 tres
1563 2470 1662 2503 codd.
1674 2471 1753 2500 'l'or-

333 2524 422 2551 rent.
444 2520 495 2550 Ad
523 2519 690 2558 Virgilium
709 2521 956 2559 unguentarium,
975 2520 1058 2550 veris
1078 2518 1240 2558 descriptio
1262 2516 1464 2556 paroenetice5
1487 2513 1655 2545 nonnullae
1677 2511 1754 2542 edd.

332 2567 416 2591 vett.
432 2563 484 2592 Ad
503 2561 670 2600 Virgilium
682 2562 927 2601 Negotiatorem‚
945 2571 970 2592 s.
988 2561 1254 2602 Myropolum.-·l
1270 2561 1279 2575 ‘
1300 2559 1402 2596 Veris,
1413 2556 1592 2596 majusculo
1609 2554 1654 2586 V:
1677 2563 1752 2601 num

334 2607 388 2633 est
411 2603 517 2643 Hora,
543 2613 568 2634 s.
594 2604 683 2642 Dea,
707 2603 805 2644 cujus
829 2604 968 2635 comites
993 2602 1175 2642 Ornithiae,
1200 2601 1263 2642 ipsi
1291 2608 1422 2641 quoque
1447 2596 1604 2629 numina!
1624 2596 1756 2626 Junci·—

977 2679 1118 2712 NOTIE

376 2740 525 2771 Metrum
542 2746 594 2772 est
609 2743 695 2774 idem
709 2745 797 2784 quod
813 2754 837 2776 ι.
852 2744 919 2777 Od.
933 2747 964 2775 6.
1070 2744 1142 2774 nius
1158 2751 1250 2773 more
1271 2749 1343 2779 suo,
1366 2740 1398 2770 in
1413 2738 1475 2768 hac
1495 2735 1640 2776 eleganti
1663 2734 1753 2773 Ode,

378 2791 394 2820 1
418 2790 494 2820 Jam
515 2791 606 2831 veris,
627 2793 694 2833 &sc-J
716 2793 862 2834 Egregie
877 2793 1017 2825 Parthe-
1069 2797 1166 2824 notat
1190 2790 1292 2822 verba
1313 2788 1509 2826 lectissima,
1531 2790 1568 2817 et
1588 2784 1754 2825 dictiones
