1904 3256
0 456 2 461 ’
0 366 11 433 fluv-1⁴

701 320 889 353 EPoDnN
923 320 1090 351 mssa.
1529 309 1617 352 657

394 418 443 460 Si
462 428 573 471 quos
595 414 705 457 Eois
726 417 926 457 intonata
945 414 1157 456 fluetibus

450 484 625 537 Hyems
643 483 699 524 ad
718 483 803 525 hoe
822 488 964 526 vertat
977 495 1119 524 mare:

339 589 343 592 .
395 551 440 594 N
445 563 502 593 on
521 549 633 592 Afra
651 550 747 593 avis
769 551 1008 594 descendat
1025 551 1070 592 in
1090 552 1286 592 ventrem
1306 562 1465 599 meum,

452 616 558 659 Non
578 621 758 671 attagen
780 618 964 660 Ionicus
1291 620 1293 622 ’

394 685 659 736 Jucundior‚
682 698 816 739 quam
837 686 953 728 lecta
970 685 1026 727 de
1048 685 1350 739 pinguissimis
1563 686 1620 726 55

452 752 589 795 Oliva
607 753 743 795 ramis
764 754 983 804 arborum,

394 819 488 862 Aut
499 820 645 862 'herba
664 821 837 876 lapathi
854 824 983 876 prata
1002 820 1210 871 amantis,
1223 822 1268 862 et
1285 820 1408 874 gravi

454 886 624 930 Malvae
646 887 846 930 salubres
867 888 1054 942 co'rpori,

169 1002 322 1042 rhombos,
337 1004 386 1035 vel
399 1012 513 1044 scaros,
525 1003 555 1035 si
571 1004 693 1045 aliquos
707 1013 749 1035 ex
766 1004 927 1036 Orientali
949 1003 1030 1035 mari
1053 1004 1087 1035 in
1109 1005 1165 1035 hoc
1182 1003 1330 1036 Italicum
1352 1004 1515 1045 pron-udat
1540 1012 1622 1034 soeva

170 1048 351 1086 tempestas.-
375 1056 430 1078 nec
450 1047 586 1078 volucris
599 1046 757 1085 Africana
779 1047 886 1078 veniat
904 1047 940 1077 in
961 1056 1062 1078 meum
1087 1049 1237 1086 ventrem,
1259 1048 1308 1078 cel
1327 1050 1477 1087 artagena
1491 1045 1625 1084 Asiana,

168 1088 307 1128 aanor,
321 1099 412 1129 quom
426 1089 508 1120 oliva
521 1089 665 1130 decerpta
679 1099 695 1120 e
709 1089 805 1120 ramis
819 1089 963 1120 orborum
974 1089 1194 1129 pinguissimis
1202 1100 1214 1126 ;
1234 1090 1282 1121 vel
1295 1089 1380 1128 solia
1393 1089 1522 1120 rumicis
1531 1091 1627 1128 prata

172 1130 319 1172 mantis,
332 1134 363 1162 et
378 1132 488 1162 malva
501 1132 654 1163 salutares
666 1141 752 1172 ‹egr-o
766 1132 900 1172 corpori,
915 1135 970 1163 aut
985 1142 1069 1172 agna
1082 1131 1243 1163 immolata
1253 1132 1287 1164 in
1299 1142 1386 1164 sacro
1401 1133 1452 1164 die
1467 1131 1626 1163 Termina-

781 1223 861 1236 om

176 1292 213 1319 et
232 1288 322 1328 apud
340 1288 660 1320 Columellam-52
683 1289 846 1320 Barthius
863 1298 924 1330 pro
942 1294 1058 1330 vertat,
1082 1291 1172 1332 conj.
1196 1296 1300 1331 vexet,
1326 1292 1378 1323 vel
1405 1296 1526 1324 verset:
1550 1292 1628 1324 Nic.

173 1330 340 1362 Heinsius
357 1334 484 1366 verrat,-
507 1337 541 1362 et
557 1332 606 1362 sic
621 1332 724 1362 etiam
742 1331 792 1362 bis
808 1331 934 1372 legitur
948 1342 1003 1372 ap.
1020 1333 1190 1364 Priscian.
1208 1344 1265 1374 pp.
1283 1337 1357 1366 863.
1376 1339 1412 1365 et
1426 1338 1502 1366 930.
1519 1343 1629 1375 neque

176 1373 311 1405 variant
327 1372 373 1407 ibi
388 1372 488 1404 codd.
505 1379 666 1414 quatuor,
682 1383 766 1413 quos
788 1375 935 1404 eontulit
954 1375 1144 1405 Bentleius.
1186 1375 1315 1407 Ansam
1333 1376 1479 1410 Heinsio
1494 1385 1630 1408 correc-

177 1414 278 1447 tionis
293 1413 378 1446 illud
395 1415 530 1446 videtur
546 1415 751 1454 porrexisse,
775 1415 864 1455 quod
885 1415 1033 1454 habetur
1057 1425 1098 1447 ιι.
1113 1417 1184 1448 Sat.
1199 1420 1230 1448 3.
1243 1420 1319 1448 235.
1343 1419 1352 1435 ‘
1367 1423 1403 1449 tu
1428 1419 1541 1458 pisces
1567 1419 1630 1459 hy·

175 1455 282 1489 berno
296 1465 339 1488 ex
357 1465 494 1499 aequore
510 1455 722 1487 verris.'—54
744 1456 854 1487 Ionius
875 1457 1020 1498 Cuning.
1044 1458 1170 1490 Sanad.
1192 1459 1344 1495 Towers,
1371 1465 1407 1491 et
1434 1460 1630 1492 Francis.—

826 1540 858 1573 N
862 1541 965 1574 0¹1⁸AE

169 1615 226 1646 20.
241 1612 362 1645 similia
376 1612 484 1645 refert
499 1622 542 1644 ex
559 1611 759 1644 Aristotele.
782 1612 871 1644 Mul-

124 1690 136 1695 -
172 1669 210 1695 ta
233 1673 315 1695 vero
341 1663 559 1696 Casaubonus
586 1663 720 1695 erudite
745 1663 872 1694 ibidem

172 1714 332 1746 emendat
360 1713 403 1745 de
429 1724 470 1746 eo
495 1714 589 1755 pisce
606 1714 736 1755 jactari
760 1714 872 1745 solita.

173 1763 398 1804 Epicharmus
437 1774 478 1795 eo
513 1764 581 1796 loci
618 1764 709 1804 apud
744 1763 872 1796 Athen.

171 1813 267 1847 ‘Nos
293 1814 466 1855 piscamur
490 1823 620 1854 scaros,
639 1823 782 1855 qnorum
809 1823 874 1845 nec

173 1868 304 1898 stercus
317 1864 370 1896 fas
386 1870 439 1896 est
453 1865 530 1896 Diis
547 1863 716 1906 rejicere.'
771 1864 873 1897 Quod

171 1915 252 1948 ideo
267 1916 396 1949 dictum
411 1916 535 1948 asserit
549 1916 782 1956 casaubonus,
794 1917 874 1958 quia

174 1966 276 1998 solius
290 1966 391 2008 hujus
415 1966 520 2008 piscis
541 1967 704 1998 intestina
717 1966 874 1998 comede-

174 2014 261 2048 bant
275 2016 365 2057 gulae
391 2025 565 2058 proceres.
609 2016 698 2048 Vide
720 2016 874 2048 Macrob.

175 2065 347 2098 saturnal.
371 2075 428 2099 ιιι.
451 2069 504 2099 16.
527 2067 587 2098 nbi
610 2067 743 2106 scribit,
759 2076 874 2098 scaros

177 2114 264 2146 adeo
273 2115 404 2148 Italicis
414 2116 586 2148 littoribus
599 2117 746 2157 ignotos,
762 2121 799 2148 ut
812 2125 876 2148 nec

178 2164 340 2198 Latinum
365 2166 439 2207 ejus
469 2166 573 2207 piscis
603 2176 724 2197 nomen
751 2166 875 2198 habea—

177 2223 269 2254 num
296 2224 420 2256 magno
444 2225 583 2246 numero
604 2215 683 2247 illuc
700 2216 875 2252 advectos,

178 2264 268 2296 acin
291 2265 376 2296 mari
399 2265 533 2297 Ostiam
557 2266 646 2298 inter
672 2271 707 2298 et
731 2267 876 2308 Campa-

175 2314 243 2347 πίω
254 2314 376 2347 littora
390 2325 539 2357 sparsos,
561 2326 602 2348 ae
623 2317 768 2348 velutin
784 2322 877 2350 terra

116 2373 121 2377 ⁴
176 2364 293 2406 fruges
309 2366 437 2408 aliquas
453 2366 556 2398 fuisse
573 2367 769 2399 seminatos.

220 2417 262 2446 58
283 2415 366 2455 Afra
376 2416 460 2457 avis]
471 2417 606 2448 Gallina
620 2416 792 2456 Africana,
801 2417 877 2449 aliis

178 2466 373 2508 Numidica,
389 2469 443 2500 vel
458 2468 690 2501 Garamantia.
716 2469 876 2503 Juvenal.

178 2516 253 2555 Sat.
266 2526 319 2551 xx.
335 2521 409 2551 142.
423 2520 494 2560 ejus
507 2521 672 2557 meminit,
686 2521 767 2552 item
785 2521 877 2552 Mar-

181 2562 254 2599 tini.
282 2576 365 2601 ¹111.
392 2572 447 2602 ⁷8.
491 2570 601 2602 Varro
627 2571 670 2602 de
698 2572 749 2602 Re
778 2571 876 2602 Rust.

183 2619 302 2656 esp-9.
315 2618 375 2656 ait,
396 2620 407 2636 ‘
420 2620 649 2662 Meleagrides
665 2621 797 2652 Graecis
821 2630 877 2652 vo-

185 2664 270 2706 cari,
282 2667 476 2701 novissimas
498 2671 531 2702 in
553 2672 736 2704 triclinium
754 2680 880 2712 ganea·

184 2714 271 2745 rium
285 2714 452 2759 introisse,
462 2729 501 2752 ac
514 2731 636 2762 magno
650 2722 762 2761 vendi,
774 2731 876 2763 prop-

185 2769 240 2796 ter
253 2765 421 2798 bominum
434 2768 626 2802 fastidium?

229 2817 269 2845 54
293 2814 434 2855 Attagen
446 2818 584 2860 lonicus]
598 2821 723 2852 Perdix
740 2822 880 2861 Asiana,

188 2863 407 2905 quibusdan1;
435 2870 488 2897 est
511 2867 598 2898 enirn
621 2869 719 2901 Ionia
734 2871 879 2902 Minoris

270 2918 387 2958 Delph.
401 2921 430 2948 et
448 2918 524 2950 Vur.
535 2919 620 2952 Clas.

926 1605 1021 1638 Asiae
1045 1608 1150 1649 regio.
1195 1609 1287 1641 Plin.
1304 1619 1356 1641 rx.
1377 1613 1430 1642 48.
1452 1612 1462 1629 ‘
1476 1610 1629 1652 Attagen

927 1658 1074 1689 maxime
1101 1659 1241 1690 Ionicus
1267 1661 1475 1700 celebratur,
1505 1662 1631 1693 vocalis

928 1707 1026 1744 alias,
1042 1715 1164 1748 captus
1182 1719 1263 1740 vero
1278 1710 1544 1746 obmutescens,’
1564 1713 1631 1742 &m

929 1757 1055 1789 Athen.
1084 1767 1137 1789 lx.
1162 1762 1194 1790 8.
1216 1764 1252 1790 et
1267 1762 1298 1791 9.
1321 1769 1364 1791 ex
1386 1759 1632 1800 Aristophane,

928 1808 938 1825 ‘
953 1806 1101 1848 Attagen
1123 1809 1234 1840 carnis
1255 1809 1496 1841 suavissimae:’
1519 1810 1573 1842 Ex
1584 1809 1630 1840 A.

928 1859 1094 1891 lexandro
1110 1860 1266 1901 Myndio,
1283 1862 1292 1878 ‘
1306 1861 1416 1893 Paulo
1433 1862 1540 1902 major
1558 1870 1633 1902 per-

928 1908 1018 1948 dice,
1043 1911 1144 1941 variis
1171 1911 1262 1942 notis
1280 1911 1381 1944 dorso
1397 1912 1630 1953 distinguitur,

929 1959 1044 1991 colore
1064 1960 1232 1998 fictilium,
1256 1962 1362 2002 magis
1387 1966 1503 1993 tamen
1515 1962 1631 1993 subru-

929 2010 1119 2050 bescente‚'
1141 2013 1206 2043 &c.
1251 2012 1286 2044 S.
1305 2012 1450 2044 Hieron.
1467 2013 1510 2044 ad
1526 2013 1632 2045 Salvi-

929 2070 1028 2092 nam:
1053 2062 1062 2079 ‘
1081 2061 1208 2093 Procul
1237 2062 1306 2094 sint
1335 2073 1355 2094 a
1377 2063 1543 2096 conviviis
1567 2065 1633 2096 tuis

930 2111 1088 2151 phasides
1113 2122 1204 2153 aves,
1229 2114 1335 2145 crassi
1356 2118 1520 2154 turtures,
1545 2119 1634 2146 atta·

930 2171 994 2202 gen
1011 2161 1173 2194 Ionicus.’
1217 2163 1369 2197 Martial.
1383 2173 1466 2196 xm.
1482 2167 1536 2196 61.
1554 2165 1563 2182 ‘
1576 2165 1634 2196 In-

931 2215 986 2243 ter
1001 2222 1141 2253 sapores
1163 2213 1272 2246 fertur
1291 2215 1407 2246 alitum
1425 2215 1554 2256 primus
1579 2215 1633 2247 Io-

931 2263 1084 2295 nicarum
1101 2269 1218 2304 gustus
1234 2265 1501 2306 attagenarum!

976 2316 1017 2345 57
1043 2314 1154 2346 Herba
1169 2315 1302 2356 lapathi]
1325 2314 1471 2347 Λάπαθον
1486 2315 1634 2353 Gra-cis,

931 2374 1042 2396 rumex
1059 2365 1199 2407 Latinis,
1212 2366 1304 2398 Gall.
1319 2367 1424 2399 ozeille
1438 2367 1566 2405 vinette,
1578 2376 1634 2406 pa-

929 2415 1044 2454 tience,
1064 2425 1106 2447 ex
1130 2416 1334 2449 Dioscoride
1359 2417 1565 2449 stomachum
1583 2424 1634 2446 ro·

934 2466 1046 2505 borat,
1071 2472 1225 2498 ventrem
1251 2472 1388 2508 purgat,
1412 2467 1541 2497 urinam
1558 2474 1636 2505 pro-

934 2523 1046 2556 vocat,
1070 2517 1136 2549 cibi
1159 2518 1350 2558 appetitum
1375 2517 1552 2548 restituit.·
1582 2517 1634 2547 Ex

933 2567 1024 2598 Plin.
1054 2576 1119 2598 xx,
1142 2570 1196 2598 21.
1224 2561 1398 2606 lapathum
1427 2567 1636 2597 excellentes

931 2617 1035 2648 habet
1051 2615 1218 2648 effectus:
1244 2615 1334 2647 aliud
1362 2617 1523 2655 sativum,
1541 2615 1634 2648 aliud

931 2667 1122 2708 sylvestre:
1145 2666 1154 2683 ‘
1168 2666 1210 2697 In
1232 2666 1440 2706 palustribus
1455 2666 1607 2698 nascitur
1625 2676 1633 2696 :

931 2716 1022 2748 foliis
1053 2716 1176 2756 acutis,
1207 2717 1322 2747 colore
1352 2716 1442 2748 betae
1467 2716 1633 2757 candidae,

933 2766 1051 2798 radice
1065 2766 1226 2798 minima:
1250 2766 1356 2798 nostri
1375 2775 1455 2797 vero
1470 2767 1633 2798 rumicem

934 2817 1083 2857 vocant,’
1097 2816 1161 2848 &c.

976 2871 1018 2899 58
1041 2867 1173 2908 Malvoe]
1189 2867 1279 2900 Plin.
1292 2877 1370 2900 mox
1385 2867 1444 2900 cit.
1463 2869 1472 2885 ⁴
1485 2867 1526 2898 In
1544 2877 1635 2908 mag-

859 2922 974 2953 Horat.
1478 2924 1498 2951 2
1522 2921 1550 2951 T
