1904 3256
392 237 476 279 766

392 342 479 382 Seu
499 340 631 382 Ratio
651 340 828 387 dederit,
851 352 927 379 seu
951 339 1058 379 Fors
1079 339 1302 392 objecerit,
1323 342 1399 382 illa

390 407 632 448 Contentus
651 405 803 445 vivat?
834 404 984 444 laudet
1002 404 1172 445 diversa
1191 411 1419 459 sequentes
1433 409 1452 447 ‘l

390 472 429 512 Ο
448 473 457 512 !
485 469 688 511 fortunati
708 472 984 517 mercatores,
1007 471 1152 520 gravis
1171 471 1294 512 annis

389 536 520 576 Miles
540 535 614 582 ait,
635 532 768 572 multo
781 532 876 584 jam
894 532 1056 574 fractus
1073 536 1266 576 membra
1282 537 1443 577 labore.
1779 541 1806 580 5

389 601 550 642 Contra
570 600 794 646 mercator,
813 598 959 638 navim
971 598 1242 651 jactantibus
1261 602 1433 650 austris,

390 666 547 707 Militia
568 668 635 703 est
654 664 821 715 potior:
852 663 957 715 quid
977 664 1123 704 enim?
1155 667 1445 707 concurritur:
1477 667 1592 709 horae

855 251 899 289 Q.
931 250 1135 280 HoRAru
1171 250 1338 281 rnaccr

387 809 542 840 consilium
556 811 686 850 dederit,
698 813 746 842 vel
750 811 883 849 fortuna
895 811 1058 841 obtulerit.-
1081 814 1112 842 et
1127 811 1252 851 quisque
1264 812 1409 851 praeserat
1422 815 1571 843 sectantes
1584 811 1706 843 diversa
1716 812 1807 843 insti-

387 854 477 881 tuta?
519 852 615 882 Miles
627 852 740 891 senior,
747 853 938 891 fractisjam
952 852 1081 883 artubus
1094 852 1195 882 labore
1208 853 1365 893 diuturno,
1380 853 1458 884 dicit
1468 864 1479 883 .·
1505 852 1650 890 Oselicee
1661 857 1806 884 mercato-

386 901 435 922 res
445 892 461 923 Ι
482 902 498 923 e
520 895 673 924 contrario
688 895 873 934 necotiator,
887 903 954 925 cum
980 894 1082 924 Notus
1105 893 1247 933 exagitat
1265 895 1379 934 navim,
1393 895 1440 926 ait
1450 905 1460 925 .·
1483 894 1598 926 Melius
1622 898 1668 926 eet
1689 895 1806 926 bellum.

981 1007 1214 1020 oooooooooooo

385 1087 600 1119 Praefationis
616 1089 701 1125 loco,
722 1090 875 1130 Epistola
895 1090 991 1121 Libri
1009 1090 1107 1130 primi
1123 1090 1358 1130 vigesima.-2
1381 1089 1475 1120 Harl.
1490 1092 1521 1121 2.
1537 1092 1569 1120 3.
1583 1093 1614 1121 4.
1630 1093 1662 1122 7.
1688 1091 1744 1121 alii
1771 1094 1806 1121 et

385 1129 463 1160 edd.
487 1135 570 1160 vett.
595 1140 649 1161 seu
673 1140 750 1162 sors.
796 1131 922 1162 Omnes
948 1131 1048 1162 codd.
1068 1131 1250 1168 Torrenffi,
1271 1131 1422 1171 Cruquii,
1435 1131 1599 1170 Lambini,
1615 1131 1712 1162 Harl.
1729 1134 1759 1163 1.
1775 1134 1807 1162 6.

386 1170 482 1201 Gott.
499 1170 578 1202 Ald.
595 1172 710 1203 Lamb.
727 1174 829 1213 Cruq.
849 1173 1004 1203 Torrent.
1026 1172 1071 1204 H.
1097 1175 1132 1203 et
1153 1173 1194 1203 R.
1215 1172 1332 1212 steph.
1358 1172 1468 1203 Bentl.
1493 1171 1611 1202 Heius.
1636 1172 1806 1204 Sebrevel.

384 1212 512 1251 Delph.
537 1213 679 1254 Cuning.
707 1215 822 1245 Bentl.
844 1214 967 1245 Sanan.
992 1214 1141 1252 Towers,
1154 1213 1304 1247 Francis.
1319 1213 1455 1253 Bipont.
1469 1212 1649 1252 Heindorf,
1664 1213 1806 1245 Wetzel.

385 1253 518 1286 Wakef.
535 1255 650 1286 Comb.
666 1259 702 1285 et
718 1255 822 1286 Kidd.
843 1266 896 1286 seu
913 1256 1002 1287 Fors.
1046 1255 1142 1286 Harl.
1166 1258 1198 1287 3.
1222 1259 1258 1286 et
1282 1255 1360 1286 Vet.
1382 1253 1499 1285 Comb.
1523 1255 1586 1285 ulla
1613 1263 1673 1294 pro
1696 1255 1806 1286 illa.—

384 1296 403 1325 3
427 1295 523 1326 Harl.
538 1299 569 1327 2.
586 1299 617 1326 3.
640 1298 823 1328 laudan—4
845 1298 855 1314 ⁶
874 1297 997 1328 Nescio
1012 1297 1086 1337 quis
1102 1296 1189 1336 conj.
1203 1296 1237 1327 in
1252 1296 1307 1327 ed.
1322 1295 1472 1335 Sandby,
1490 1296 1599 1334 gravis
1611 1295 1717 1335 amnis,
1740 1296 1761 1326 i.
1777 1305 1807 1326 e.

383 1344 479 1375 quem
497 1341 640 1375 gravant
654 1338 767 1368 arma.'
785 1339 880 1368 Gesn.
916 1338 1007 1368 Dedi
1022 1338 1117 1368 armis
1132 1346 1193 1378 pro
1208 1338 1299 1368 annis
1313 1346 1356 1368 ex
1369 1337 1570 1373 certissima,
1584 1337 1714 1376 opinor,
1726 1346 1802 1367 con-

378 1376 528 1415 jectura,
544 1383 580 1407 ut
595 1378 741 1409 evitetur
757 1378 964 1418 tautologia!
991 1379 1116 1415 Wakqf.
1161 1377 1213 1409 cf.
1228 1379 1300 1409 Liv.
1317 1387 1368 1408 ix.
1386 1380 1436 1408 19.
1452 1382 1486 1408 et
1501 1378 1645 1408 Theocr.
1659 1386 1736 1408 xvr.
1749 1379 1802 1408 ⁷9.

381 1417 429 1448 ita
449 1417 586 1450 edidere
598 1419 698 1451 etiam
713 1419 836 1451 Sanad.
851 1420 1002 1460 Towers,
1013 1423 1048 1450 et
1064 1419 1275 1450 Francis.—-5
1299 1418 1438 1459 Cuning.
1454 1418 1804 1456 multofractusjamr'-

1024 1524 1055 1555 N
1061 1523 1162 1555 01·AE

383 1591 486 1622 tieem
510 1591 671 1629 educant,
685 1595 740 1634 qui
756 1594 839 1624 adeo
863 1598 960 1625 extra
981 1603 1068 1625 com-

379 1648 511 1670 munem
529 1641 727 1681 telijactum
743 1642 901 1678 surrexit,
916 1646 952 1672 ut
966 1651 1067 1683 supra

380 1687 547 1720 fortunam
574 1690 743 1722 emineat!
786 1691 921 1722 Horatii
938 1691 1066 1722 Satiras

379 1738 591 1769 commendat
607 1739 750 1770 Quintil.
767 1748 804 1771 x.
821 1743 851 1771 1.
867 1740 915 1770 his
931 1739 1062 1771 verbis:

379 1786 513 1817 ‘Multo
539 1791 590 1818 est
619 1789 739 1819 tersior
765 1798 804 1819 ac
827 1797 931 1828 purus
957 1789 1064 1828 magis

380 1833 557 1874 Horatius,
581 1841 617 1866 et
643 1837 685 1867 ad
710 1836 873 1868 notandos
897 1836 1063 1867 hominum

379 1892 486 1913 mores
517 1880 730 1924 praeeipuufi!
778 1886 834 1916 De
867 1885 999 1915 nomine
1028 1889 1064 1915 et

379 1931 510 1971 origine
535 1931 653 1963 Satirae
682 1933 822 1964 disserui
849 1933 892 1964 ad
917 1933 1064 1965 Juvena-

378 1980 456 2018 lem,
473 1984 541 2010 tum
562 1980 595 2010 in
615 1980 835 2018 praefatione,
851 1990 926 2012 cum
947 1982 1020 2012 Sat.
1036 1991 1061 2012 1.

378 2036 424 2058 ve.
440 2030 492 2058 30.
507 2028 566 2058 ubi
579 2029 735 2060 admonui
752 2039 816 2061 non
832 2040 851 2061 a
864 2031 1060 2070 Satyrorum

379 2077 558 2108 dicacitate
585 2079 791 2119 appellatum
817 2080 879 2110 hoc
908 2080 1062 2118 Carmen,

379 2126 438 2157 sed
462 2135 483 2156 a
505 2130 619 2158 satura
642 2127 731 2168 lege,
753 2128 805 2159 vel
831 2128 947 2159 lance:
973 2128 1062 2168 quod

376 2176 465 2206 sicut
489 2175 562 2206 haec
587 2175 697 2207 varios
721 2175 851 2207 fructus
873 2175 1062 2207 contineret

377 2224 452 2256 Diis
476 2225 662 2265 agrestibus
687 2224 889 2264 offerendos,
906 2225 962 2255 illa
985 2234 1062 2255 vero

378 2273 484 2305 multa
498 2278 533 2304 et
547 2274 679 2305 diversa
695 2274 862 2314 perferret
877 2274 1000 2309 edicta,
1017 2274 1063 2304 ita

377 2321 490 2353 Satira
514 2322 689 2363 multiplex
716 2327 947 2362 argumentum
973 2331 1062 2353 com-

375 2372 594 2412 plecteretur,
629 2371 786 2412 variaque
826 2374 1060 2412 pertractaret.

377 2419 543 2460 nauoque
565 2418 806 2462 etymologiam‘
818 2423 969 2451 asserunt
985 2429 1061 2451 ern-

377 2468 530 2500 ditissimi
546 2468 670 2510 quique
683 2469 756 2500 viri.
801 2468 854 2500 Ad
869 2478 964 2509 quos,
977 2469 1061 2500 Lec-

378 2522 442 2556 tor,
466 2518 617 2554 accedes,
640 2518 844 2549 reclamante
865 2518 947 2549 licet
968 2518 1061 2550 Julio

377 2567 561 2607 scaligero,
575 2567 675 2598 Poet.
691 2576 715 2599 1.
732 2570 782 2598 12.
824 2567 930 2598 Porro
946 2576 987 2597 ne
1002 2567 1062 2598 mi-

377 2623 464 2654 rere,
481 2615 567 2654 quod
585 2616 779 2646 Sermonum
795 2625 909 2646 vocem
925 2625 964 2646 ac
980 2615 1060 2646 titu-

377 2663 456 2696 lum,
480 2669 517 2692 ut
542 2663 574 2694 in
598 2664 742 2705 vulgatis
768 2665 974 2705 plerumque,
993 2674 1059 2695 non

377 2711 655 2752 inscripserimus.
712 2714 840 2744 Vetant
873 2722 991 2753 graves
1026 2717 1060 2743 et

1117 1594 1208 1626 docti
1223 1605 1232 1632 ς
1260 1598 1354 1626 vetat
1382 1595 1478 1626 ratio.
1527 1595 1703 1626 Sermones
1724 1601 1804 1628 sunt

1118 1647 1186 1674 tam
1199 1644 1320 1675 Satirae
1335 1654 1432 1685 quam
1450 1643 1630 1684 Epistolae:
1654 1645 1687 1676 in
1704 1646 1801 1677 utris-

1117 1701 1183 1733 que
1197 1693 1326 1724 scilicet
1341 1693 1506 1733 reperitur
1521 1702 1616 1734 reque
1631 1702 1750 1732 sermo,
1766 1693 1799 1724 id

1116 1746 1181 1781 est,
1193 1742 1204 1760 ‘
1221 1742 1329 1773 oratio
1345 1743 1485 1773 remissa
1507 1746 1542 1773 et
1564 1742 1706 1774 finitima
1719 1751 1802 1783 quo-

1116 1791 1252 1822 tidianae
1275 1791 1437 1823 locutioni
1450 1790 1471 1821 :’
1496 1795 1535 1822 ut
1550 1790 1666 1822 definit
1681 1791 1800 1822 Cicero

1117 1839 1159 1869 ad
1185 1840 1312 1871 Heren.
1335 1849 1393 1870 111.
1417 1849 1450 1870 n.
1469 1841 1522 1869 2³.
1564 1839 1677 1871 Quare
1694 1839 1798 1879 igitur

1115 1887 1180 1919 iste
1204 1888 1324 1919 Satiris
1349 1888 1467 1918 titulus
1496 1887 1662 1919 duntaxat
1692 1888 1800 1928 praefi-

1117 1940 1216 1974 gatur
1227 1935 1239 1964 ἓ

1159 1986 1173 2012 1
1202 1983 1264 2018 Qui
1284 1983 1339 2025 fit,
1369 1983 1539 2023 Maecenas]
1576 1983 1652 2014 Non
1679 1983 1739 2015 abs
1763 1993 1800 2016 re

1117 2032 1200 2062 tanti
1216 2032 1388 2062 literarum
1403 2033 1544 2062 Patroni
1561 2042 1680 2064 nomen
1697 2043 1801 2074 appo·

1117 2081 1217 2112 situm
1243 2085 1295 2112 est
1321 2081 1363 2112 ad
1386 2085 1489 2121 caput
1513 2081 1715 2121 cingulorum
1731 2082 1801 2114 Ho-

1115 2130 1190 2161 ratii
1210 2130 1375 2169 Operum,
1392 2129 1460 2161 Od.
1477 2130 1588 2170 Epod.
1603 2130 1676 2162 Sat.
1690 2131 1799 2170 Epist.

1156 2182 1176 2210 2
1193 2178 1254 2209 Seu
1269 2178 1365 2209 Ratio
1382 2179 1512 2218 dederit,
1524 2188 1576 2210 seu
1593 2179 1671 2210 Fors
1685 2179 1797 2216 objece-

1113 2227 1172 2267 rit]
1199 2227 1302 2265 Ratio,
1325 2227 1509 2267 consilium,
1536 2228 1688 2258 voluntas
1712 2228 1798 2259 Deo-

1114 2286 1197 2314 rum,
1211 2285 1252 2306 ex
1267 2284 1334 2315 qua
1350 2274 1423 2305 fieri
1444 2275 1575 2315 singula
1589 2275 1622 2306 iu
1638 2273 1718 2306 orbe
1732 2275 1796 2307 hoc

1113 2324 1275 2362 inferiori,
1289 2322 1394 2355 stoici
1409 2324 1612 2355 statuebant.

1156 2371 1251 2412 Fore]
1274 2372 1340 2403 Seu
1362 2370 1508 2412 fortuna,
1525 2371 1565 2402 ad
1587 2381 1684 2412 quam
1707 2371 1796 2404 refe-

1113 2420 1231 2452 rebant
1245 2419 1354 2450 omnin
1369 2419 1539 2460 Epicurei.

1154 2472 1173 2500 3
1195 2468 1343 2508 Diversa]
1366 2468 1508 2500 Diversa
1523 2469 1646 2510 studia,
1663 2479 1702 2502 ac
1717 2470 1795 2502 vitre

1114 2518 1281 2550 instituta.

1154 2571 1175 2598 6
1196 2566 1336 2606 Austris]
1358 2575 1382 2597 ι.
1397 2565 1465 2598 Od.
1477 2569 1506 2597 3.
1519 2565 1529 2584 ‘
1546 2566 1673 2599 rabiem
1691 2567 1795 2599 Noti!

1111 2615 1198 2646 Vide
1214 2619 1249 2646 et
1265 2625 1320 2646 ιιι.
1337 2614 1404 2646 Od.
1420 2617 1450 2645 3.
1466 2618 1475 2632 ‘
1488 2615 1556 2646 dux
1571 2615 1712 2657 inquieti
1725 2621 1794 2648 tur-

1115 2664 1209 2695 bidus
1223 2664 1336 2696 Adriae
1355 2664 1501 2695 Auster?
