1904 3256
387 248 470 289 76⁴2
715 269 718 273 ·
851 262 1054 292 DAGERH
1090 259 1341 290 PRAEFATlo

383 352 608 401 aperuisses,
628 353 795 389 omnium
815 351 982 387 Deorum
1004 351 1248 399 Dearumque
1268 351 1453 401 imagines
1473 352 1696 393 detexisses.
1738 357 1800 395 Ad

384 424 470 450 eum
488 413 645 450 modum
664 426 703 449 se
723 412 832 448 nobis
857 411 1011 448 exhibet
1039 411 1077 448 in
1109 411 1241 449 Satiris
1272 413 1468 460 Horatius,
1500 414 1593 451 nihil
1621 428 1802 466 magnum

382 486 461 523 prae
476 487 517 511 se
537 475 621 518 fert,
651 472 754 522 quod
774 485 843 509 nos
864 471 1032 510 detinere
1053 472 1216 510 debeat:
1247 473 1395 524 dignior
1423 475 1571 513 videtur
1603 488 1702 522 esse,
1736 478 1802 528 qui

382 536 509 585 pueris
528 541 682 578 teratur,
704 546 817 582 quam
838 534 903 582 qui
918 534 1018 571 viros
1034 541 1240 584 occupatos
1254 541 1408 574 teneat:
1428 537 1496 574 sed
1517 538 1684 587 seposito
1702 538 1802 585 velo,

383 603 423 633 et
456 596 614 633 Horatio
646 595 800 644 propius
831 595 1018 646 inspecto,
1057 597 1223 634 omnium
1253 597 1355 636 illico
1389 598 1573 636 Divorurn
1609 598 1729 637 oculis
1761 613 1802 638 se

382 657 560 707 ingerunt
577 656 776 705 imagineS,
803 656 877 694 hoc
896 664 968 703 est,
988 670 1125 695 omnes
1139 658 1311 704 virtutes,
1333 659 1381 696 ad
1408 673 1503 710 quas
1525 660 1676 698 assidue
1695 672 1803 698 exer-

382 719 493 755 cendi
512 723 613 762 sunt,
633 717 697 767 qui
716 717 815 754 vitiis
836 719 914 755 suis
934 719 1170 770 corrigendis
1191 721 1287 758 serio
1309 721 1478 760 student.
1517 722 1650 760 Oculis
1669 734 1802 773 parum

380 780 536 825 intentis
554 779 659 816 illum
681 791 862 829 aspexere
881 781 1043 819 antehac
1071 781 1278 826 mortales3
1308 796 1430 833 neque
1460 797 1618 834 possum
1636 796 1714 821 non
1731 784 1802 821 mi-

380 842 454 877 rari
473 841 616 878 Satiras
636 853 703 890 per
722 847 779 878 tot
797 842 942 879 saecula
960 842 1094 889 lectas,
1115 844 1422 894 atque-relectas,
1442 846 1576 894 paucis
1597 845 1803 883 admodum

379 902 498 939 fuisse
517 902 743 948 intellectas,
764 910 830 940 aut
843 904 1066 954 explicatas.
1123 906 1380 944 Substiterunt
1395 907 1430 943 in
1447 907 1530 958 ipso
1547 906 1703 953 cortice,
1720 919 1804 946 vet-

380 963 514 1013 bisque
543 964 838 1014 interpretandis
870 966 1019 1013 intenti,
1048 967 1140 1004 nihil
1173 968 1271 1006 ultra
1302 969 1441 1018 petiere
1459 981 1468 1006 :
1508 968 1611 1019 quod
1642 967 1800 1018 quidem

380 1025 553 1063 fecerunt
567 1032 609 1063 ut
626 1027 895 1066 Grammaticis
914 1041 982 1078 par
999 1036 1093 1075 erat,
1111 1042 1187 1067 non
1205 1036 1248 1067 ut
1265 1030 1510 1080 Philosophis
1527 1044 1537 1068 ε
1566 1031 1677 1081 plane
1692 1030 1804 1080 quasi

382 1087 599 1137 scripsisset
631 1088 813 1126 Horatius
841 1090 962 1127 solum
983 1098 1026 1128 ut
1042 1092 1240 1129 verborum
1259 1093 1599 1131 construendorum
1617 1092 1804 1129 rationem

380 1149 607 1196 videremus,
627 1150 875 1202 dedissetque
895 1153 1004 1190 nobis
1024 1153 1160 1190 librum
1177 1153 1282 1191 horis
1298 1154 1337 1190 in
1359 1154 1501 1192 Schola
1514 1147 1708 1198 fallendis,
1723 1164 1802 1190 non

381 1211 514 1247 animis
536 1211 586 1248 ad
615 1212 791 1250 virtutem
821 1213 1044 1252 formandis.
1098 1214 1261 1253 Prorsus
1286 1215 1391 1252 aliud
1421 1215 1491 1253 sibi
1519 1215 1558 1252 in
1586 1214 1662 1252 hoc
1690 1226 1805 1265 opere

379 1280 630 1322 proposuerat
643 1274 778 1314 Poeta.
833 1276 1010 1326 Namque
1029 1277 1116 1314 finis
1135 1278 1335 1315 verborum
1350 1283 1411 1316 est
1429 1277 1542 1323 actio,
1561 1276 1669 1327 cujus
1688 1275 1803 1313 etiarn

380 1333 504 1381 gratia
529 1336 645 1372 verba
674 1336 758 1385 ipsa
790 1337 943 1374 fuerunt
973 1344 1136 1387 reperta,
1174 1350 1261 1387 quae
1297 1338 1371 1375 nisi
1405 1338 1510 1375 illum
1549 1343 1802 1387 assequantur

378 1394 506 1440 finem,
535 1396 628 1433 nihil
653 1397 724 1435 nisi
754 1397 882 1435 futiles
910 1399 1020 1435 soni:
1050 1411 1159 1436 aures
1190 1397 1346 1448 quidem
1377 1398 1528 1442 feriunt,
1557 1397 1606 1436 ad
1634 1398 1803 1435 animum

378 1468 467 1493 vero
486 1469 562 1494 non
584 1458 789 1507 pertinent.

433 1518 581 1556 Docere
602 1533 672 1557 nos
690 1520 809 1557 voluit
841 1521 1024 1558 Horatius
1059 1520 1096 1556 in
1124 1520 1183 1557 his
1214 1520 1360 1565 Satiris,
1390 1526 1526 1557 contra
1553 1519 1644 1557 vitia
1670 1525 1803 1557 nostra

379 1579 554 1625 militare,
580 1581 738 1619 affectus
759 1589 983 1632 temperare,
1015 1589 1190 1619 naturam
1209 1582 1248 1618 in
1267 1581 1540 1631 cupiditatibus
1559 1580 1802 1618 moderandis

380 1639 516 1678 ducem
538 1643 659 1691 sequi,
678 1656 807 1680 verum
829 1656 852 1680 a
869 1643 980 1688 falso,
1009 1650 1046 1680 et
1066 1656 1088 1680 a
1106 1645 1218 1681 rebus
1237 1643 1330 1693 ipsis
1350 1656 1473 1680 rerum
1493 1643 1640 1694 species
1660 1642 1804 1680 discer-

379 1714 482 1748 nere,
514 1704 782 1754 praejudicatas
811 1712 950 1744 temere
977 1706 1175 1756 opiniones
1203 1706 1379 1756 abjicere,
1407 1704 1594 1756 principia
1610 1710 1649 1741 et
1665 1716 1803 1741 causas

379 1764 571 1802 actionum
597 1773 810 1804 nostrarum
841 1774 1062 1818 perspectas
1092 1767 1246 1812 babere,
1273 1766 1468 1804 ridiculam
1488 1765 1652 1816 denique
1672 1777 1802 1803 eorum

377 1825 624 1875 pertinaciam
643 1829 796 1874 evitare,
816 1829 895 1878 qui,
915 1830 1052 1878 quibus
1073 1841 1095 1865 a
1114 1828 1339 1878 magistellis
1359 1828 1438 1864 suis
1467 1827 1710 1878 opinionibus
1732 1827 1802 1863 im-

377 1887 458 1923 buti
477 1887 566 1924 olim
586 1889 752 1934 fuerunt,
773 1890 818 1926 iis
838 1890 1028 1927 obstinate
1047 1890 1246 1934 inhaerent,
1278 1889 1385 1926 nulla
1404 1889 1534 1926 habita
1552 1888 1697 1926 ratione
1716 1888 1803 1937 qui-

380 1948 451 1985 bus
471 1948 680 1987 innitantur
699 1951 981 1989 fundamentis:
1010 1963 1087 1989 uno
1117 1951 1246 1995 verbo,
1279 1950 1319 1987 in
1353 1963 1399 1988 eo
1431 1950 1652 1995 elaboravit,
1670 1956 1714 1986 ut
1732 1961 1802 1986 nos

330 2016 331 2019 ’
379 2010 488 2047 nobis
508 2011 650 2058 felices,
671 2013 801 2050 amicis
814 2013 1011 2063 jucundos
1031 2020 1069 2050 et
1096 2013 1244 2057 fideles,
1266 2012 1440 2049 omnibus
1462 2012 1692 2061 quibuscum
1712 2011 1803 2049 vivi-

379 2083 464 2108 mus
492 2074 726 2120 commodos,
745 2075 872 2120 utiles,
891 2080 930 2111 et
948 2074 1133 2123 benignos
1153 2080 1364 2123 praestaret.

433 2132 676 2184 Interpretari
694 2137 870 2174 Auctoris
892 2137 1019 2181 verba,
1050 2137 1088 2173 in
1110 2136 1270 2186 Figuras
1294 2135 1456 2186 digitum
1476 2134 1687 2179 intendere,
1709 2134 1802 2171 Lec-

379 2199 480 2232 tores
499 2208 566 2246 per
584 2197 765 2236 orationis
784 2198 966 2236 involutae
984 2198 1235 2249 labyrinthos,
1256 2204 1321 2234 aut
1340 2196 1613 2247 parentheseos
1629 2196 1802 2232 obscurae

378 2257 571 2303 tenebras,
598 2258 750 2305 ducere,
775 2260 860 2298 haec
882 2261 1010 2298 omnia
1029 2260 1123 2297 nihil
1141 2259 1320 2297 eximium
1338 2258 1493 2305 habent,
1513 2269 1600 2301 nec,
1617 2262 1662 2293 ut
1680 2255 1804 2306 loqui-

379 2323 442 2354 tur
473 2318 683 2368 Epictetus,
710 2321 916 2371 quicquam
947 2321 1096 2372 pulchri
1129 2328 1196 2359 aut
1225 2320 1395 2371 sapiente
1415 2318 1588 2368 dignum.
1642 2316 1702 2354 Ad
1729 2317 1803 2354 hoc

380 2379 491 2417 nobis
509 2381 755 2419 annitendum
774 2389 854 2426 est:
883 2383 958 2420 hoc
992 2394 1089 2432 opus
1108 2388 1278 2419 nostrum
1299 2387 1358 2419 est
1374 2379 1612 2430 palmarium,
1631 2391 1744 2415 usum
1763 2386 1803 2416 et

378 2442 546 2481 rationes
566 2442 699 2480 horum
720 2451 995 2495 praeceptorum
1027 2444 1242 2490 ostendere,
1273 2442 1482 2491 eademque
1513 2439 1803 2478 auctoritatibus

379 2498 525 2549 fulcire,
547 2510 590 2541 ut
608 2505 731 2554 palam
753 2506 928 2543 omnibus
948 2506 1030 2551 fiat,
1062 2518 1128 2543 eos
1160 2505 1226 2555 qui
1250 2516 1375 2541 mores
1396 2515 1485 2541 suos
1506 2501 1556 2540 ad
1574 2501 1649 2539 hoc
1670 2513 1803 2551 specu-

379 2563 460 2601 lum
487 2577 715 2616 componere
743 2567 958 2618 negligunt,
989 2567 1096 2619 paria
1125 2567 1250 2605 facere
1281 2565 1449 2615 aegrotis,
1480 2563 1546 2614 qui
1577 2562 1708 2608 libros,
1736 2563 1803 2600 ubi

379 2626 548 2663 remedia
562 2628 703 2665 morbis
719 2630 798 2666 suis
817 2629 1112 2680 praescribuntur
1129 2629 1255 2679 legere
1275 2626 1458 2672 contenti,
1478 2624 1623 2662 Medici
1639 2623 1800 2662 oonsilio

380 2691 529 2724 tantum
549 2690 658 2727 abest
675 2698 717 2728 ut
734 2697 903 2737 utantur,
921 2697 964 2729 ut
982 2703 1030 2728 ne
1048 2689 1266 2739 intelligant
1284 2688 1440 2738 quidem
1459 2687 1539 2737 ejus
1559 2684 1775 2723 utilitatem.

434 2747 522 2788 Non
548 2750 653 2800 quod
682 2764 755 2803 ego
782 2753 820 2790 in
849 2752 1131 2792 commentariis
1161 2752 1254 2790 meis
1282 2750 1487 2801 quicquam
1515 2747 1641 2788 sciens
1666 2746 1798 2789 volens
