1930 3242
610 283 885 315 SERMONUM
924 284 1018 314 ms.
1052 284 1084 314 ι.
1112 272 1155 312 7.

1519 272 1602 314 871

156 378 367 429 Quaestor
386 390 511 428 avuS,
533 382 660 431 pater
680 382 815 431 atque
838 390 976 427 metm,
996 381 1267 430 patruusque
1286 375 1460 418 suisset.

154 478 290 514 quoestor
303 474 422 514 suisset
437 483 521 507 meus
540 477 644 515 pater,
659 483 748 514 avus,
761 478 853 515 atque
866 478 1008 516 patruus.

762 567 898 580 eeeeee

900 567 996 579 “O“

152 632 406 664 rictums.'—131
431 632 529 663 Harl.
547 635 577 663 2.
599 637 635 664 et
657 643 774 664 onmes
791 633 943 673 Cruquii,
958 633 1119 670 fuissent,-
1143 636 1178 663 et
1199 633 1245 663 sic
1261 632 1337 664 edd.
1355 632 1456 674 Cruq.
1485 634 1603 666 Lamb.

153 675 310 704 Torrent.
328 675 369 706 R.
385 678 421 705 et
437 674 483 706 H.
499 675 615 713 Stepli.
634 675 739 705 Bond.
759 675 930 706 Sclirevel.
947 676 1069 714 Delpli.
1088 676 1248 711 minster,
1263 675 1306 705 al.
1321 678 1400 705 ante
1419 676 1530 709 Bentl.
1546 678 1604 718 qui

155 725 197 747 ex
215 714 314 747 codd.
325 716 452 748 Battel.
470 717 554 758 Reg.
570 717 647 749 Gal.
662 723 695 749 et
713 718 844 748 duobus
863 717 936 747 aliis
953 727 1028 748 cum
1045 717 1123 748 edd.
1140 717 1247 758 antiq.
1262 716 1504 754 ediditsuisset.

692 894 927 936 SATIRA
958 894 1070 937 V11.

151 1002 204 1036 Ex
221 1001 361 1035 ridicula
377 1003 487 1035 Persii
501 1003 709 1035 Clazomenii
728 1014 871 1044 persona
888 1005 930 1036 P.
943 1004 1118 1045 Rupilium
1134 1006 1260 1045 Regem
1277 1005 1529 1037 Praenestinum
1546 1005 1605 1037 ad-

193 1055 376 1093 versarium
393 1066 487 1087 suum
505 1057 666 1096 percutit.
683 1057 787 1088 Baxt.
821 1057 1172 1097 Describitm·jocose
1191 1057 1333 1088 ridicula
1349 1057 1498 1099 litigatio
1514 1058 1604 1089 inter

194 1106 351 1139 Persium
382 1108 631 1140 Clazomenium
655 1113 690 1140 et
712 1109 887 1149 Rupilium
917 1109 1182 1145 Praenestinum,
1198 1110 1305 1140 Bruto
1330 1109 1484 1141 Praetore
1500 1109 1604 1141 Asiae.

194 1158 356 1200 Inprimis
372 1161 502 1192 ridetur
513 1161 666 1193 Graeculi
683 1159 828 1192 Asiatici
843 1160 971 1192 tumida
990 1161 1140 1192 laudatio
1157 1162 1256 1192 Bruti
1273 1162 1414 1202 ejusque
1431 1162 1606 1202 comitum,

195 1215 232 1243 et
245 1213 372 1244 acerba
387 1213 570 1254 ineptaque
587 1213 840 1251 maledicentia,
854 1223 919 1254 qua
936 1214 1172 1245 Praenestinus
1187 1214 1378 1245 lacessitur.

152 1285 458 1328 Pnoscmpm
481 1287 617 1340 Regis
639 1287 795 1340 Rupili
818 1301 900 1341 pus
924 1293 1055 1341 atque
1079 1302 1290 1330 vencnum

151 1351 303 1394 Ibrida
323 1366 412 1415 quo
431 1357 564 1406 pacto
586 1354 646 1393 sit
668 1353 849 1393 Persius
869 1354 1007 1403 ultus,
1030 1355 1187 1407 opinor

148 1467 152 1471 '
195 1463 327 1495 Cunctis
344 1467 420 1504 puto
434 1464 591 1504 cognitum
607 1474 670 1496 esse
685 1464 777 1504 lippis
792 1473 828 1495 ac
843 1465 1028 1505 tonsoribus,
1046 1475 1106 1505 qua
1122 1465 1245 1497 ratione
1264 1466 1389 1497 Persius
1409 1466 1513 1499 ibrida
1534 1467 1604 1499 vin·

756 1559 874 1572 ‘‘‘‘‘

877 1560 995 1572 eeeeee

193 1623 307 1656 Satira
322 1624 471 1656 secunda
487 1624 580 1656 Libri
603 1625 704 1665 primi
717 1624 751 1656 iu
768 1624 832 1655 Ed.
848 1625 973 1656 Sanad.
1018 1625 1118 1656 Hauc
1132 1625 1278 1656 Satiram
1294 1625 1362 1656 duo
1379 1625 1604 1666 antiquissimi

149 1666 250 1698 codd.
265 1667 437 1698 Torrentii
463 1667 503 1697 Iu
516 1667 556 1698 P.
570 1667 731 1706 Rupilium
749 1667 866 1705 Regem
881 1668 1114 1697 Praenestinum
1127 1667 1326 1697 insci-ibunt.
1359 1666 1428 1698 Alii
1443 1668 1604 1708 Rupilius.

148 1711 212 1740 -2
237 1708 376 1740 Hibrida
392 1709 490 1741 Gott·
505 1713 540 1740 et
554 1709 671 1740 Zarot.
719 1709 866 1750 Hybrida
883 1709 1003 1750 reliqui
1023 1718 1078 1750 ap.
1092 1709 1199 1740 Gesn.
1216 1714 1251 1740 et
1267 1709 1375 1741 Zeun.
1415 1709 1522 1741 Ibrida
1534 1719 1603 1741 om-

805 1816 836 1848 N
843 1817 946 1848 0¹1*AE

191 1892 208 1921 1
233 1889 422 1930 Proscripti,
437 1889 507 1929 Sym]
530 1889 712 1930 Superiore
735 1889 849 1921 Satira

144 1938 316 1970 refutavit
344 1939 508 1971 Horatius
534 1940 785 1971 obtrectatores
813 1945 849 1971 et

149 1989 335 2020 malevolos
345 1989 507 2029 quosdam
525 1990 721 2020 libertinum
739 1998 847 2029 genus

150 2036 213 2078 ipsi
237 2038 452 2078 objicientes,
473 2043 543 2070 tum
569 2048 694 2079 nempe
718 2048 794 2070 cum
813 2045 848 2071 et

150 2086 306 2128 Augusto
332 2088 573 2119 reconciliatus
598 2093 634 2118 et
661 2088 846 2119 Maecenati

149 2136 317 2176 gratiosus
331 2140 439 2168 esset:
464 2142 500 2167 at
516 2137 617 2177 longe
639 2141 741 2168 antea
755 2137 844 2168 idem

150 2185 180 2215 ei
199 2185 357 2224 probrum
386 2185 498 2217 fuerat
519 2186 700 2226 ingestum.
745 2186 843 2217 Scili-

147 2238 205 2265 cet
221 2244 297 2265 cum
309 2235 482 2266 Tribunus
493 2235 635 2266 militum
652 2239 756 2275 esset,
768 2245 843 2267 cum

147 2284 223 2324 ipso
250 2285 378 2325 puriter
403 2286 435 2316 in
456 2286 611 2317 exercitu
634 2286 735 2317 Bruti
761 2287 845 2317 mili·

144 2333 243 2365 ‘tabat
258 2334 425 2375 Rupilius,
438 2335 472 2366 in
497 2344 643 2375 eumque
668 2336 751 2366 illud
769 2345 844 2367 con-

142 2383 225 2415 vicii
238 2382 426 2416 effutierant.
449 2385 571 2426 Itaque
584 2386 709 2417 Noster
721 2396 844 2426 oppor-

148 2437 229 2464 tuno
245 2437 399 2474 tempore
416 2444 451 2465 se
468 2436 557 2466 ultus
575 2439 638 2475 est,
654 2435 730 2466 data
747 2446 842 2467 occa-

147 2482 242 2512 sione
250 2482 332 2520 litis,
344 2492 419 2523 quae
434 2484 488 2515 isti
502 2484 642 2524 Rupilio
656 2494 730 2515 cum
744 2485 842 2516 Grae-

147 2530 226 2560 culo
248 2531 392 2571 quodam
417 2527 551 2564 nomine
574 2534 694 2565 Persio
715 2534 842 2565 incide-

148 2581 214 2608 rat.
234 2600 238 2605 ,

193 2627 369 2668 Proscripti
380 2629 492 2669 Regiv,
502 2631 570 2672 εμπ]
594 2632 748 2672 Rupilius
763 2642 840 2672 cog·

148 2679 309 2707 nomento
332 2677 406 2708 Rex
421 2679 454 2709 in
470 2681 554 2711 urbe
579 2686 763 2721 praeturam
785 2692 842 2722 ge-

150 2734 242 2763 rens,
253 2723 296 2755 ab
307 2723 459 2766 Augusto
471 2728 659 2761 Triumviro
671 2732 841 2773 proscrip-

151 2778 206 2805 tus
221 2773 263 2805 ad
279 2773 378 2806 Bruti
396 2779 508 2807 castra
523 2777 688 2819 confugit.

946 1891 1014 1921 Pus
1027 1894 1119 1931 atque
1134 1890 1295 1930 venenum]
1319 1889 1602 1922 Maledicentiam

903 1939 1025 1978 linguae
1066 1939 1256 1970 virulentae.
1302 1939 1412 1970 Lucil.
1451 1939 1460 1956 ‘
1485 1939 1601 1971 Luciu’

901 1989 1080 2020 marcebat
1116 1988 1234 2029 febris,
1263 1989 1407 2030 senium,
1439 1991 1597 2031 vomitus,

903 2038 990 2079 pus!

945 2091 966 2118 2
989 2088 1114 2128 Ibrida]
1147 2089 1336 2129 Perper-am
1367 2088 1425 2119 alii
1453 2087 1602 2130 Hybrida

898 2137 1067 2178 scribunt,
1106 2138 1236 2169 frustra
1273 2142 1309 2169 et
1347 2137 1523 2169 deducunt
1559 2139 1601 2170 ab

898 2185 982 2226 ὕβρις
997 2189 1048 2218 vei
1065 2187 1221 2228 ὑβριστὴς,
1237 2187 1307 2218 sive
1333 2187 1471 2227 ὑβριδὴς,
1485 2192 1522 2218 ut
1535 2188 1602 2228 sig—

899 2235 1059 2268 nificetur
1080 2236 1282 2276 conviciator,
1297 2238 1452 2276 petulcus
1469 2240 1504 2268 et
1521 2246 1601 2267 con-

900 2285 1108 2316 tumeliosus.
1153 2287 1249 2317 Bene
1279 2285 1441 2318 viderunt
1474 2285 1600 2317 eruditi

902 2334 1010 2366 [brida
1031 2335 1261 2374 scribendum,
1290 2339 1327 2366 ut
1352 2339 1492 2366 notetur
1514 2335 1600 2365 Per-

899 2384 968 2414 sius
979 2384 1132 2416 Asiatico
1141 2389 1238 2425 patre
1248 2389 1356 2423 ortus,
1365 2388 1474 2414 matre
1485 2387 1598 2413 autem

899 2435 1062 2465 Romana.
1109 2435 1195 2466 Nam
1221 2434 1353 2474 antiqui
1370 2432 1503 2472 spurios
1516 2431 1598 2463 item

897 2483 1032 2514 diverso
1058 2493 1185 2523 genere
1209 2486 1406 2522 procreatos
1435 2480 1600 2512 dicebant

897 2533 1048 2569 umbros,
1061 2532 1202 2572 imbros,
1210 2531 1355 2571 indeque
1367 2530 1457 2561 ibros
1472 2534 1507 2561 et
1520 2530 1601 2561 ibri-

898 2581 969 2611 (135.
1013 2581 1070 2612 Sic
1085 2580 1206 2610 ibridae
1223 2589 1326 2610 canes
1342 2580 1491 2619 lyciscae.
1535 2580 1598 2612 Isi-

897 2631 970 2662 dor.
983 2639 1050 2661 xn.
1069 2633 1099 2661 1.
1124 2630 1133 2647 ‘
1151 2630 1192 2660 ln
1215 2628 1464 2668 animantibus,’
1477 2628 1598 2671 inquit,

897 2682 906 2698 ‘
925 2680 1085 2720 bigenera
1106 2678 1268 2710 dicuntur
1291 2687 1366 2719 quae
1389 2688 1433 2710 ex
1455 2678 1598 2712 diversis

897 2734 1094 2768 nascuntur,
1109 2733 1147 2760 ut
1161 2729 1268 2760 mulus
1281 2738 1323 2760 ex
1337 2737 1423 2770 equa
1438 2734 1474 2761 et
1489 2730 1597 2770 asino,

900 2778 1008 2810 burdo
1035 2787 1077 2809 ex
1104 2787 1190 2820 equo
1217 2782 1252 2809 et
1280 2778 1385 2819 asina,
1408 2778 1527 2811 ibridae
1543 2789 1597 2816 (ex
