1904 3256
577 321 848 353 ultumum
885 321 983 352 mn.
1019 322 1086 360 iv.
1115 314 1158 354 7.

1493 311 1580 353 593

202 409 205 411 ’
241 415 353 457 Cum
372 416 507 458 semel
521 416 755 466 occideris,
773 419 816 458 et
833 395 888 458 de
905 418 950 458 te
971 416 1205 470 splendida
1227 416 1380 458 Minos

289 506 293 510 <
357 482 532 524 Fecerit
551 483 756 524 arbitria·
745 513 758 534 ,

241 547 364 600 Non,
383 549 626 603 Torquate,
647 561 803 602 genus,
824 561 913 591 non
933 552 976 590 te
996 548 1220 599 facundia,
1241 561 1328 590 non
1350 552 1393 590 te

354 612 582 658 Restituet
601 615 761 669 pietas.

241 681 430 723 Infernis
446 694 592 735 neque
613 682 727 722 enim
748 682 944 724 tenebris
964 683 1115 725 Diana
1129 681 1340 736 pudicum

1526 683 1583 724 25

354 747 535 790 Liberat
554 748 882 802 Hippolytum;

241 813 342 856 Nec
363 814 549 857 Lethaea
568 815 687 856 valet
704 815 904 857 Theseus
925 814 1187 868 abrumpere
1209 827 1312 857 caro

355 880 548 924 Vincula
571 881 788 924 Pirithoo.

125 988 237 1012 amas
249 988 358 1010 munus
370 979 504 1011 hoeredis
517 979 692 1021 effugient.-
712 983 875 1021 postquam
889 979 1063 1019 interieris,
1077 982 1109 1011 et
1125 979 1235 1012 Minos
1249 981 1287 1011 de
1300 980 1494 1020 rejudicium
1508 983 1583 1014 ulei-

125 1031 210 1052 num
224 1021 418 1062 protulerim
439 1031 494 1054 nec
506 1022 604 1063 stirps
617 1022 740 1063 nobilis,
761 1032 817 1054 nec
831 1023 1016 1063 eloquentia,
1034 1032 1090 1053 nec
1109 1023 1215 1071 pietus
1230 1023 1391 1064 reparabit
1406 1027 1450 1064 te,
1473 1035 1490 1055 o
1509 1025 1586 1056 Tor-

122 1066 226 1104 quate.
250 1063 416 1095 Enimvero
430 1073 525 1104 neque
540 1065 648 1096 Diana
659 1068 780 1096 castum
796 1064 1006 1105 Hippolytum
1020 1065 1132 1096 eximit
1149 1065 1327 1104 Inferet-um
1342 1066 1506 1106 caligine,·
1530 1077 1584 1099 nec

130 1105 262 1138 Theseus
270 1106 378 1138 dilecti
391 1106 534 1138 Pirithoi
545 1110 673 1139 catenas
683 1108 850 1146 infernales
860 1110 961 1148 potest
971 1108 1100 1139 solvere.

738 1191 856 1203 ooooo

858 1190 978 1203 oooooo

128 1253 238 1275 mnus
258 1244 367 1275 avidas
381 1244 534 1284 fugient,-
556 1245 687 1276 herebis
714 1246 812 1277 amico
832 1246 912 1280 Quoe
936 1245 1061 1276 dederis
1086 1245 1286 1277 unimo.1n
1309 1245 1433 1281 altero,
1461 1245 1584 1278 eodem

127 1285 230 1318 modo
245 1290 343 1317 extet
355 1291 483 1325 textus,
495 1286 575 1317 sed
567 1296 602 1318 m
616 1287 758 1326 haerebis,
768 1297 784 1318 s
800 1291 969 1318 mutatum
985 1292 1039 1318 est
1054 1287 1088 1318 in
1104 1291 1119 1317 t
1129 1297 1148 1317 a
1166 1287 1318 1318 secunda
1329 1297 1443 1318 manu.
1491 1288 1584 1319 Huic

128 1327 196 1359 Ms.
219 1327 380 1368 adjuncta
394 1332 448 1359 est
463 1329 590 1367 glossa,
605 1329 640 1359 in
658 1337 723 1369 qua
744 1328 910 1360 distincte
926 1328 1052 1377 legitur
1076 1329 1218 1367 haerebit,
1247 1329 1336 1369 quod
1361 1330 1579 1370 explicatur:

126 1370 239 1401 ‘illud
267 1375 362 1402 tuum
391 1370 481 1401 erit:

128 1413 316 1453 pertineat.
360 1411 439 1442 vid.
455 1411 582 1451 Syllog.
598 1412 708 1450 Epist.
727 1416 807 1441 tom.
819 1419 860 1441 ιι.

491 1369 671 1401 ’.Ψωᾰεῑ
675 1373 756 1400 —21
780 1370 924 1401 Salmas.
939 1371 1032 1409 conj.
1055 1371 1226 1410 splendide,
1240 1375 1280 1401 ut
1299 1370 1343 1401 ad
1362 1371 1582 1412 Torquatum

877 1420 910 1450 p.
925 1413 1001 1442 5⁷0.
1005 1413 1090 1442 —23
1115 1412 1189 1442 Nou
1203 1414 1248 1449 te,
1262 1411 1382 1443 Plance
1393 1422 1496 1451 genus
1510 1413 1584 1445 Alt-

127 1456 162 1486 8.
190 1453 272 1485 vid.
288 1453 416 1484 Varier.
433 1452 464 1482 in
480 1452 665 1492 Epigraph.
667 1454 752 1483 -24
770 1452 931 1492 Eripietp
933 1452 1014 1484 istas
1028 1451 1101 1484 Alt.
1114 1454 1146 1483 2.
1193 1453 1351 1484 Restituit
1364 1454 1468 1494 pietas
1481 1454 1585 1486 codd.

128 1505 186 1536 ap.
213 1495 358 1534 Cuning.
398 1493 562 1526 Restituunt
583 1494 686 1533 pietas
714 1493 848 1525 emend.
885 1494 1032 1534 Cuning.
1035 1497 1120 1526 —26
1142 1495 1241 1525 Idem
1273 1495 1421 1537 Cnniug.
1448 1497 1584 1529 emend.

128 1537 274 1611 ἵζ’-πίω
265 1537 480 1611 Pngorlrygmn
481 1539 567 1610 3212
569 1535 737 1620 5833?ss
738 1537 838 1610 13,ρὶ
840 1539 970 1620 1ἒξὸιί
985 1537 1107 1569 Venet.
1125 1539 1220 1569 1492.
1233 1537 1377 1570 Locher.
1389 1543 1428 1571 et
1443 1539 1587 1572 Ascens.

785 1653 927 1685 NOTAE

169 1719 210 1749 21
245 1715 414 1757 Splendida
445 1715 595 1757 arbitria]
627 1716 707 1747 Non
741 1716 830 1746 male

128 1765 292 1798 Heinsius
318 1766 579 1807 interpretatur,
604 1765 735 1806 gravis,
760 1774 831 1796 ma-

121 1815 263 1857 jestatis
291 1815 410 1856 plena:
450 1822 585 1846 veteres
614 1814 831 1855 Interpretes

129 1873 228 1907 aeque
242 1865 343 1903 bene,
359 1873 442 1895 vere
455 1869 491 1895 et
506 1862 703 1895 manifesta.

170 1914 293 1955 Minos]
319 1914 421 1955 Apud
438 1914 571 1946 Inferos
580 1913 703 1955 judex.
742 1913 831 1945 Vide

128 1973 155 1997 1.
170 1965 239 1998 Od.
254 1967 309 1996 28.
326 1974 370 1996 ιι.
386 1964 454 1996 Od.
469 1967 522 1996 13.

172 2018 214 2047 26
236 2014 378 2053 Inferius
392 2024 488 2055 neque
510 2014 605 2052 enim,
620 2012 691 2054 qma]
714 2012 831 2044 Morte

128 2073 194 2096 nee
209 2063 357 2096 liberant
368 2063 425 2095 Dii
441 2063 506 2095 sibi
523 2063 680 2094 dilectos.
717 2062 834 2094 Diana

130 2123 200 2146 non
214 2113 341 2146 Inferis
355 2114 458 2155 eripit
468 2113 712 2155 Hippolytum,
729 2112 834 2145 casti-

131 2162 215 2195 tatis
230 2162 509 2204 famainclytum.
532 2162 620 2193 Vide
629 2161 734 2193 Ovid.
744 2162 833 2193 Met.

133 2223 198 2246 xv.
218 2213 340 2246 Senec.
354 2213 460 2254 Trag.
473 2212 655 2254 Hippolyt-
669 2214 736 2244 &c.
767 2211 834 2244 Hic

131 2263 256 2296 Thesei
271 2267 308 2295 et
323 2263 521 2304 Hippolytae
538 2262 720 2294 Amazonis
736 2261 838 2302 filius,

131 2313 289 2346 celibem
304 2313 409 2345 vitam
426 2322 467 2344 ac
481 2312 669 2344 venationis
686 2312 835 2344 studium

131 2363 260 2404 colens,
284 2367 322 2395 et
347 2363 425 2394 hinc
446 2363 570 2394 Disnae
596 2372 709 2403 carim,
729 2361 836 2394 inter-

131 2413 319 2455 pellantem
344 2411 390 2444 de
415 2417 534 2453 stupro
563 2412 746 2444 Phaedram
776 2422 836 2444 no-

133 2474 270 2498 vercam
293 2469 432 2497 strenue
457 2465 597 2507 repulit.
630 2465 719 2497 Haec
740 2464 836 2496 illum

135 2514 228 2556 apud
244 2515 414 2548 Theseum
437 2515 572 2556 detulit,
594 2515 690 2556 quasi
704 2515 778 2556 ipse
791 2514 834 2546 ad

134 2561 299 2606 flagitium
313 2566 524 2607 pellexisset.
555 2566 768 2607 Hippolytus
783 2563 836 2597 fu-

137 2613 231 2654 gin
241 2615 365 2648 iratum
381 2621 513 2658 patrem
526 2626 662 2649 currum
673 2626 837 2649 conscen-

138 2663 270 2697 disset
284 2667 363 2708 equi
387 2667 506 2708 phocis
528 2666 687 2699 exterriti
701 2675 836 2698 currum

139 2715 178 2744 et
192 2712 300 2753 ipsum
313 2716 462 2757 aurigam
477 2727 538 2758 per
551 2717 650 2749 devia
662 2716 837 2749 trahentes

141 2761 407 2804 discerpserunt,
449 2775 640 2809 nomenque
679 2765 839 2798 fecerunt

143 2810 342 2852 Hippolyti,
363 2813 406 2844 ab
428 2815 536 2857 ἵππος,
557 2826 662 2856 equus,
682 2815 759 2853 λύω,
776 2815 841 2847 dis-

141 2861 238 2893 solvo.
274 2861 470 2895 Extinctum
493 2871 605 2897 tamen
627 2867 748 2899 Dianae
765 2874 841 2908 pre-

228 2913 343 2954 Delph.
367 2917 398 2946 et
418 2915 495 2947 Vur.
507 2916 593 2950 Clas.

822 2916 912 2947 Hora
917 2921 942 2947 t.

884 1715 979 1747 cibus
1005 1716 1231 1748 incolumitati
1259 1715 1414 1756 pristinae
1437 1715 1590 1748 restituit

884 1764 1120 1805 AEsculapius:
1145 1764 1236 1796 uude
1250 1764 1407 1796 Virbium
1424 1774 1461 1796 se
1481 1766 1591 1798 voluit

884 1814 1064 1854 appellari,
1074 1813 1171 1855 quasi
1185 1814 1236 1845 bis
1250 1814 1370 1846 virum.
1394 1813 1442 1846 At
1453 1814 1590 1847 demum

883 1863 955 1895 fato
981 1863 1138 1895 omnibus
1165 1864 1335 1895 communi
1366 1863 1504 1895 functus
1533 1864 1594 1896 de-

885 1913 1002 1945 cessit.
1039 1913 1260 1953 Quapropter
1283 1913 1327 1944 ab
1351 1913 1476 1945 Inferis
1494 1915 1591 1945 mini-

885 1971 941 1993 me
974 1962 1133 1994 libratum
1168 1962 1255 1994 dicit
1286 1962 1464 1996 Horatius.
1500 1963 1590 1996 Vide

885 2012 976 2044 Gen.
993 2021 1030 2044 x.
1047 2015 1099 2043 16.

927 2065 968 2094 27
985 2061 1130 2102 Lethea]
1142 2061 1251 2093 Lethe
1265 2060 1388 2093 fluvius
1396 2060 1589 2094 Inferorum

884 2120 948 2152 pro
959 2112 1042 2152 ipsis
1055 2111 1180 2143 Inferis
1193 2111 1334 2152 ponitur
1347 2110 1559 2153 frequenter.

933 2161 1082 2202 Theseus]
1120 2162 1187 2193 Hic
1224 2160 1314 2193 filius
1352 2161 1462 2202 AEgaei
1500 2162 1590 2203 regis

887 2211 1098 2243 Athenarum
1126 2216 1180 2244 tot
1208 2211 1356 2252 egregiis
1381 2211 1591 2244 facinoribus

886 2260 1039 2301 insignis,
1055 2266 1095 2293 ut
1115 2271 1178 2302 pro
1200 2261 1354 2293 Hercule
1376 2261 1512 2294 habitus
1528 2262 1590 2293 sit:

889 2310 1082 2342 Pirithoum
1102 2311 1280 2352 praecipua
1301 2310 1407 2342 coluit
1429 2310 1591 2350 amicitia,

889 2360 1118 2402 comitemque
1135 2360 1294 2391 assumsit
1306 2359 1349 2391 ad
1363 2358 1499 2392 Inferos
1515 2370 1592 2402 pro-

889 2409 1004 2441 fectus
1030 2409 1202 2451 rapiendae
1231 2409 1450 2450 Proserpinae
1479 2419 1592 2441 causa.

890 2460 1002 2492 Porro
1017 2459 1060 2492 sb
1085 2460 1237 2492 Hercule
1253 2469 1296 2491 cx
1313 2458 1440 2490 Inferis
1454 2463 1592 2499 ereptus

888 2517 1003 2542 secum
1038 2511 1146 2542 voluit
1182 2510 1373 2542 Pirithoum
1407 2509 1590 2540 attrahere.

890 2560 958 2592 Hic
974 2569 1056 2591 vero
1082 2559 1345 2601 superveniente
1371 2563 1474 2590 terrae
1497 2563 1592 2589 motu

891 2612 935 2643 ab
950 2621 992 2643 eo
1008 2612 1192 2643 distractus
1213 2619 1254 2641 ac
1277 2609 1442 2640 diremtos
1465 2607 1591 2640 ibidem

890 2661 1034 2693 vinculis
1043 2660 1250 2692 constrictus
1262 2659 1396 2690 mansit.
1419 2658 1592 2690 Plutarch.

892 2711 927 2742 in
937 2711 1017 2742 Vita
1026 2710 1159 2742 Thesei.
1171 2709 1312 2742 Diodor.
1327 2709 1433 2741 Sicul.
1446 2717 1481 2740 v.
1491 2710 1592 2741 ἅδεα.

935 2764 978 2793 28
999 2759 1161 2800 Pirithoo]
1185 2758 1314 2791 Ixionis
1329 2758 1385 2790 ille
1400 2757 1501 2798 filius,
1525 2768 1592 2799 ope

892 2811 1014 2843 Thesei
1029 2811 1220 2843 Centauros
1234 2809 1329 2850 vicit,
1341 2810 1406 2840 διο.
1430 2807 1520 2840 Vide
1535 2817 1592 2840 111.

896 2862 964 2894 Od.
981 2866 1013 2896 4.
1029 2862 1062 2894 in
1077 2861 1156 2902 fine,
1171 2860 1286 2903 ibique
1297 2860 1381 2893 Not·
