1904 3256
708 259 895 304 Epona&
930 272 1096 303 mame.

1538 260 1624 301 649

406 366 539 418 Quod
559 370 651 414 aut,
674 378 839 408 avarus
858 370 909 408 ut
922 366 1144 416 ChremeS,
1165 368 1281 407 terra
1301 377 1511 419 premam,

461 434 723 475 Discinctus
744 438 822 475 aut
842 433 1022 488 perdam
1042 437 1091 473 ut
1108 445 1260 486 nepos.

174 541 256 571 velut
273 539 419 571 Chremes
433 549 558 579 avarus,
571 540 619 571 vel
632 538 798 579 dilapidem
812 539 891 571 sicut
907 540 1005 571 helluo
1020 540 1198 572 dissolutus.

776 623 895 635 eoem

898 623 1018 635 ‘oeno

175 683 211 711 et
224 678 362 711 Wakef.
383 678 507 719 superbi
521 679 610 719 conj.
626 678 822 710 Markland.
837 679 878 709 ad
901 680 989 711 Stat.
1005 678 1096 718 Sylv.
1113 688 1137 710 ι.
1154 681 1187 710 3.
1202 681 1341 711 Sti—34
1365 678 1483 719 Nepos,
1499 677 1625 717 majus-

174 722 251 753 cula
274 722 318 753 N.
342 722 452 753 edidit
476 721 582 753 Kidd.
607 721 872 763 Antiquissimus
895 721 1003 753 codex
1026 731 1082 762 ap.
1101 721 1245 752 Dorvill.
1272 721 1400 753 charit.
1425 731 1457 762 p.
1471 723 1547 753 677.
1569 723 1623 750 aut

167 765 297 804 perdam
312 774 417 805 nepos,
429 764 549 796 omis'so
565 764 611 803 τῷ
626 767 672 795 ut.

829 826 968 859 NOTAE

167 901 300 929 norun,
317 892 407 933 apud
423 892 563 924 Terent.

211 945 255 975 ³4
279 943 459 975 Discinctus
477 946 533 980 aut
551 943 678 983 perdam
700 945 736 973 ut
758 941 867 982 nepos]

166 991 273 1024 Absit
284 993 386 1024 etiam
397 997 436 1025 ut
447 1002 528 1034 opes
539 992 693 1033 habeam,
706 1002 786 1034 quas
798 1002 868 1023 ma-

169 1043 202 1076 le
218 1043 358 1085 perdam
374 1053 414 1075 ac
430 1044 573 1085 prodige
586 1041 769 1076 effundam.

165 1094 170 1100 ”
215 1093 414 1135 Diximus]
440 1093 567 1133 Mollis,
590 1093 691 1129 iners,
715 1094 869 1134 ignavus,

170 1145 372 1176 luxuriosus.
403 1145 532 1176 Contra
545 1148 554 1162 ‘
566 1143 714 1175 cinctus'
729 1149 869 1175 vocatur

169 1204 276 1226 navus
290 1203 330 1226 ac
341 1193 451 1226 fortis.
496 1192 600 1235 Apud
613 1194 790 1233 Romanos,
803 1193 869 1225 dis-

168 1244 321 1282 ,cinctum
337 1253 396 1275 seu
420 1253 487 1274 non
504 1244 657 1275 cinctum
679 1243 819 1284 prodire
834 1243 868 1274 in

170 1293 360 1335 publicum,
373 1292 527 1324 dissoluti
542 1302 581 1323 ac
599 1291 724 1332 perditi
736 1292 870 1324 luxuria

921 892 1038 923 cineta
1047 882 1352 931 vestis‚discinetus
1361 891 1515 923 animus.’
1528 891 1625 922 Pers.

922 942 994 973 Sat.
1011 951 1067 973 ιιι.
1093 942 1102 959 ‘
1116 942 1195 974 Non
1220 941 1328 983 pudet
1348 942 1383 973 in
1406 951 1535 974 morem
1555 941 1622 973 dis-

920 992 1026 1023 cincti
1042 991 1158 1024 vivere
1175 991 1319 1024 Nattae!

965 1042 1086 1084 Nepos]
1098 1042 1154 1074 Ita
1163 1047 1308 1074 vocatur
1317 1037 1521 1082 luxuriosus,
1533 1042 1623 1084 quod

922 1091 954 1123 ei
969 1102 1036 1124 non
1050 1093 1159 1134 major
1174 1102 1257 1124 cura
1269 1094 1315 1125 sit
1328 1093 1376 1124 rei
1391 1103 1461 1125 suae
1478 1092 1623 1125 familia-

923 1142 981 1182 ris,
994 1152 1094 1183 quam
1110 1143 1198 1174 solet
1214 1143 1432 1184 essejuveni,
1448 1143 1546 1184 cujus
1562 1153 1622 1184 pa-

923 1196 975 1223 ter
1002 1197 1038 1223 et
1064 1202 1146 1224 avus
1167 1192 1277 1224 adhuc
1299 1193 1430 1234 vivunt,
1450 1202 1534 1234 quos
1556 1192 1624 1224 sibi

922 1242 1017 1274 novit
1032 1252 1114 1283 opes
1130 1251 1314 1282 congerere
1337 1248 1373 1274 et
1395 1242 1543 1284 opimam
1566 1242 1624 1274 he-

922 1291 1104 1324 reditatem
1119 1301 1333 1334 comparare.
1355 1293 1488 1325 Festus.

169 1343 312 1377 bominis
343 1347 427 1375 nota
447 1347 534 1374 erat.
576 1342 742 1374 Proverb.
767 1342 777 1359 ‘
792 1342 870 1374 Dis-

771 1494 900 1537 ODE
950 1496 1017 1538 11.

167 1595 330 1628 Horatius
345 1595 456 1628 dubiis
477 1595 568 1627 hisce
583 1593 794 1636 temporibus
809 1595 975 1637 incertus,
995 1595 1114 1627 civiles
1137 1595 1254 1627 turbas
1268 1595 1465 1638 urbanaque
1481 1596 1623 1637 negotia

209 1653 376 1690 pertaesus
390 1647 506 1680 forsan
520 1652 556 1680 et
573 1648 724 1688 potentis
747 1647 908 1680 amicitiae
932 1648 1080 1689 rigorem
1102 1653 1280 1690 expertus,
1294 1648 1470 1680 humilium
1486 1649 1622 1680 colono-

207 1709 282 1732 rum
297 1701 378 1733 vitae
388 1701 543 1732 invidere
554 1710 590 1732 se
604 1699 796 1742 profitetur.
820 1700 874 1732 De
886 1700 1032 1732 ridicula
1047 1701 1184 1733 interim
1198 1700 1291 1740 Aifii,
1305 1702 1378 1732 noti
1394 1700 1620 1740 foeneratoris,

207 1763 366 1796 persona,
380 1753 603 1786 urbanissima
619 1760 655 1786 et
677 1753 812 1785 Ironica
835 1752 1025 1794 Allegoria,
1046 1753 1201 1784 miranda
1226 1753 1410 1788 rusticanae
1427 1753 1507 1784 vitae
1531 1762 1622 1793 pra*-

207 1807 306 1840 eonia
329 1807 450 1839 referri
474 1808 547 1839 vult
570 1806 690 1838 videri.
734 1806 922 1849 (Videntur
944 1815 1026 1838 sane
1052 1806 1172 1839 ultima
1198 1807 1288 1840 odae
1316 1807 1500 1848 superioris
1530 1806 1618 1837 hanc

207 1861 302 1893 velut
325 1861 511 1902 peperisse.
537 1860 654 1900 Gan.)
696 1861 882 1902 (Exemplo
900 1859 984 1892 Alfii
1007 1859 1412 1900 foeneratorin,ostendit‚
1427 1870 1494 1892 non
1517 1858 1622 1891 facite

207 1923 399 1956 quenquam
426 1924 446 1945 a
461 1914 545 1946 lucri
564 1913 812 1946 consuetudine
827 1913 1003 1946 recedere·
1047 1913 1158 1946 Alfius
1173 1914 1264 1946 enim
1288 1914 1427 1946 beatum
1453 1912 1623 1955 praedicat

161 1978 172 1984 ·
206 1966 384 2008 rusticum,
399 1967 456 2009 qui
470 1976 534 1999 nee
549 1967 639 1998 curis
655 1971 692 1998 et
713 1967 891 2006 molestiis,
909 1976 993 2008 quas
1013 1965 1153 1999 foenoris
1179 1967 1366 2000 exercendi
1394 1967 1544 2000 studium
1563 1975 1622 2006 pa-

209 2020 288 2057 riat,
302 2026 459 2061 vexetur,
472 2030 537 2052 uec
550 2019 689 2060 militet,
702 2029 766 2051 nee
786 2024 1013 2052 mercaturam
1029 2025 1204 2061 exerceat,
1219 2030 1284 2053 nec
1301 2021 1411 2052 causis
1427 2018 1622 2052 forensibus

209 2072 269 2104 det
283 2082 435 2114 operam,
446 2082 510 2104 uec
523 2072 774 2114 potentioribus
786 2073 975 2105 bominibus
991 2073 1177 2114 gratificari
1189 2080 1344 2116 cogatur,
1357 2074 1418 2106 sed
1431 2074 1490 2116 qui
1504 2081 1621 2114 agrum

209 2125 312 2157 colat.
356 2124 471 2166 Atque
486 2125 609 2157 debinc
634 2126 764 2166 singula
777 2125 858 2157 vitae
879 2126 1016 2159 rusticae
1041 2127 1219 2159 commoda
1242 2132 1412 2160 recenset.
1458 2127 1508 2160 At
1530 2127 1620 2158 idem

207 2179 318 2219 homo,
333 2179 391 2222 qui
407 2179 550 2221 Jamjam
576 2178 723 2211 rusticus
743 2177 819 2210 fieri
834 2179 1011 2220 cupiebat,
1026 2180 1118 2212 intra
1140 2191 1268 2222 paucos
1283 2181 1370 2222 dies,
1386 2185 1521 2213 mutata
1545 2188 1622 2211 sen-

208 2232 331 2273 tentia,
345 2233 386 2264 ad
404 2233 488 2264 lucri
500 2232 782 2264 consuetudinem
799 2237 941 2274 repente
957 2233 1059 2267 redit.
1082 2233 1200 2276 Zeun.)

392 2309 598 2350 BEATUS
618 2309 710 2360 ille,
730 2309 807 2364 qui
827 2310 983 2363 procul
1003 2311 1204 2364 negotiis,

454 2375 520 2418 Ut
538 2377 690 2431 prisca
709 2389 816 2430 gens
837 2377 1103 2428 mortalium,

207 2474 301 2507 Felix
314 2476 380 2516 ille,
402 2476 457 2517 qui
471 2477 560 2517 longe
574 2485 594 2507 a
608 2475 756 2516 negociis,
775 2478 806 2507 et
828 2475 907 2507 liber
921 2475 960 2506 ab
974 2475 1078 2507 usuris
1093 2474 1244 2511 omnibus,
1268 2484 1363 2514 agros
1381 2476 1527 2514 paternos
1540 2471 1614 2503 colit

765 2560 1002 2573 eeeeeeeeeeee

207 2613 284 2646 Ode
305 2616 415 2657 prima
429 2615 526 2648 Libri
541 2616 651 2658 quinti
674 2616 708 2647 in
732 2616 797 2647 Ed.
814 2615 939 2646 Sanad.
986 2613 1182 2655 Epigrapbe
1199 2612 1233 2643 in
1248 2611 1325 2642 edd.
1340 2615 1425 2661 vett..
1447 2611 1529 2643 Vita
1543 2620 1612 2642 rus-

814 2700 955 2734 NOTAE

209 2761 360 2793 Metram
374 2762 463 2795 idem
477 2765 567 2806 quod
586 2765 695 2806 Epod.
710 2774 737 2797 1.
912 2763 1100 2797 confitente
1117 2760 1376 2803 Hypercritico,
1391 2765 1400 2779 ¹
1411 2770 1493 2792 saue
1509 2761 1610 2802 longe

210 2816 226 2844 1
251 2813 371 2845 Beatum
394 2812 459 2855 ille,
481 2815 550 2856 lym]
577 2816 665 2849 Haec
687 2815 781 2858 Ode,
804 2816 860 2848 vel
913 2813 1165 2857 pulcherrima.²
1213 2811 1394 2845 Indueitur
1421 2810 1611 2845 foenerator
