1890 3256
365 266 449 307 974
825 279 869 316 Q.
900 278 1103 308 HonATu
1138 275 1307 305 emec!

367 368 491 409 Fecit
509 381 605 409 cum
624 369 774 410 stravit
791 369 901 408 ferro
921 368 1082 419 pecus?
1113 366 1317 408 abstinuit
1336 368 1423 408 vim

364 433 516 474 Uxore
534 437 576 474 et
592 438 732 486 gnato,
753 432 868 471 mala
885 431 1018 471 multa
1038 436 1244 483 precatus
1262 431 1449 472 Atridis:

363 498 468 539 Non
486 500 559 540 ille
580 501 654 538 aut
672 497 901 544 Teucrum,
922 499 999 535 aut
1018 496 1160 548 ipsum
1182 496 1366 537 violavit
1387 497 1605 549 Ulyssem.

362 564 398 612 ῚῘ
416 564 576 605 Verum
598 575 694 614 ego,
715 564 762 600 ut
781 561 986 601 haerentes
1007 561 1191 602 adverso
1210 561 1350 602 littore
1369 574 1503 602 naves

361 629 594 682 Eriperem,
615 626 803 679 prudens
824 625 998 678 placavi
1014 626 1220 678 sanguine
1243 626 1397 666 Divos.

363 694 397 741 ἿῙ
419 693 587 744 Nempe
609 695 698 740 tuo,
719 691 894 731 furiose.
952 689 987 738 ἹῘ
1010 689 1135 742 Me03
1157 691 1233 731 sed
1253 704 1339 731 non
1361 692 1562 732 furiosus.
1588 727 1590 733 ,

362 758 396 806 qi
415 757 503 806 Qui
523 756 695 808 species
717 756 827 797 alias
845 757 951 805 veri,
972 756 1233 809 scelerisque
1256 757 1439 797 tumultu

361 821 598 863 Permistas
619 821 774 873 capiet,
793 825 1030 861 commotus
1050 821 1294 871 habebitur3
1325 827 1468 874 atque,

361 886 606 927 Stultitiane
625 889 750 934 erret,
771 885 948 925 nihilum
972 885 1162 934 distabit,
1183 899 1236 926 an
1255 886 1334 927 ira.

359 952 479 1003 Ajax
499 963 598 991 cum
619 951 852 991 immeritos
878 950 1053 999 occidit,
1075 950 1252 1003 desipit,
1274 953 1435 1003 agnos?

1689 563 1771 603 205

1687 889 1772 929 210

358 1074 438 1098 osus,
451 1066 570 1104 quando
583 1067 710 1105 pecudes
723 1075 792 1097 ense
805 1064 988 1104 jugulavit?
1008 1065 1088 1096 haud
1102 1066 1257 1104 coniugem
1271 1071 1302 1098 et
1311 1058 1417 1108 filium
1431 1068 1511 1099 loesit
1522 1079 1533 1099 .·
1553 1069 1638 1100 diras
1653 1069 1772 1108 quidem

295 1133 297 1136 .
357 1105 487 1146 infilios
500 1107 591 1138 Atrei
597 1107 748 1145 jactavit:
769 1111 803 1138 at
814 1117 868 1137 nec
883 1108 1030 1137 Teucrum
1043 1116 1097 1136 nec
1108 1107 1205 1146 ipsum
1222 1108 1356 1148 Ulyssem
1370 1110 1528 1148 percussit.
1573 1109 1695 1142 AGAM.
1710 1110 1771 1141 At-

358 1147 410 1186 qui
425 1151 460 1178 ut
473 1147 678 1180 abstraherem
691 1158 783 1179 naves
796 1149 900 1187 iniquo
914 1149 1018 1178 littore
1033 1148 1181 1184 detentas,
1195 1158 1251 1187 ego
1265 1150 1326 1180 rite
1338 1151 1461 1181 numina
1478 1150 1598 1190 placavi
1611 1152 1771 1189 sanguine.

355 1188 487 1220 S‘rnn'r.
530 1189 594 1220 Tuo
621 1190 772 1224 videlicet,
801 1189 917 1220 insane.
971 1188 1097 1219 Aemu-
1130 1190 1214 1229 Meo,
1245 1191 1376 1230 inquam,
1411 1193 1464 1222 sed
1487 1191 1610 1222 minime
1633 1193 1772 1224 imatus.

357 1229 485 1261 S'renT.
510 1230 622 1261 Verum
636 1232 688 1271 qui
701 1230 953 1271 speciebmfulsis
966 1233 997 1261 et
1006 1231 1117 1261 scelere
1129 1230 1263 1268 confusis
1275 1232 1534 1272 conspurcatisque
1547 1234 1680 1274 ducitur,
1691 1237 1773 1265 ceree

347 1271 488 1306 furiosus
500 1274 616 1303 censeri
629 1272 715 1303 debet
728 1283 739 1303 .·
758 1282 812 1304 nec
826 1272 954 1303 interest
967 1275 1070 1302 utrum
1081 1281 1136 1311 per
1149 1273 1301 1303 insaniam
1311 1283 1352 1303 «m
1364 1274 1511 1313 perirem
1519 1278 1632 1314 peccet.
1674 1275 1775 1306 Nim-

357 1312 430 1351 quid
444 1313 528 1349 Δφῖακ
549 1313 678 1354 insanit,
700 1323 768 1345 cum
785 1323 882 1353 agnos
897 1313 1025 1354 perimit
1047 1313 1242 1346 innocentes?
1271 1325 1311 1345 un
1333 1318 1368 1345 tu
1389 1319 1486 1346 mente
1499 1325 1576 1348 suna
1593 1326 1638 1355 es,
1652 1318 1773 1356 quando

945 1403 1182 1418 ”WOOO

356 1469 418 1498 203
447 1467 551 1498 Uxore
577 1471 607 1499 et
625 1471 722 1506 gnata
755 1468 849 1499 Harl.
864 1471 896 1499 4.
918 1468 928 1485 ‘
945 1467 1056 1499 Aliter
1077 1469 1283 1508 interpunxi,
1309 1470 1411 1500 Uxore
1429 1474 1459 1502 et
1485 1475 1598 1509 gnato:
1619 1481 1659 1502 m.
1675 1481 1716 1503 m.
1736 1482 1770 1512 p.

356 1508 492 1546 Atridis,
515 1509 601 1546 Non,
620 1511 671 1549 ἆγε.
695 1519 758 1540 uon
779 1510 851 1540 sine
880 1518 1008 1547 sensus,
1023 1515 1060 1540 ut
1084 1510 1226 1549 videtur,
1245 1511 1440 1542 commodo!
1458 1512 1679 1550 Wakefi—ssozt
1705 1512 1770 1544 Hic

355 1549 456 1579 etiam
472 1554 556 1580 vett.
571 1550 668 1580 codd.
688 1550 820 1580 Ulixem.
863 1550 950 1580 Vide
964 1550 1006 1580 ad
1024 1560 1070 1580 vs.
1088 1554 1265 1582 lov—208
1289 1554 1298 1568 ‘
1315 1552 1399 1582 Cum
1413 1553 1582 1584 Torrentii
1597 1553 1768 1585 codicibus

355 1594 391 1619 ct
408 1590 583 1620 Veteribus
593 1591 787 1621 Scholiastis
798 1591 876 1621 alius
890 1592 954 1621 veri
966 1592 1169 1630 reposuimus
1183 1602 1241 1631 pro
1253 1593 1330 1623 alias
1340 1594 1439 1624 veris.-
1455 1603 1528 1624 nam
1542 1594 1570 1624 S
1581 1594 1770 1625 detractum

354 1635 430 1660 erat
444 1631 594 1670 sequenti
611 1632 790 1662 vocabulo:
815 1637 932 1671 estque
950 1632 1175 1662 Hellenismus
1203 1643 1262 1672 pro
1283 1634 1361 1664 alias
1378 1644 1460 1672 vero,
1483 1644 1557 1675 quae
1581 1635 1771 1675 Cruquioua

355 1672 457 1702 lectio
473 1676 537 1703 est.
581 1673 754 1703 Bentleius
769 1673 819 1703 sic
835 1673 1055 1712 interpungit,
1068 1673 1191 1713 Species
1203 1675 1291 1714 altus,
1305 1677 1369 1705 veri
1382 1676 1561 1715 scelerisque
1574 1677 1715 1712 tumultu,
1730 1686 1770 1708 ne

354 1712 382 1743 si
396 1714 474 1744 alius
489 1714 655 1745 diceretur
670 1714 833 1753 absolute,
847 1715 934 1755 quod
950 1714 1043 1746 nobis
1065 1714 1286 1746 duriusculum
1305 1716 1460 1747 videtur.'
1487 1717 1581 1748 Baxt.
1623 1717 1704 1748 veris
1717 1721 1771 1748 est

355 1754 446 1794 conj.
465 1755 628 1795 Lambini,
642 1760 677 1786 et
693 1756 803 1795 placet
819 1755 980 1787 Vatartio.
1022 1757 1032 1772 ‘
1046 1756 1325 1795 Distinguendum
1342 1758 1450 1796 potius
1461 1768 1471 1788 :
1489 1758 1552 1793 Qui
1562 1758 1772 1798 micantius

354 1796 418 1825 veri
432 1796 620 1836 scelerisque.
643 1798 772 1827 tumultu
787 1797 957 1828 Permistas
978 1797 1087 1836 capiet,
1110 1802 1272 1829 commotus
1285 1799 1454 1830 habebitur.
1478 1799 1541 1830 hoc
1558 1805 1668 1830 temen
1683 1799 1767 1830 inte·

355 1845 462 1875 grum,
479 1837 520 1866 ad
536 1838 670 1868 lectoris
682 1838 854 1868 arbitrium
870 1837 1070 1868 deferimus!
1091 1839 1315 1875 Wakefi—‘AEll
1339 1843 1347 1856 ⁶
1358 1839 1445 1877 Ajuoe
1457 1840 1623 1870 immeritos
1635 1841 1706 1871 dum
1720 1850 1769 1870 oc-

353 1877 444 1916 cidit]
470 1877 666 1909 Derivatum
694 1885 747 1909 est
772 1879 835 1909 hoc
865 1879 908 1908 ab
933 1878 1145 1908 Editionibns
1171 1880 1306 1918 priscis3
1330 1880 1407 1910 inde
1430 1880 1463 1910 in
1489 1881 1655 1921 plerisque
1680 1890 1768 1912 nunc

354 1917 599 1950 circumfertur.
641 1919 688 1950 At
703 1919 790 1949 solus
806 1928 848 1948 ex
863 1920 984 1950 nostris
1003 1920 1198 1958 Reginensis
1217 1921 1305 1957 dum;
1329 1923 1433 1951 ceteri
1448 1931 1538 1957 cum:
1559 1928 1595 1952 ut
1621 1922 1769 1961 plerique

355 1960 491 1990 auorum
507 1959 651 1998 habent;
674 1964 710 1990 et
725 1960 758 1990 id
774 1969 888 1990 versus
904 1969 1043 2000 sequens
1058 1960 1251 1991 confirmat:
1270 1962 1346 1991 Cum
1363 1964 1496 2001 prudens
1508 1962 1659 1993 admittis.
1705 1963 1768 1993 Ce-

355 2006 462 2030 terum
479 2001 577 2031 aliter
593 2001 694 2032 verba
709 2001 916 2039 ordinantur,
937 2011 1010 2031 cum
1034 2002 1066 2032 in
1090 2002 1299 2040 Cruquiauis,
1316 2008 1385 2032 tum
1409 2005 1441 2033 iu
1463 2004 1598 2041 nostris,
1620 2003 1769 2035 zaliche-

354 2042 473 2082 miano,
485 2042 747 2083 Magdalenensi,
760 2048 795 2074 et
809 2043 924 2083 Regiae
939 2043 1136 2074 Societatis:
1152 2043 1236 2081 Ajux
1249 2054 1316 2074 cum
1331 2045 1496 2075 immeritos
1510 2045 1633 2085 occidit,
1645 2045 1769 2085 desipit,

992 2138 1022 2168 N
1029 2137 1130 2169 OTAE

393 2199 455 2228 203
475 2198 594 2237 Uxore]
616 2199 807 2231 Tecmessa.
853 2199 952 2239 Nato]
969 2201 1034 2242 Eu-

351 2255 482 2286 rysace.
506 2247 643 2287 Atridis]
659 2247 898 2288 Agamemnoni
912 2254 948 2280 et
963 2249 1034 2279 Me-

353 2295 461 2373 ηεὲἶΐ
479 2342 639 2382 Teucrum]
662 2344 811 2375 Fratrem
827 2354 932 2376 suum.

399 2391 552 2432 Ulyssem]
586 2393 648 2424 Cui
675 2396 783 2424 tamen
813 2392 900 2434 Ajax
930 2394 1031 2424 iratus

353 2449 509 2472 maxime.

1085 2199 1183 2232 Quod
1207 2200 1233 2230 si
1259 2201 1368 2232 animo
1391 2205 1512 2239 stares,
1535 2201 1562 2231 si
1584 2205 1764 2232 commotus

1085 2257 1149 2278 non
1169 2257 1270 2285 esseS,
1298 2258 1392 2279 veras
1417 2248 1531 2288 utique
1556 2249 1686 2287 species
1706 2249 1764 2279 ba·

1084 2295 1224 2331 buisses.
1248 2301 1375 2337 rectum
1397 2296 1496 2327 animi
1517 2305 1696 2335 servasses,
1716 2301 1764 2328 ut-

1084 2353 1148 2384 que
1160 2344 1242 2375 adeo
1253 2343 1474 2375 intellexisses
1485 2344 1624 2375 bominis
1636 2345 1764 2376 caedem

1083 2392 1170 2423 haud
1183 2392 1315 2432 plaeere
1325 2392 1524 2428 numinibus,
1535 2402 1554 2423 a
1562 2393 1681 2433 quibus
1694 2394 1764 2425 vita

1085 2442 1179 2472 nobis
1198 2441 1375 2472 tribuitur:
1399 2449 1507 2482 neque
1524 2450 1607 2472 vana
1628 2442 1762 2474 honoris

394 2492 457 2520 208
481 2489 546 2524 Qui
563 2491 676 2529 species
695 2491 773 2521 alias
790 2491 866 2526 veri,
878 2491 948 2530 ὅπη]
971 2492 1033 2522 Ur-

353 2543 409 2576 get
433 2538 624 2579 Stertinius,
646 2540 739 2583 quasi
761 2539 910 2571 diceret:
934 2540 1036 2572 immo

353 2586 495 2619 furiosus
519 2597 554 2619 es
575 2597 616 2619 ac
636 2588 784 2628 demens,
799 2589 925 2630 quippe
939 2589 1032 2621 falsis

355 2644 463 2666 rerum
487 2636 665 2676 speciebus
693 2637 821 2674 illusus,
853 2643 955 2679 atque
978 2638 1034 2680 (ut

353 2683 401 2713 ait
413 2682 483 2713 Cic.
497 2684 593 2715 Tusc.
611 2693 644 2715 v.
661 2694 692 2715 n.
706 2685 776 2726 98.)
792 2687 803 2703 ‘
818 2691 964 2717 mentem
974 2687 1032 2717 ha-

353 2730 412 2762 bes
440 2731 600 2763 imbutam
634 2734 808 2773 pravitatis
840 2733 1030 2766 erroribus:

1084 2489 1268 2530 cupiditate
1283 2489 1443 2529 deceptus
1457 2490 1580 2521 crimen
1592 2489 1763 2521 infandum

1083 2539 1233 2579 speciosa
1262 2537 1428 2577 religionis
1463 2538 1580 2569 umbra
1616 2539 1761 2571 velatum

1083 2588 1186 2618 stulte
1201 2586 1399 2617 admisisses.
1442 2586 1543 2618 Certe
1565 2597 1645 2619 sans
1669 2597 1761 2619 mens

1081 2637 1219 2667 ‘causas
1243 2643 1354 2665 rerum
1380 2639 1416 2666 et
1439 2637 1691 2668 consecutiones
1714 2636 1760 2668 vi·

1082 2683 1164 2716 det.’
1185 2683 1254 2714 Cic.
1269 2683 1310 2715 de
1327 2683 1462 2715 Finibus
1477 2693 1518 2716 ιι.
1533 2693 1566 2716 n.
1577 2687 1630 2717 ⁴5.
