1956 3236
548 272 827 304 Sunuci-um
860 271 957 302 mn.
987 271 1019 302 1.
1048 262 1090 303 6.
1473 261 1558 303 861

107 369 258 418 Nunc,
281 368 399 422 quia,
423 366 667 416 Maecenas,
687 367 768 408 tibi
788 379 885 408 sum
903 366 1156 418 convictui-3
1184 369 1229 408 at
1249 365 1369 415 olim,

109 434 246 486 Quod
265 435 370 476 mihi
389 438 560 487 pareret
579 433 696 486 legio
718 433 923 474 Romana
941 432 1131 474 tribuno.

108 501 339 543 Dissimile
357 500 444 541 hoc
463 499 529 540 illi
550 503 642 540 est:
673 500 776 553 quia
795 512 904 550 non,
926 503 976 541 ut
995 499 1124 540 forsit
1152 498 1360 540 honorem

107 567 138 608 J
144 579 218 609 ure
238 567 344 608 mihi
364 566 564 607 invideat
584 566 744 619 quivis,
767 566 828 607 ita
848 570 890 607 te
911 564 1320 620 quoque'amicum!
1504 567 1561 607 50

108 633 357 676 Praesertim
379 637 559 675 cautum
580 633 735 685 dignos
755 646 995 683 assumere,
1018 645 1158 686 prava

107 699 362 743 Ambitione
380 701 550 754 procul.
611 699 807 741 Felicem
829 700 972 742 dicere
992 713 1079 740 non
1101 700 1185 741 hoc

109 767 189 808 Me
207 779 406 822 possum,
427 779 536 807 casu
557 767 676 820 quod
696 772 742 808 te
763 767 943 808 sortitus
965 767 1177 808 amicum:

108 833 248 876 Nulla
267 834 427 876 etenim
447 833 554 874 mihi
575 838 617 877 te
636 833 730 875 fors
751 832 937 874 obtulit:
968 833 1164 886 optimus
1187 832 1292 874 olim

106 966 188 1006 quod
201 965 288 996 modo
303 965 362 995 sim
381 967 452 996 tuus
469 965 611 1004 conviva,
632 974 649 995 ο
669 964 828 996 lisa-cenas
836 975 849 1000 ;
870 965 1021 1005 quondam
1036 973 1107 994 cero
1121 964 1289 1004 proesectus
1303 974 1399 995 essem
1417 964 1566 995 Romane

106 1007 234 1047 legioni.
279 1007 351 1038 Hoc
364 1007 404 1038 ab
418 1007 470 1038 illo
484 1006 606 1048 differt.
653 1007 804 1042 Quamvis
814 1006 896 1038 enim
910 1007 1098 1045 dignitatem
1112 1006 1207 1037 istam
1221 1006 1443 1044 mihisortasse
1456 1007 1568 1037 merito

106 1049 260 1090 quispiam
280 1049 419 1080 invidere
433 1054 538 1089 queat,
552 1052 585 1079 ut
606 1059 668 1080 non
687 1049 809 1089 pariter
824 1052 910 1080 tuam
932 1048 1103 1079 amicitiam
1114 1059 1127 1085 ;
1149 1049 1283 1080 maxime
1303 1059 1372 1079 cum
1386 1049 1499 1087 dig-uos
1514 1049 1570 1079 eli-

106 1100 182 1130 gere
193 1101 314 1130 coneus,
325 1101 470 1131 perversa
483 1091 650 1123 ambitione
665 1092 756 1130 longe
778 1092 879 1131 pulsa.
926 1091 974 1121 Ob
987 1091 1043 1122 hoc
1063 1101 1110 1122 me
1124 1090 1326 1127 fortunatum
1340 1092 1494 1131 appellare
1515 1100 1567 1121 ne·

109 1142 196 1173 queo,
211 1135 291 1174 quod
305 1133 443 1171 fortuito
458 1137 567 1165 noctus
581 1135 641 1164 sim
656 1136 687 1164 te
700 1132 834 1164 anticum
844 1145 854 1164 .·
877 1133 964 1164 nullu
977 1133 1230 1174 quippesortuna
1244 1133 1323 1164 mita·
1337 1134 1423 1165 dedit
1438 1136 1468 1165 te
1480 1143 1491 1164 .·
1516 1135 1570 1164 sed

723 1238 964 1252 eeeeeeeee

110 1321 215 1357 natus,
231 1321 269 1348 ut
284 1325 359 1347 cum
380 1325 478 1347 versu
494 1320 659 1357 sequente
674 1315 924 1356 conjungatur:
950 1325 1050 1356 quam
1069 1316 1250 1348 lectionem
1265 1325 1332 1346 non
1349 1323 1484 1355 possum
1500 1324 1570 1346 non

110 1359 289 1400 amplecti..
318 1358 454 1398 Frigida
470 1359 572 1395 enim,
588 1367 632 1388 ne
649 1358 756 1389 dicum
775 1358 908 1397 inepta,
925 1357 984 1388 illa
999 1359 1158 1398 repetitio
1175 1357 1251 1389 est!
1272 1357 1468 1388 Lamb.—47
1486 1357 1572 1388 Nam

112 1402 186 1443 quia
197 1401 260 1433 sim
273 1400 332 1432 tibi
344 1401 501 1431 Μαι-ωας
516 1400 674 1430 convictor
691 1400 725 1430 in
748 1399 950 1439 quibusdam
974 1399 1228 1440 exemplaribus
1251 1398 1419 1430 Lambini.
1466 1399 1571 1438 Nunc,

73 1447 79 1452 '
110 1445 184 1485 quin
197 1444 258 1475 cin
273 1442 345 1481 tibi,
358 1442 527 1482 Μαι-ωας,
542 1441 698 1472 convictor
712 1440 812 1473 Gott.
827 1441 924 1472 Harl.
937 1443 970 1471 7.
986 1441 1142 1472 nonnulli
1158 1451 1213 1481 ap.
1229 1441 1346 1472 Bentl.
1362 1440 1520 1472 Pulman.
1537 1446 1573 1471 et

110 1486 243 1518 Bersm.
257 1485 339 1516 item
355 1483 472 1515 Zarot.
489 1493 544 1523 ap.
561 1482 668 1514 Gesn.
685 1481 872 1514 Heindorf.
902 1483 1092 1523 Num-,quia
1104 1493 1173 1515 sum
1188 1483 1260 1523 tibi,
1273 1483 1570 1522 Moecenas‚convic-

110 1531 162 1559 tor
175 1536 263 1558 nnus
278 1525 370 1558 Han.
393 1525 493 1557 Harl.
508 1529 540 1557 3.
555 1528 588 1556 4.
605 1528 638 1556 6.
662 1525 797 1565 plurimi
813 1534 867 1565 ap.
883 1524 997 1556 Bentl.
1016 1526 1148 1557 Bersm.
1164 1531 1200 1557 et
1215 1525 1462 1564 Pulmannum3
1487 1525 1570 1557 item

110 1569 252 1602 Mediol.
271 1570 366 1600 1477.
387 1569 531 1599 Venett.
549 1570 645 1599 1477.
662 1570 758 1598 1478.
774 1569 869 1599 1479.
886 1569 979 1598 1490.
994 1570 1091 1600 1492.
1115 1573 1152 1599 et
1167 1568 1247 1599 Vet.
1263 1566 1385 1599 Comb.
1409 1567 1497 1607 quod
1520 1577 1570 1598 re-

109 1610 507 1692 3322023532'23353‘34
523 1610 840 1691 Ὲῑὸὃῖιῖῗὲὶὲξῖὲ
855 1608 1572 1691 ‘Xfxssffffffflssffifflssflzfflxss>zm-‘t

109 1705 178 1728 non
192 1697 318 1733 sor-san,
334 1695 382 1726 sic
399 1701 436 1726 et
451 1695 532 1725 Vet.
546 1694 657 1726 Schol.
694 1694 703 1710 ‘
721 1694 841 1724 Honor
865 1692 1008 1724 forsitan
1033 1703 1100 1724 non
1123 1694 1284 1724 convenit
1308 1692 1460 1723 libertini
1476 1691 1547 1723 filio
1562 1704 1570 1723 ;

77 1747 85 1750 ·
112 1738 263 1770 amicitia
280 1737 340 1768 viri
357 1737 469 1777 magni
486 1746 589 1776 quare
604 1745 672 1766 nou
696 1736 878 1767 conveniat
902 1734 1062 1766 docto?''
1085 1736 1277 1767 Baxt.-52
1301 1735 1390 1765 Dan.
1406 1734 1571 1765 Heinsius

111 1789 175 1822 pro
190 1790 249 1812 non
265 1782 322 1811 hoc
337 1780 440 1811 scribi
467 1779 570 1810 vellet
591 1788 653 1809 non
677 1778 739 1818 hic,
764 1778 978 1817 improbante
1002 1777 1176 1809 Gronovio
1201 1778 1234 1808 in
1261 1778 1374 1817 Epist.
1392 1776 1572 1816 Salmasiu,

111 1822 240 1864 Syllog.
257 1823 368 1862 Epist.
393 1827 473 1853 tom.
488 1830 529 1852 ιι.
553 1831 586 1861 p.
603 1823 762 1851 568.—53
786 1820 843 1851 Me
862 1822 991 1860 possunt
1010 1820 1128 1851 Bentl.
1154 1829 1197 1850 ex
1217 1820 1298 1851 Vet.
1322 1819 1435 1850 Schol.
1462 1822 1498 1850 et
1520 1820 1570 1850 sic

111 1865 231 1897 zarot.
259 1868 295 1896 et
321 1863 499 1895 duodecim
526 1863 604 1895 edd.
629 1872 684 1902 ap.
705 1862 849 1901 Coning-
892 1863 950 1892 Me
969 1862 1070 1902 possit
1087 1863 1234 1902 Cuning.
1251 1871 1293 1892 ex
1310 1860 1410 1893 codd.
1426 1870 1570 1901 eumque

111 1907 221 1941 locuti
233 1906 361 1938 Sanad.
377 1911 412 1937 et
429 1906 582 1938 Francis.
626 1905 684 1936 Me
695 1905 811 1944 possim
826 1903 925 1934 Harl.
939 1906 971 1934 2.
987 1903 1087 1934 Gott.
1106 1908 1140 1935 et
1158 1905 1244 1935 Exc.
1261 1904 1340 1935 Sax.
1377 1903 1435 1934 Me
1448 1912 1572 1943 possum

114 1958 200 1981 nnus
218 1949 310 1981 Han.
327 1949 426 1980 Harl.
443 1951 473 1980 3.
488 1950 520 1979 4.
533 1951 566 1979 6.
582 1950 616 1979 7.
638 1946 782 1978 Mediol.
800 1948 894 1977 1477.
915 1946 1058 1978 Veneti.
1075 1948 1170 1976 1477.
1187 1949 1282 1978 1478.
1298 1948 1393 1976 1479.
1419 1945 1572 1977 Florent.

113 1993 210 2023 1⁴82.
246 1991 288 2023 R.
301 1990 419 2031 Steph.
435 1990 547 2022 Bond.
561 1989 733 2022 Schrevel.
747 1988 872 2028 Delpb.
889 1988 1055 2027 Dunster,
1067 1988 1211 2019 Wetzel.
1229 1987 1413 2019 Heindorf.
1428 1988 1570 2028 Bipont.

115 2033 220 2066 But.
233 2033 342 2065 Gesn.
358 2033 466 2065 Zeun.
481 2037 518 2064 et
533 2032 739 2063 Comb.—54
761 2032 770 2047 ‘
787 2031 994 2071 Disquirunt
1005 2030 1060 2061 hic
1074 2030 1304 2071 Interpretes,
1316 2036 1474 2061 utrumne
1491 2030 1574 2061 Fors

115 2083 158 2106 an
173 2084 241 2107 sors
254 2075 436 2115 legendum
452 2074 519 2112 sit3
543 2083 685 2114 qnorum
702 2071 785 2103 illud
802 2072 836 2102 in
853 2071 1007 2114 principe
1021 2073 1170 2112 Veneta,
1187 2074 1249 2104 hoc
1274 2073 1308 2103 in
1333 2073 1476 2104 Locheri
1502 2073 1573 2104 edi-

115 2118 207 2149 tione
222 2121 410 2156 comparet.
456 2115 560 2147 Certe
585 2115 620 2145 in
647 2113 891 2144 vetustioribus
912 2115 1038 2145 nostris
1062 2116 1239 2146 codicibus
1264 2116 1357 2147 clare
1386 2114 1572 2146 exhibetur

105 2159 202 2197 for-⁸5
229 2168 272 2190 ne
295 2158 358 2190 hac
384 2158 427 2189 de
451 2166 550 2188 causa
581 2155 736 2188 Lambini
766 2154 869 2188 fidem
897 2155 1085 2189 labefactet
1106 2167 1242 2198 semper
1272 2167 1353 2199 erga
1382 2158 1476 2189 illum
1509 2157 1570 2188 ini-

114 2202 214 2243 quior
226 2201 440 2232 Torrentius.
483 2200 622 2231 Tacitus
639 2197 762 2230 Annal.
779 2197 838 2229 lib.
854 2207 896 2230 11.
911 2208 987 2238 cap.
1004 2202 1057 2231 42.
1073 2199 1133 2230 lib.
1149 2209 1228 2231 xiv.
1245 2210 1323 2240 cap.
1335 2204 1366 2232 5.
1412 2200 1461 2231 At
1478 2200 1572 2231 Hist.

113 2244 173 2276 lib.
190 2251 243 2275 tv.
273 2253 350 2284 cap.
381 2245 407 2274 1.
445 2242 455 2259 ‘
484 2241 616 2273 Passim
644 2240 839 2280 trucidatis,
864 2245 903 2272 ut
927 2250 1095 2283 quemque
1118 2251 1191 2273 sors
1214 2242 1388 2274 obtulerat
1402 2254 1410 2274 :
1437 2242 1494 2273 ubi
1521 2249 1572 2273 ta-

113 2295 206 2326 men,
231 2290 268 2318 ut
291 2290 407 2324 autea,
429 2285 439 2303 ‘
453 2283 545 2315 fors'
574 2282 806 2325 reponendum
828 2287 893 2314 est.
935 2283 1020 2322 Sed,
1041 2284 1119 2315 dum
1142 2285 1324 2316 leviculum
1340 2285 1404 2316 hoc
1421 2285 1571 2316 solicitos

113 2337 174 2360 eos
189 2327 306 2363 babet.
321 2326 404 2359 illud
428 2327 575 2366 interim,
591 2326 680 2368 quod
698 2327 797 2365 longe
817 2325 953 2367 gravius
969 2331 1036 2366 est,
1051 2327 1189 2367 impune
1203 2327 1258 2358 bic
1275 2328 1423 2368 grassari
1440 2328 1571 2366 patiun-

114 2374 193 2405 tur:
218 2370 317 2403 Nulla
331 2370 446 2402 etenim
461 2369 539 2401 mihi
554 2373 584 2400 te
596 2369 671 2407 sors
693 2368 818 2400 obtulit.
865 2368 923 2400 lta
937 2378 1054 2400 omnes
1072 2369 1196 2411 ubique
1213 2370 1383 2402 dederunt
1399 2370 1568 2401 editores:

773 2474 915 2506 NOTAE

159 2544 202 2574 ⁴8
225 2543 316 2578 Quod
329 2542 406 2573 milui
423 2546 546 2583 pareret
560 2542 643 2581 legio
659 2541 815 2581 Roman]
867 2549 947 2571 raro
963 2540 1110 2580 indiguis
1125 2541 1226 2570 etiam
1242 2539 1303 2569 dat
1318 2537 1455 2568 fortuna
1470 2547 1477 2567 :
1503 2546 1570 2568 non

119 2592 204 2624 Cum
215 2592 248 2623 in
263 2593 364 2624 Bruti
380 2593 498 2624 castris
508 2593 701 2624 militarem.
724 2590 814 2622 Vide
870 2598 949 2620 vero
975 2589 1134 2620 amicitiae
1158 2593 1194 2620 et
1217 2588 1337 2629 gratiae
1354 2586 1444 2627 apud
1460 2587 1569 2618 virum

121 2650 162 2672 ιι.
179 2639 249 2672 od.
262 2643 296 2673 7.
869 2640 1074 2680 sapientem,
1089 2638 1145 2680 qui
1159 2647 1224 2670 non
1237 2638 1302 2669 nisi
1312 2637 1431 2678 dignos
1443 2636 1569 2678 eligere

163 2693 206 2722 49
230 2690 460 2725 Diu-imvm
473 2691 594 2732 illiont]
618 2690 814 2723 Honoribus
870 2689 1101 2731 cognoscitur.
1494 2699 1499 2701 ·

122 2742 263 2783 quisque
292 2738 443 2773 invidere
477 2747 601 2782 potest,
634 2752 718 2783 quos
749 2750 815 2772 non
