1956 3236
597 296 871 329 salmonum
907 294 999 326 mn.
1031 294 1064 324 1.
1093 283 1134 324 4.
1497 278 1581 321 829

143 397 366 450 Tempora
385 396 506 436 certa
526 391 783 444 modosque,
801 394 846 430 et
865 387 982 442 quod
1002 386 1124 440 prius
1144 383 1292 425 ordine
1308 383 1488 424 verbum
1503 385 1583 431 est,

144 463 376 505 Posterius
396 460 552 508 faciam,
573 469 832 511 praeponens
853 454 1007 496 ultima
1027 451 1200 506 primis;

145 530 264 580 Non,
284 533 333 571 ut
352 528 391 569 si
409 527 569 574 solvam,
591 527 604 545 ‘
622 524 870 576 Postquam
892 519 1116 562 discordia
1135 522 1247 560 tetra

146 596 259 638 Belli
278 595 460 636 senatos
480 593 644 644 postes,
663 594 900 642 portasque
920 585 1098 638 refregit
1110 584 1142 636 ς’

147 661 351 703 Invenias
371 659 507 700 etiam
527 656 701 710 disjecti
723 650 918 696 membra
938 652 1112 694 Po'etae·

146 728 378 770 Hactenus
398 725 523 766 haec:
555 723 681 772 aliaS‚
695 722 866 776 justum
887 722 946 762 sit
967 731 1105 760 necne
1127 716 1318 759 Polima:

147 795 280 837 Nunc
295 792 403 835 illud
424 794 593 832 tantum
614 801 834 842 quaeram3
864 786 1073 828 meritone
1095 785 1176 826 tibi
1199 785 1260 825 sit

147 860 408 913 Suspectum
429 869 565 910 genus
583 856 666 897 hoc
689 853 923 896 scribendi.
984 851 1158 892 Sulcius
1180 862 1281 891 acer

147 925 359 968 Ambulat
377 928 423 965 et
443 922 650 976 Caprius,
669 920 795 961 rauci
815 919 945 968 male,
966 930 1153 970 cumque
1174 916 1363 966 libellis3

147 992 338 1045 Magnus
357 993 540 1042 uterque
560 988 691 1028 timor
710 986 953 1028 latronibus
968 998 990 1027 z.
1010 987 1055 1025 at
1074 984 1184 1024 bene
1204 983 1242 1023 si
1264 982 1365 1035 quis

146 1058 205 1100 Et
223 1057 349 1099 vivat
368 1056 489 1110 puris
509 1054 724 1102 manibus,
746 1055 996 1094 contemnat
1014 1053 1261 1102 utrumque.

1529 513 1585 555 60

148 1175 239 1213 alque
259 1173 425 1214 posterior-i
439 1175 500 1205 loco
515 1175 635 1204 statuas
648 1171 823 1203 vocabulum
846 1170 926 1211 quod
947 1173 1015 1201 erat
1036 1170 1137 1210 prius,
1152 1172 1291 1200 extrema
1315 1177 1429 1208 ponens
1442 1170 1515 1198 ante
1527 1165 1591 1205 pri·

149 1224 222 1251 ma,-
242 1224 304 1246 m
328 1217 390 1247 erit
414 1217 496 1246 idem
508 1225 545 1246 ac
564 1214 592 1245 si
614 1213 765 1245 dissolvas
783 1213 849 1243 hoec
861 1223 871 1242 .-
894 1211 1066 1252 Postquam
1080 1215 1163 1242 tetra
1177 1211 1334 1242 discordia
1348 1210 1482 1249 refregit
1491 1210 1593 1249 postes

142 1255 284 1303 ,ferratos
297 1260 329 1288 et
340 1261 446 1297 portas
470 1257 553 1288 belli.
599 1255 636 1286 In
660 1256 710 1286 his
723 1254 804 1286 enirn
818 1254 955 1294 reperias
978 1254 1078 1284 adhuc
1097 1257 1201 1293 partes
1215 1253 1362 1292 discerpti
1376 1252 1487 1292 po'e‘ue.
1531 1249 1594 1280 Sed

149 1301 215 1329 isla
228 1298 287 1330 lmc
297 1308 405 1339 usque.
448 1298 522 1330 Alio
537 1301 670 1337 tempore
692 1298 862 1336 expendam
876 1299 981 1326 utrum
995 1296 1140 1326 comoedia
1153 1295 1196 1326 eit
1211 1305 1317 1327 verum
1332 1303 1465 1333 cannen,
1481 1300 1593 1324 annon.

151 1340 228 1370 Jam
237 1350 310 1372 vero
324 1341 358 1372 id
372 1350 467 1372 unum
479 1339 651 1379 scrutabor,
672 1348 713 1369 an
719 1338 794 1376 jure
817 1338 950 1368 invisum
965 1337 1024 1369 tibi
1042 1338 1086 1368 sit
1100 1337 1184 1368 istud
1205 1337 1359 1368 scribendi
1371 1345 1478 1375 genus.
1521 1333 1594 1364 Sul-

151 1381 218 1413 cius
232 1384 344 1414 ardens
358 1382 485 1417 incedit,
505 1381 626 1420 pariter
642 1383 672 1410 et
692 1380 824 1419 Caprius
851 1379 986 1417 maligne
1007 1380 1107 1418 rauci,
1122 1382 1153 1410 et
1174 1388 1242 1409 eum
1256 1378 1380 1417 libellis,
1394 1381 1487 1417 atque
1501 1377 1596 1407 laero-

151 1423 242 1455 nibus
256 1425 345 1455 valde
354 1423 580 1462 formidabiles.
624 1421 686 1452 Sed
697 1421 835 1461 quisquis
847 1420 941 1460 probe
955 1423 985 1451 et
995 1420 1172 1451 innocenter
1184 1420 1276 1460 civit,
1287 1419 1407 1460 spernit
1418 1422 1593 1457 utrumque.

745 1511 989 1526 aeueooooeooo

152 1584 195 1614 62
220 1581 363 1612 Invenies
382 1580 480 1612 Harl.
494 1582 526 1611 6.
543 1581 574 1612 7.
608 1578 751 1610 venett.
771 1583 805 1610 et
821 1577 903 1612 Vet.
922 1577 1128 1610 Comb.-65
1154 1576 1282 1609 Fulcias
1311 1576 1429 1608 Zarot.
1454 1573 1596 1606 Mediol.

152 1625 248 1655 14⁷⁷.
264 1628 300 1655 et
314 1623 455 1654 Venett.
473 1624 567 1653 14⁷⁷.
591 1623 686 1652 1478.
713 1623 893 1653 1479.-68
917 1621 962 1651 Et
986 1619 1077 1660 puris
1096 1620 1182 1650 vivat
1195 1618 1336 1649 manibus
1360 1617 1476 1649 Lamb.
1494 1617 1596 1656 Cruq.

150 1665 312 1698 Torrent.
327 1665 498 1697 Schrevel.
511 1664 678 1698 Dunster,
691 1667 727 1694 et
742 1663 871 1702 Delph.
917 1663 961 1694 Ec
973 1662 1056 1693 vival
1069 1662 1158 1702 puris
1166 1660 1308 1691 manibus
1317 1669 1432 1691 omnes
1447 1657 1546 1689 codd.
1561 1662 1597 1688 et

805 1758 943 1790 NOTAE

196 1827 238 1857 58
264 1824 414 1865 Tempora
431 1826 518 1855 certa
539 1821 718 1862 modosque]
739 1821 848 1863 Sylla-

152 1870 271 1906 barnm
281 1874 519 1915 quantitatem,
530 1878 642 1903 certos
655 1871 849 1912 pedes‚cer·

154 1928 291 1965 umque
305 1932 420 1956 eornm
443 1922 699 1964 dispositionem
721 1927 758 1952 et
779 1921 847 1952 col·

154 1972 366 2005 locationem.

163 2043 167 2045 -
198 2023 242 2052 (io
265 2021 350 2060 Non,
362 2025 399 2052 ae
420 2021 448 2051 n·
469 2021 580 2059 soloas,
595 2019 764 2060 Postquam
784 2018 849 2049 dis-

156 2069 274 2109 cordia,
289 2070 359 2111 gau]
382 2071 471 2102 Nam
493 2074 615 2101 contra
636 2069 671 2099 in
695 2068 746 2099 his
768 2068 851 2099 licet

159 2127 282 2159 corpus
307 2127 347 2149 ac
373 2118 524 2149 membra
546 2117 704 2148 carminis
725 2117 852 2147 discer-

159 2177 232 2207 pas,
244 2176 310 2198 nou
326 2167 468 2208 proinde
484 2167 548 2198 vim
564 2175 603 2198 ac
619 2166 775 2207 spiritum
786 2165 851 2197 dis-

159 2218 273 2257 sipes:
318 2217 450 2248 inverte
480 2215 632 2248 ordinem
662 2215 853 2256 verborum,

160 2266 349 2297 orationem
372 2265 465 2297 solve
488 2274 723 2304 numerosam3
745 2273 853 2296 rema·

158 2315 255 2354 nebit
271 2323 406 2355 semper
427 2313 562 2355 poetica
580 2314 707 2345 locutio
724 2314 852 2354 vulgari

159 2364 350 2397 dissimilis:
374 2374 504 2396 versum
520 2363 640 2405 frange
656 2374 695 2396 ac
710 2364 853 2405 disjice3

159 2414 195 2446 in
206 2414 352 2455 disjecto
364 2413 468 2445 etiam
483 2423 580 2446 versu
594 2413 775 2454 apparebit
788 2423 854 2445 ser·

160 2472 215 2495 mo
238 2463 412 2495 sublimior
431 2468 507 2495 eta
524 2462 722 2505 quotidiano
744 2472 853 2495 remo·

162 2516 235 2544 tna:
253 2521 284 2543 v.
300 2522 333 2553 g.
354 2513 365 2530 ‘
380 2512 563 2555 Postquam
581 2518 670 2544 tetra
684 2512 853 2545 discordia

163 2560 305 2640 ῗεῗοςίῑ
336 2561 480 2594 ferratos
516 2566 630 2604 postes
663 2568 700 2594 et
736 2567 851 2603 portas

234 2609 267 2639 ι.’

209 2657 378 2698 Podqum
393 2659 548 2693 discordia
577 2664 670 2702 tetra,
696 2662 763 2702 lfa]
786 2662 854 2692 En-

166 2707 213 2739 nii
235 2710 314 2738 sunt
333 2707 391 2738 isti
413 2718 541 2748 versus.
555 2720 600 2744 ex
620 2712 744 2744 Annal.
766 2710 853 2743 Poe’-

167 2758 234 2789 tico
249 2765 330 2787 sane
345 2757 434 2796 pleni
448 2759 580 2799 spiritu.
613 2761 687 2793 Hos
704 2762 853 2792 imitatus

167 2806 287 2848 virgil.
303 2805 433 2838 AEneid.
448 2816 472 2840 1.
485 2811 561 2842 297.
574 2814 583 2828 ‘
597 2811 693 2843 Dirae
710 2810 803 2843 ferro
818 2815 854 2843 et

901 1822 1122 1863 compagibus
1148 1820 1250 1852 arctis
1278 1818 1489 1852 claudentur
1518 1816 1598 1848 belli

901 1871 1035 1912 portae.’
1079 1871 1126 1902 Et
1141 1869 1273 1901 AEneid.
1290 1878 1355 1899 vn.
1370 1870 1445 1899 221.
1459 1868 1469 1884 ⁸
1484 1866 1598 1906 Impu—

900 1921 939 1951 lit
953 1920 1028 1960 ipsa
1042 1928 1144 1951 manu
1158 1923 1288 1959 portas,
1300 1922 1335 1948 et
1347 1916 1487 1948 cardine
1501 1924 1598 1946 verso

900 1969 988 2001 Belli
1003 1968 1145 2000 ferratos
1162 1967 1254 2007 rupit
1268 1966 1427 1998 Saturnia
1443 1962 1582 2005 postes!

945 2021 985 2050 61
1004 2018 1088 2049 Belli
1096 2020 1200 2057 postes
1212 2018 1378 2056 portasque
1392 2012 1540 2052 refregit]
1558 2012 1599 2043 Id

904 2071 969 2104 est,
984 2066 1139 2098 fervente
1163 2065 1254 2096 bello
1277 2068 1430 2105 apertum
1449 2067 1503 2093 est
1518 2061 1599 2094 Jani

905 2117 1082 2158 templum,
1098 2114 1185 2157 quod
1207 2115 1302 2155 pacis
1318 2119 1472 2154 tempore
1488 2111 1601 2143 claudi

907 2166 1004 2198 solet.
1053 2165 1143 2196 Vide
1168 2173 1220 2196 iv.
1246 2164 1313 2195 Od.
1345 2166 1398 2194 15.
1424 2166 1455 2194 9.
1485 2161 1600 2202 ibique

906 2215 988 2246 Not.
1031 2214 1120 2245 Item
1144 2214 1319 2245 Plutarch.
1342 2213 1375 2244 in
1399 2213 1524 2252 Numa,
1544 2211 1601 2242 ubi

907 2263 1037 2304 scribit,
1053 2263 1160 2295 aedem
1178 2263 1259 2295 sani
1275 2263 1391 2294 Romae
1411 2269 1526 2303 portas
1542 2260 1600 2291 ha-

906 2313 1020 2345 buisse
1035 2313 1132 2351 duas,
1152 2313 1223 2343 sive
1239 2311 1387 2350 bifores3
1411 2315 1447 2343 et
1461 2311 1600 2351 januam

907 2362 987 2394 belli
1002 2361 1104 2394 fuisse
1118 2361 1336 2403 appellatam.

949 2415 989 2443 65
1020 2412 1128 2443 Genus
1156 2412 1212 2443 hoc
1238 2409 1408 2450 scribendi]
1454 2408 1599 2439 Carmen

906 2462 1092 2503 satiricum,
1115 2471 1258 2503 carpens
1288 2461 1382 2496 vitia,
1412 2462 1448 2489 et
1477 2460 1600 2487 notans

905 2512 1058 2544 vitiosos.

948 2562 1071 2593 Sulcius
1084 2564 1116 2591 et
1133 2558 1282 2600 Caprius]
1307 2556 1417 2588 Ambo
1434 2554 1601 2586 delatore·

906 2615 942 2641 et
968 2613 1182 2641 accusatores
1207 2605 1375 2644 acerrimi,
1392 2603 1527 2635 assidua
1546 2611 1600 2634 ac-

906 2660 996 2691 tione
1013 2658 1117 2689 rauci.

948 2711 990 2741 66
1015 2708 1095 2739 Cum
1110 2705 1236 2746 libellis]
1259 2703 1497 2737 Accusationis
1521 2711 1599 2733 cau-

906 2768 959 2790 sas
974 2762 1011 2789 et
1026 2758 1177 2788 rationes
1193 2754 1456 2794 continentibun,
1472 2762 1511 2784 ac
1527 2761 1600 2783 reo-

908 2818 981 2840 rum
996 2807 1141 2839 nomina.
