1890 3256
359 304 467 345 1116
823 316 864 353 Q.
895 313 1099 344 HORA'ru
1133 312 1305 343 FLAcm

361 406 432 446 Ad
451 419 567 447 marc
586 406 812 447 descendet
833 409 950 446 vates
970 410 1086 454 tuus,
1107 409 1150 446 et
1169 405 1253 445 sibi
1274 408 1434 458 parcet,

361 471 697 524 Contractusque
718 473 856 523 leget;
888 476 947 520 te,
967 471 1108 512 dulcis
1128 471 1281 520 amice,
1302 471 1461 511 reviset

361 535 471 576 Cum
494 537 721 590 ZephyriS,
742 537 780 575 si
803 536 1030 585 concedes,
1052 540 1094 576 et
1112 536 1332 576 hirundine
1351 537 1504 589 prima.

358 601 478 650 Non,
499 615 583 654 quo
604 613 721 640 more
738 603 856 653 pyris
876 602 995 641 vesci
1016 601 1202 642 Calaber
1216 601 1338 654 jubet
1355 602 1531 654 hospes,

360 667 427 707 Tu
449 680 514 706 me
533 666 677 706 fecisti
695 666 972 718 locupletem.
1030 665 1066 714 ἾῙ
1090 666 1280 707 Vescere
1301 666 1444 707 sodes.
1722 666 1775 706 15

325 747 328 751 ⁴
361 731 397 779 ἿῙ
417 732 446 772 J
450 744 517 771 am
538 731 646 771 satis
664 736 743 772 est.
801 731 837 780 ΊῘ
857 731 920 772 At
938 736 984 772 tu
1005 733 1280 785 quantumvis
1298 731 1419 772 tolle.
1476 731 1511 779 Ἥ
1535 731 1736 783 Benigne.

362 795 397 844 ἻῘ
420 796 521 837 Nou
540 796 678 838 invisa
697 796 806 836 feres
825 797 971 849 pueris
992 797 1247 837 munuscula
1267 797 1429 850 parvis.

362 862 397 910 ἹῙ
419 861 529 902 Tam
550 867 695 902 teneor
713 862 827 902 dono
848 875 975 915 quam
997 863 1034 902 si
1056 863 1247 903 dimittar
1267 866 1466 903 onustus.

363 992 468 1032 auique
482 993 617 1023 solicitus
630 992 732 1023 rarius
743 994 834 1031 leget.
862 992 993 1023 Demum
1003 993 1043 1022 ad
1057 994 1087 1022 te
1097 994 1265 1023 νει-πτοίαν
1279 1000 1346 1022 cum
1360 991 1517 1030 Faventia,
1527 995 1558 1022 et
1563 990 1662 1032 prima
1675 990 1780 1020 hirun-

364 1033 447 1071 dine,
458 1034 485 1063 si
498 1034 618 1073 quidem
631 1034 676 1064 ita
690 1035 832 1072 volueris,
854 1043 871 1062 ο
895 1034 998 1063 suavis
1010 1033 1117 1063 amice.
1159 1033 1322 1063 Enimvero
1336 1042 1522 1072 nequaquam
1535 1033 1612 1062 mim
1631 1041 1701 1071 open
1719 1031 1781 1061 lar·

362 1075 449 1112 gitus
464 1085 496 1105 es
511 1085 570 1115 qua
581 1076 698 1106 ratione
711 1075 817 1114 hospes
833 1075 960 1105 Calaber
980 1075 1126 1104 viatorem
1145 1074 1227 1112 cogit
1238 1082 1315 1114 pyra
1327 1075 1490 1104 contaedere.
1534 1073 1617 1104 Cu..
1643 1072 1782 1109 comede,

364 1126 478 1154 quaeso,
493 1117 548 1147 ait.
586 1117 692 1147 Vixr.
715 1116 842 1147 Abunde
856 1119 915 1147 est.
959 1116 1044 1147 CM..
1067 1114 1167 1153 Auser
1179 1120 1325 1154 quantum
1345 1115 1504 1155 placuerit.
1537 1113 1636 1144 VrA'r.
1658 1113 1783 1144 Libera·

364 1158 403 1187 lis
419 1167 451 1187 es
462 1159 633 1188 admodum.
662 1158 746 1188 ΟΜ..
770 1156 884 1196 Aufer,
898 1157 1032 1197 inquam,
1047 1157 1126 1187 dona
1139 1157 1275 1195 puerulis
1284 1159 1389 1195 grata.
1420 1157 1526 1187 Vrnr.
1554 1155 1683 1186 Tantum
1697 1153 1787 1185 debeo

366 1199 424 1229 tibi
438 1199 474 1230 ob
489 1209 625 1239 munera,
639 1203 785 1239 quantum
796 1200 823 1230 si
837 1200 988 1230 discedam
1001 1199 1043 1229 iis
1056 1200 1207 1229 oneratus.
1251 1198 1334 1229 CM..
1351 1198 1451 1229 Penes
1462 1201 1492 1229 te
1505 1200 1576 1228 sunt
1587 1198 1688 1228 omnia
1700 1195 1760 1226 ista
1773 1204 1785 1230 ,·

950 1292 1185 1305 eeeeeeeeee

368 1358 450 1387 -11
475 1355 699 1387 Schoeuborn.
716 1360 748 1388 3.
769 1357 1026 1388 descendam—12
1047 1355 1272 1387 Schoeuborn.
1286 1357 1317 1387 3.
1338 1355 1551 1394 reseget.-13
1573 1351 1688 1384 Codex
1703 1350 1787 1383 Hel-

367 1398 429 1428 ler.
442 1406 495 1437 ap.
511 1398 632 1429 Jaeck.
649 1408 731 1428 unus
746 1408 802 1439 ap.
819 1399 927 1429 Palm.
942 1398 1020 1428 Vat.
1036 1396 1131 1428 Rom.
1145 1399 1176 1428 8.
1199 1396 1344 1427 Chisian.
1360 1400 1391 1427 5.
1411 1395 1559 1426 concedis.
1601 1393 1696 1424 Vatt.
1708 1394 1740 1424 1.
1756 1395 1787 1423 6.

369 1439 447 1468 Vat.
471 1439 567 1469 Rom.
584 1442 615 1470 1.
631 1449 650 1469 a
665 1449 708 1471 m.
732 1449 782 1479 pr.
799 1440 874 1470 Vnt.
893 1440 986 1470 Rom.
1001 1442 1032 1468 6.
1056 1439 1150 1469 Vatt.
1171 1438 1281 1468 Palat.
1298 1441 1327 1468 1.
1342 1440 1374 1468 4.
1399 1436 1574 1468 Barberiu.
1590 1437 1622 1466 1.
1644 1434 1740 1466 Harl.
1753 1436 1787 1465 6.

370 1479 426 1510 alii
441 1479 539 1510 codd.
555 1480 643 1519 apud
659 1481 770 1511 Pulm.
787 1480 904 1511 Oberl.
922 1484 1072 1511 notatum
1088 1489 1129 1510 ex
1145 1479 1209 1509 Ms.
1226 1479 1257 1509 in
1275 1488 1333 1509 ora
1349 1478 1429 1513 edit.
1454 1477 1532 1509 Aldi
1547 1478 1641 1508 1601.
1653 1476 1687 1509 iu
1700 1475 1788 1506 Bibl.

369 1521 546 1561 Vaticana,
562 1522 643 1552 edit.
662 1522 775 1552 Ptine.
791 1521 883 1552 Med.
900 1524 992 1552 1476.
1022 1521 1130 1552 Venn.
1147 1523 1240 1551 1479.
1259 1522 1350 1550 1481.
1365 1521 1458 1550 1483.
1474 1521 1565 1550 1486.
1581 1519 1676 1548 1490.
1694 1518 1788 1547 1495.

372 1564 466 1592 1509.
499 1563 588 1593 Flor.
616 1565 710 1594 1482.
746 1564 836 1602 Lips.
857 1565 948 1593 1499.
980 1563 1085 1594 Junta
1112 1564 1205 1592 1503.
1227 1562 1467 1592 concedam-14
1489 1560 1563 1591 Non
1585 1569 1616 1599 q.
1640 1568 1683 1589 m.
1708 1557 1789 1598 piria

369 1603 598 1635 Sclnoenborn.
615 1606 647 1635 2.
672 1604 802 1635 Calaber
815 1605 897 1636 vesci
909 1603 999 1642 jubet
1021 1604 1099 1634 Vat.
1114 1605 1166 1635 14.
1182 1607 1217 1634 et
1238 1603 1314 1634 Vnt.
1328 1603 1426 1634 Rom.
1441 1603 1557 1634 8.-17
1581 1601 1653 1632 Non
1676 1599 1789 1638 injum

1010 1705 1154 1738 NOTAE

371 1770 412 1801 ab
430 1769 574 1800 Ascanio
589 1769 726 1800 condita
742 1770 842 1810 paulo
864 1773 942 1810 post
965 1770 1056 1801 exci-

372 1819 464 1850 dium
478 1819 654 1858 Trojanum
671 1828 680 1848 ε
704 1828 791 1850 :runc
801 1819 896 1859 jacet
910 1820 944 1850 in
959 1819 1056 1850 rude-

372 1868 475 1898 ribus.
518 1869 568 1898 Ex
585 1867 635 1898 his
648 1873 758 1898 autem
773 1869 919 1899 surrexit
935 1869 1056 1898 crevit-

372 1927 436 1958 que
453 1917 632 1955 Albanum,
655 1918 766 1958 hodie,
787 1919 919 1956 Albano,
935 1917 1059 1957 princi·

374 1974 474 2008 patus
491 1967 589 1998 titulo
606 1966 765 2005 gaudens.

418 2019 455 2047 11
480 2015 532 2046 Ad
558 2024 640 2045 mare
661 2013 832 2052 descendet]
867 2013 921 2044 Ad
942 2013 1058 2044 urbem

376 2066 519 2106 aliquam
537 2064 617 2094 mari
633 2064 829 2103 proximam,
841 2062 897 2093 ubi
908 2071 967 2102 per
982 2061 1061 2101 hye-

375 2124 461 2146 mem
493 2113 549 2145 ae'r
576 2113 732 2153 tepescit,
755 2117 873 2143 aestate
896 2121 976 2142 vero
1001 2110 1061 2141 fri-

376 2169 446 2204 get.
490 2164 545 2194 De
560 2161 738 2199 Tarentina
755 2160 918 2200 temperie
935 2168 974 2191 n.
992 2159 1062 2191 Od.

374 2215 406 2243 6.
429 2212 437 2228 ‘
452 2211 520 2242 Ver
535 2210 589 2240 ubi
608 2211 752 2248 longum,
765 2209 961 2250 tepidasque
977 2217 1061 2248 prae-

376 2260 435 2291 bet
449 2259 583 2299 Jupiter
599 2257 755 2288 brumas.'

420 2311 460 2339 12
485 2308 727 2345 contractusque
754 2306 850 2345 leget]
894 2307 1063 2347 Legendis

375 2357 468 2389 libris
482 2356 589 2387 minus
604 2354 784 2386 incumbet.
809 2355 961 2395 Metaph.
975 2365 995 2386 a
1007 2365 1064 2386 na-

377 2404 577 2446 vigantibus,
606 2403 661 2444 qui
690 2403 765 2433 vela
791 2404 1001 2441 contrahunt,
1028 2409 1065 2435 et

377 2455 472 2486 littus
500 2454 618 2492 legunt
647 2455 861 2492 tempestate,
883 2452 1063 2492 ingruente

379 2505 433 2535 vel
447 2503 653 2534 imminente.

423 2556 461 2584 13
489 2553 567 2582 Cum
578 2550 749 2591 Zephyris]
772 2550 885 2580 Verno
901 2554 1064 2590 tempore,

379 2612 447 2644 quo
482 2602 647 2641 incipiunt
674 2598 756 2631 flare
780 2599 936 2640 Zephyri.
979 2600 1064 2631 Vide

380 2659 439 2682 ιιι.
452 2651 519 2682 Od.
535 2654 564 2681 1.
884 2670 888 2672 -

425 2701 605 2731 Hirundine
629 2699 745 2740 prima]
776 2698 981 2730 Hirnndines
1010 2699 1065 2730 ab·

382 2753 461 2779 eunt
478 2748 635 2788 hybernis
661 2747 840 2782 mensibus,
867 2747 995 2778 Africus
1016 2753 1064 2778 se*—

382 2803 470 2828 eutae
507 2796 666 2827 montium
705 2805 856 2826 recessus
877 2805 885 2826 :
923 2795 1067 2828 redeunt

1109 1779 1188 1802 vere
1215 1769 1333 1810 primo.
1377 1769 1470 1800 Plin.
1492 1777 1534 1801 11.
1559 1770 1612 1800 47.
1631 1766 1792 1798 ‘Favonii

1108 1820 1292 1859 hybernum
1316 1819 1470 1850 molliunt
1493 1819 1610 1849 coelum
1613 1837 1714 1848 .....
1729 1816 1790 1847 Fa·

1110 1870 1242 1900 vouinm
1259 1872 1411 1900 statuunt
1426 1867 1560 1908 quidam
1575 1866 1618 1898 ad
1634 1875 1701 1899 vn.
1713 1866 1791 1899 Kal.

1111 1918 1216 1948 Mart.
1232 1915 1458 1947 Chelidonium
1483 1921 1605 1946 vocant
1625 1914 1668 1946 ab
1683 1915 1792 1946 hirun-

1109 1964 1195 1995 dinis
1220 1964 1317 1995 visu!
1363 1963 1415 1994 ld.
1431 1972 1467 1995 x.
1487 1965 1540 1994 24.
1563 1968 1598 1994 et
1619 1971 1724 1994 xvm.
1740 1966 1794 1995 26.

1111 2014 1184 2044 Cic.
1210 2012 1251 2043 ad
1283 2012 1410 2043 Hei-en.
1434 2021 1482 2044 xv.
1512 2021 1544 2043 n.
1568 2015 1622 2044 62.
1644 2014 1655 2030 ‘
1670 2012 1794 2045 Hirun-

1110 2062 1203 2093 dines
1230 2062 1347 2092 aestivo
1383 2067 1534 2102 tempore
1557 2065 1681 2102 praesto
1703 2067 1792 2097 sunt,

1110 2111 1236 2152 frigore
1254 2112 1358 2152 pulsae
1374 2111 1559 2143 recedunt?
1601 2111 1688 2143 Vide
1714 2111 1794 2143 Plu-

1111 2161 1214 2192 tarch.
1230 2161 1380 2200 Sympos.
1397 2169 1476 2192 vm.
1489 2163 1520 2192 7.
1535 2166 1569 2191 et
1581 2161 1663 2192 Cael.
1673 2161 1795 2201 Rodig.

1113 2218 1190 2240 xvr.
1223 2212 1274 2240 10.
1318 2209 1385 2240 Ubi
1413 2209 1454 2240 de
1478 2209 1672 2250 proverbio:
1694 2209 1796 2241 ‘Una

1114 2257 1254 2289 hirundo
1268 2266 1334 2287 non
1350 2257 1434 2289 facit
1452 2267 1510 2289 ver
1521 2258 1544 2287 :’
1556 2258 1637 2289 item
1650 2257 1692 2288 de
1706 2257 1797 2289 Aris·

1114 2305 1268 2346 tophanis
1293 2305 1407 2336 dicto:
1431 2307 1440 2323 ‘
1457 2306 1702 2336 Hirundinibus
1724 2307 1795 2346 plu-

1115 2355 1205 2386 rimis
1220 2354 1369 2395 indigere
1379 2353 1400 2392 ;’
1424 2363 1488 2394 quo
1503 2354 1679 2386 deridebat
1694 2355 1796 2385 homi-

1115 2414 1192 2436 nem
1221 2404 1341 2445 hyeme
1373 2403 1506 2434 attritas
1535 2409 1647 2434 vestes
1673 2404 1797 2435 haben-

1118 2458 1207 2492 tem3
1224 2458 1258 2484 et
1274 2451 1495 2493 significabat,
1508 2462 1591 2492 opus
1608 2461 1682 2483 esse
1695 2453 1744 2483 illi
1759 2458 1797 2484 ut

1117 2511 1176 2532 ver
1192 2506 1355 2541 aestasque
1376 2501 1615 2540 quamprimum
1629 2501 1797 2533 adessent.

1116 2552 1168 2583 Id.
1183 2551 1302 2590 Rodig.
1330 2558 1406 2580 xxi.
1432 2551 1494 2581 ult.
1518 2550 1637 2581 asserit
1651 2550 1797 2582 hirundi-

1118 2610 1192 2631 nem
1222 2599 1328 2630 albam
1358 2599 1493 2639 perdice
1524 2598 1610 2630 haud
1637 2599 1797 2631 minorem

1118 2648 1310 2689 apparuisse
1326 2648 1358 2677 in
1374 2648 1483 2679 Samo.

1160 2700 1197 2728 14
1223 2696 1365 2736 Calaber]
1389 2697 1443 2727 De
1453 2696 1608 2728 Calabria
1619 2696 1730 2729 Italiae
1745 2706 1796 2728 re-

1118 2748 1229 2788 gione,
1245 2756 1269 2778 1.
1287 2746 1354 2777 Od.
1371 2748 1421 2777 31.
