1904 3256
707 259 898 291 nronnN
933 259 1098 290 Lmen.
1552 246 1637 289 647

411 353 475 395 Ut
494 353 693 395 assidens
711 352 996 406 implumibus
1017 350 1150 406 pullis
1171 351 1270 393 avis

470 420 748 474 Serpentium
770 420 966 473 allapsus
979 419 1124 468 timet,

411 487 559 540 Magis
575 486 775 538 relictis3
805 499 909 537 non,
929 491 980 527 ut
997 485 1130 536 adsit,
1153 485 1295 527 auxili

467 554 633 595 Latura
656 554 754 606 plus
775 554 1081 607 praesentibus.

410 621 617 662 Libenter
637 620 722 662 hoc
743 626 790 661 et
810 633 939 662 omne
961 620 1221 662 militabitur

469 688 640 730 Bellum
663 689 707 728 in
727 692 813 728 tuae
833 700 956 741 spem
976 687 1156 740 gratiae3

409 755 515 797 Non
536 759 584 797 ut
596 755 803 809 juvencis
824 754 992 807 illigata
1012 754 1215 807 pluribus

467 821 629 864 Aratra
649 823 844 863 nitantur
862 821 990 871 meis,

1580 418 1636 458 20

1578 753 1636 794 25

179 948 291 989 nvibus,
318 951 389 991 plus
413 950 455 982 iis
480 951 600 983 relictis
624 951 737 982 metuit
764 949 957 982 incursiones
987 949 1160 988 anguium,·
1183 947 1328 988 mqiorem
1354 957 1443 988 opem
1466 956 1526 977 non
1555 956 1636 986 μνω-

178 992 308 1031 scitura,
334 994 455 1025 etianwi
476 994 682 1034 praesentibus
707 993 859 1025 astiterit.
904 991 1000 1023 Hanc
1019 995 1050 1023 et
1074 991 1168 1022 ulium
1189 991 1355 1032 quamlibet
1382 990 1530 1021 militiam
1550 988 1636 1019 obibo

178 1034 327 1067 amicicie
343 1039 406 1068 tuoe
426 1037 553 1076 gratia.-
573 1046 765 1077 nequaquam
779 1039 815 1067 ut
838 1035 978 1076 pluribus
993 1034 1068 1065 meis
1083 1034 1175 1066 bobus
1189 1043 1315 1066 annexa
1328 1037 1437 1065 aratra
1450 1034 1616 1073 portentur
1625 1040 1636 1066 ‚⁴

789 1128 869 1140 0000
873 1127 1027 1141 “0090“

181 1193 320 1225 datione
335 1194 609 1235 praestantissimi
629 1195 707 1226 Nic.
723 1194 870 1235 Heinsii,
888 1195 998 1226 Comes
1013 1194 1131 1225 minore
1145 1194 1205 1225 sim
1218 1194 1353 1232 futurus
1366 1193 1399 1224 in
1413 1195 1510 1232 metu,
1525 1196 1563 1223 ut
1578 1193 1638 1223 sim

181 1237 387 1276 respondeat
402 1238 447 1277 τῷ
459 1236 630 1276 juvenem?
653 1237 769 1268 Bentl.
813 1238 822 1254 ‘
837 1238 916 1268 Non
939 1236 1039 1268 video
1066 1236 1148 1278 quid
1174 1246 1260 1277 opus
1285 1235 1400 1267 fuerat
1415 1236 1504 1276 quod
1531 1234 1638 1266 Bent-

181 1277 266 1310 leius
290 1285 367 1320 post
388 1279 568 1311 Heinsium
585 1289 628 1311 ex
645 1280 785 1320 propria
800 1279 997 1319 conjectura
1011 1289 1078 1310 sum
1095 1279 1237 1310 verterit
1253 1278 1287 1309 in
1301 1276 1380 1310 sim!
1395 1277 1499 1309 Baxt.
1534 1277 1544 1294 ‘
1556 1277 1639 1308 Om-

181 1321 263 1352 nino
276 1331 346 1353 sum
360 1322 575 1353 retinendum
593 1326 663 1353 est:
689 1322 854 1353 rationem
871 1321 960 1352 enim
979 1321 1093 1352 reddit
1106 1321 1359 1361 propositionis,
1373 1330 1471 1360 quam
1495 1320 1566 1350 vult
1591 1321 1637 1350 vi-

182 1363 255 1394 deri
271 1369 401 1395 certam
425 1369 461 1395 et
482 1363 638 1395 firmam.’
662 1363 848 1394 Gesn.—19
869 1363 879 1380 ‘
897 1363 1012 1403 Longe
1038 1363 1189 1403 apertior
1211 1368 1302 1394 esset
1324 1362 1509 1398 sententia,
1534 1361 1637 1392 modo

179 1413 298 1436 versus
312 1404 433 1445 ferret,
455 1405 482 1436 si
505 1406 631 1443 assidet,
651 1409 686 1436 et
710 1405 811 1444 paulo
832 1409 911 1445 post
934 1405 1046 1435 timens
1071 1414 1131 1444 pro
1146 1406 1235 1435 timet
1252 1405 1443 1444 legeretur:
1470 1404 1638 1444 quomodo

179 1447 269 1479 enirn
286 1447 406 1479 timere
421 1453 535 1488 potest
550 1447 692 1485 relictis,
709 1447 781 1487 jam
796 1447 969 1486 assidens,
991 1447 1054 1477 nisi
1073 1451 1182 1478 totum
1207 1445 1305 1484 illud,
1327 1447 1467 1477 assidens
1482 1446 1638 1486 implumi-

179 1489 236 1521 (me
247 1490 357 1531 pullis,
373 1490 470 1522 unins
488 1489 633 1531 epitheti
651 1489 724 1520 loco
742 1489 964 1529 accipiamus,
980 1493 1018 1520 ut
1033 1494 1117 1529 puta
1131 1487 1217 1520 foeta
1232 1488 1320 1528 avis,
1334 1493 1394 1520 aut
1410 1488 1491 1527 quid
1508 1488 1640 1520 simile?

183 1531 413 1564 Torrent.—20
444 1532 454 1549 ‘
472 1533 556 1564 Cum
586 1532 760 1563 Torrentii
791 1531 892 1563 codd.
935 1532 1080 1573 adlapsus
1107 1531 1203 1572 posui
1218 1542 1228 1570 ;
1265 1537 1301 1563 et
1329 1531 1380 1563 sic
1410 1527 1493 1563 Vet.
1523 1530 1638 1562 Schol.

179 1570 343 1616 Cruquii!
367 1575 554 1607 Baxt.—21
577 1575 757 1606 Bentleins
774 1584 816 1606 ex
834 1574 1036 1616 quibusdam
1053 1574 1154 1606 codd.
1171 1574 1339 1612 Lambini,
1364 1583 1430 1605 nno
1455 1573 1638 1605 Pulmanni

180 1621 217 1649 et
232 1617 414 1648 veterrimo
428 1618 551 1649 Bland.
566 1617 705 1659 Cruquii
720 1617 841 1657 edidit,
861 1627 922 1648 non
936 1617 986 1647 uti
1001 1617 1063 1654 sim
1088 1621 1125 1648 et
1140 1617 1189 1648 sic
1202 1615 1337 1648 Wakef.
1351 1620 1386 1647 et
1403 1616 1510 1647 Kidd.
1554 1616 1637 1655 Sed,

180 1658 281 1692 Harl.
295 1662 324 1691 1.
337 1662 409 1692 23.
420 1663 453 1691 4.
465 1663 498 1691 6.
515 1666 583 1692 tres
602 1660 723 1691 Bland.
738 1659 892 1700 Cruqnii,
904 1663 941 1690 et
952 1669 1068 1690 omnes
1086 1659 1249 1698 Bentleii,
1266 1669 1341 1689 cnm
1359 1659 1437 1689 edd.
1451 1663 1524 1689 vett
1536 1663 1572 1689 et
1587 1668 1640 1689 re-

180 1704 288 1734 cehtt.
303 1711 365 1733 non
378 1706 415 1733 ut
428 1703 523 1736 adsit.
559 1702 675 1734 Graev.
692 1702 846 1734 Galiens.
863 1705 899 1733 et
914 1710 972 1732 sex
989 1702 1045 1733 alii
1060 1701 1212 1733 Bentleii
1228 1711 1305 1732 cum
1322 1701 1441 1732 Zarot.
1458 1710 1519 1731 non
1535 1704 1570 1731 ut
1584 1701 1639 1733 sit.

182 1743 311 1783 Omnes
323 1745 424 1776 codd.
436 1745 606 1776 Torrentii
617 1745 827 1776 auxilii.—25
845 1743 992 1777 Quidam
1007 1744 1108 1776 codd.
1124 1754 1181 1784 ap.
1196 1744 1354 1775 Torrent.
1366 1743 1499 1783 alligata
1507 1753 1520 1780 ;
1537 1748 1572 1773 et
1588 1743 1638 1774 sic

181 1786 431 1821 (Baream—26
453 1788 538 1819 Exc.
554 1788 633 1819 Sax.
649 1788 777 1828 aliquot
792 1787 892 1819 codd.
912 1786 1094 1826 Torrenssi,
1113 1791 1148 1818 et
1165 1795 1250 1817 unns
1266 1785 1426 1825 Fabricii,
1439 1795 1515 1816 cum
1532 1786 1639 1816 Bent-

178 1828 238 1861 leii
253 1830 399 1862 Galean.
427 1834 464 1862 et
487 1829 641 1871 Magdai.
662 1832 840 1862 nectantur.
887 1830 958 1861 Pro
980 1829 1068 1869 meis,
1083 1828 1174 1870 quod
1199 1828 1327 1860 habent
1349 1827 1449 1859 Harl.
1466 1830 1496 1858 1.
1512 1830 1544 1859 2.
1558 1831 1589 1859 3.
1606 1831 1638 1860 4.

180 1872 239 1903 alii
263 1877 301 1904 et
325 1872 403 1905 edd.
419 1882 548 1914 omnes,
567 1873 744 1904 Bentleins
769 1882 810 1904 ex
834 1871 935 1904 codd.
953 1872 1107 1911 Canteri,
1133 1871 1305 1910 Lambini,
1329 1870 1545 1907 Bersmanni,
1572 1880 1638 1902 uno

179 1913 282 1947 Bodl.
307 1919 344 1946 et
367 1915 498 1947 Battel.
524 1916 608 1955 legit
629 1925 717 1952 mea;
741 1920 778 1946 et
803 1914 852 1946 sic
877 1915 976 1946 Harl.
990 1917 1021 1946 6.
1050 1924 1127 1945 cum
1155 1913 1234 1946 edd.
1261 1912 1397 1945 Wakef.
1423 1918 1460 1945 et
1486 1912 1638 1944 Kidd.—-

180 1959 223 1988 28
245 1957 376 1989 Omnes
390 1957 491 1990 codd.
505 1958 687 1996 Torrentii,
702 1967 818 1989 omnes
834 1957 958 1988 Blaud.
975 1957 1130 1998 Cruqnii,
1153 1957 1269 1997 plures
1282 1956 1451 1995 Lambini,
1474 1956 1637 1996 Bentleii,

181 1998 279 2031 Harl.
297 2003 325 2032 1.
338 2003 370 2032 2.
387 2003 419 2031 3.
441 2001 539 2032 multi
555 2010 609 2042 ap.
624 2001 805 2031 Pulmann.
821 2004 857 2031 et
870 2000 1000 2032 Bersm.
1015 2000 1133 2032 Graev.
1151 1999 1273 2042 Regin.
1289 2004 1326 2031 et
1342 1999 1491 2041 quinque
1507 1999 1564 2030 alii
1582 2009 1637 2039 ap.

182 2040 298 2073 Bentl.
313 2042 430 2074 Zarot.
446 2043 589 2074 Mediol.
607 2045 702 2074 1477.
718 2043 858 2074 Venett.
873 2045 969 2074 1477.
987 2045 1083 2075 1478.
1100 2045 1197 2075 1479.
1222 2047 1258 2074 et
1273 2043 1354 2074 Vet.
1372 2042 1493 2074 Comb.
1505 2041 1640 2082 pascuis,

182 2083 272 2124 quod
289 2092 451 2125 recepere
472 2086 588 2116 Bentl.
610 2085 735 2117 Sanad.
760 2086 912 2124 Francis,
933 2086 1084 2125 Towers,
1100 2084 1236 2117 Wakef.
1252 2090 1289 2116 et
1306 2085 1412 2117 Kidd.
1454 2085 1521 2116 Sed
1539 2084 1636 2115 Leid.

183 2125 314 2158 Battel.
328 2130 363 2158 et
379 2127 464 2168 Reg.
485 2127 563 2159 Soc.
586 2127 752 2168 Bentleii,
773 2128 872 2159 Harl.
888 2130 918 2160 4.
938 2131 971 2160 6.
995 2129 1038 2160 al.
1055 2138 1132 2161 cnm
1160 2129 1305 2160 Locber.
1329 2132 1365 2160 et
1388 2128 1470 2160 edd.
1491 2132 1638 2159 recentt.

832 2222 974 2255 NOTAE

180 2296 231 2328 rei
259 2301 378 2328 amatae
406 2296 542 2338 quando
565 2296 674 2334 abest,
691 2298 767 2338 plus
785 2297 883 2329 time-

181 2351 249 2384 tur,
278 2352 315 2380 et
343 2348 434 2379 mille
462 2347 548 2379 falsa
585 2348 739 2389 pericula
769 2357 883 2379 amans

936 2297 1049 2339 pidus,
1065 2302 1104 2330 nt
1121 2302 1154 2331 te
1170 2302 1341 2339 praesente
1352 2297 1461 2338 fruar,
1474 2308 1493 2330 o
1510 2299 1638 2331 Maece-

936 2357 996 2380 nas
1016 2360 1026 2388 ;
1056 2348 1189 2391 tibique
1218 2358 1329 2380 meum
1360 2358 1509 2380 amorem
1540 2349 1637 2380 testi-

181 2397 246 2430 sibi
260 2397 372 2440 fingit,
388 2398 507 2439 illique
524 2397 688 2429 formidat
704 2406 851 2439 semper.

225 2450 266 2480 19
293 2449 337 2480 Ue
351 2448 489 2480 assidens
500 2446 786 2489 impiumibus,&c.]
804 2449 882 2480 Non

181 2499 317 2542 quidem
335 2509 487 2541 praesens
509 2510 572 2541 ego
588 2505 623 2532 te
638 2500 760 2541 juvare
778 2500 882 2541 pluri-

183 2544 275 2582 mum
297 2560 456 2591 sperem:
480 2551 569 2582 sicut
593 2551 663 2582 avis
687 2551 752 2583 etsi
780 2550 882 2591 pullis

185 2599 346 2639 assideat,
368 2610 488 2641 parum
511 2611 570 2632 eos
591 2600 746 2632 defendit
770 2610 790 2631 a
812 2609 882 2631 ser-

187 2649 366 2689 pentibus:
390 2654 426 2682 at
437 2656 551 2683 tamen
563 2651 602 2683 iis
616 2651 746 2682 relictis
761 2649 882 2682 absens

189 2697 294 2738 magis
309 2698 417 2730 timet.

230 2749 272 2777 23
295 2746 440 2779 Libenter
467 2750 533 2790 hoc,
561 2750 630 2790 85⁶]
669 2748 747 2782 Hoc
777 2749 882 2791 igitur

188 2797 312 2829 bellum
325 2799 538 2838 quantumvis
549 2809 652 2840 grave
665 2800 765 2832 adibo
776 2799 881 2832 intre-

935 2397 1031 2430 ficer.

978 2453 1019 2481 25
1043 2450 1118 2481 Non
1130 2449 1323 2488 uejuvencis,
1337 2447 1407 2488 ξω]
1421 2448 1540 2488 Neque
1557 2457 1637 2479 vero

935 2499 1015 2531 inde
1033 2500 1132 2530 velim
1149 2509 1170 2530 a
1193 2504 1226 2530 te
1249 2498 1374 2529 mereri
1399 2497 1452 2527 vel
1476 2498 1639 2538 consequi

935 2549 1136 2580 donationes
1166 2548 1309 2587 majores
1341 2546 1523 2586 prioribus.
1570 2547 1640 2579 Ne-

934 2607 1102 2640 quaquam
1130 2597 1228 2637 plura
1251 2596 1387 2636 cupiam
1411 2596 1483 2637 agri
1500 2597 1637 2639 jugera,

935 2648 978 2679 ad
995 2657 1071 2689 quae
1097 2646 1225 2677 aranda
1251 2645 1403 2686 pluribus
1421 2646 1580 2686 juvencis
1597 2659 1635 2680 ac

936 2697 1043 2729 bobus
1067 2696 1147 2728 mihi
1171 2705 1257 2737 opus
1283 2695 1338 2726 sit.
1383 2695 1504 2738 Neque
1521 2698 1602 2729 talia
1618 2709 1637 2730 a

937 2753 974 2780 te
991 2753 1082 2789 pcto.
