1904 3256
655 303 843 336 EPODnN
878 302 1044 334 LIBER.

1490 291 1573 333 Ι707

114 402 317 446 Threicio
337 401 560 457 Aquilone
581 405 764 443 sonant:
795 400 1022 454 rapiamus
1043 397 1176 440 amici

174 470 468 512 Occasionem
488 469 542 510 de
561 468 661 520 die;
692 469 887 522 dumque
907 468 1051 508 virent
1072 477 1231 518 genua,

119 538 181 582 Et
201 537 345 587 decet,
366 536 557 578 obducta
579 537 776 578 solvatur
793 536 937 577 fronte
959 538 1176 575 senectus.
1547 532 1574 572 5

172 603 244 646 Tu
265 604 368 646 vina
387 603 620 656 Torquato
641 616 770 646 move
792 603 976 645 consule
997 613 1151 656 pressa
1171 611 1285 641 meo.
1313 623 1316 626 >

115 720 212 760 sylvoe
225 720 361 752 strident
368 719 475 751 ‘Borea
489 719 632 751 Thracio.
658 719 687 749 0
702 719 830 759 sodales,
845 728 882 750 ne
897 718 1078 749 omittamus
1090 715 1351 758 opportunitatem
1363 714 1528 755 temporis:
1545 718 1575 745 et

117 763 263 802 quamdiu
276 763 380 794 valent
391 772 507 803 genua,
521 763 655 802 dumque
669 762 822 797 convenit,
836 762 1010 802 explicetur
1022 760 1118 797 frons
1132 759 1216 790 senio
1231 761 1401 789 contracta.
1436 758 1481 788 Tu
1503 767 1576 797 pro-

110 804 166 843 fer
180 806 253 837 cina
267 806 387 837 calcata
399 805 456 837 sub
472 805 605 836 Consule
620 814 686 836 meo
704 804 878 844 Torquato:
897 803 1005 834 omitte
1019 802 1110 834 rerba
1124 800 1233 839 facere
1247 802 1286 833 de
1298 801 1370 832 aliis
1381 800 1573 842 quibuslibet.

730 897 866 910 eeeeeee

870 897 965 909 ‘IN‘

114 956 220 994 pectas
241 953 452 987 Harma-3
476 959 486 973 ¹
500 954 698 995 Legendum
722 958 880 995 apparet,
898 952 1054 994 quamvis
1079 962 1203 993 magna
1228 951 1418 993 pertinacia
1440 951 1576 983 codices

118 997 236 1037 scripti
255 996 483 1038 refragantur,
505 1000 664 1038 rapiamus
688 997 797 1029 amice.
844 997 922 1028 Non
942 996 1031 1027 enim
1056 996 1184 1036 plures,
1208 995 1267 1026 sed
1295 1004 1395 1026 unum
1418 994 1472 1025 hic
1495 994 1578 1025 allo-

120 1038 246 1079 quitur,
260 1041 316 1071 cui
333 1040 465 1071 adversi
483 1040 611 1081 aliquid
628 1039 826 1078 acciderat3
850 1044 889 1070 ut
914 1048 955 1070 ex
985 1038 1206 1080 sequentibus
1229 1042 1387 1069 constat:
1409 1036 1419 1053 ‘
1433 1037 1482 1067 Tu
1498 1036 1578 1068 vina

118 1080 299 1124 Torquato'
318 1091 415 1114 move
441 1083 588 1115 Consule
613 1092 733 1124 pressa
759 1091 858 1114 meo:
885 1081 1012 1113 Cetera
1028 1081 1126 1113 mitte
1142 1081 1247 1122 loqui.
1291 1081 1386 1112 Deus
1408 1079 1482 1111 haec
1510 1077 1578 1111 for-

775 1166 918 1199 NOTAE

163 1227 219 1260 Ex
233 1226 434 1270 quibusdam
458 1228 533 1261 haec
551 1228 628 1261 Ode
647 1234 700 1261 est
715 1228 822 1261 Dico-

120 1278 171 1311 los
183 1277 399 1318 Distrophos.
447 1279 582 1310 Primus
596 1279 738 1321 quisque
747 1288 823 1311 ver-

121 1338 177 1360 sus
203 1333 258 1360 cst
285 1327 498 1360 Hexameter
524 1329 712 1361 Heroicus:
737 1330 823 1361 alter

119 1379 265 1419 quisque
295 1383 350 1409 est
385 1378 624 1410 Archilochius
661 1383 822 1410 constans

121 1428 278 1458 Dimetro
300 1426 466 1463 Iambico,
486 1436 526 1458 ac
542 1426 673 1458 duobus
690 1428 822 1467 Dacty-

118 1477 160 1509 lis
174 1486 251 1508 cum
267 1485 334 1508 una
346 1476 493 1518 syllaba.

163 1526 250 1559 Aliis
265 1526 380 1568 vulgo,
407 1530 446 1558 et
466 1526 587 1558 melius
603 1525 754 1568 quidem,
769 1529 821 1558 est

121 1575 278 1614 Tricolos
291 1575 525 1617 Tristrophos.
548 1575 685 1607 Primus
702 1585 821 1608 versus

120 1632 174 1660 est
200 1626 368 1659 Hernicus
393 1626 609 1659 Hexameter
633 1625 823 1658 catalecti-

119 1683 194 1718 cns,
207 1681 246 1710 ut
257 1678 323 1709 iste
340 1686 364 1709 ι.
381 1677 450 1709 Od.
463 1680 496 1709 7.
520 1679 529 1695 ‘
545 1676 749 1709 Laudabunt
766 1676 823 1708 alii

119 1729 245 1760 claram
271 1727 440 1767 Rhodon,'
462 1730 527 1759 &m
572 1727 749 1759 secundus
770 1731 824 1758 est

118 1779 295 1811 lambiens
307 1779 544 1811 Archilochius
559 1779 719 1810 Dimeter
736 1777 825 1809 Aca-

119 1829 280 1869 alectus,
295 1833 333 1860 nt
350 1827 461 1869 Epod.
477 1837 502 1859 ι.
515 1832 525 1846 ‘
540 1827 658 1859 Amice
674 1836 823 1869 propug-

118 1880 267 1913 nacula!
307 1879 443 1911 Tertius
467 1883 521 1911 est
537 1878 742 1920 Dactylicus
758 1877 823 1909 Ar-

119 1930 304 1963 chilochius
325 1930 484 1962 Dimeter
498 1929 826 1971 Hypercatalectus,

119 1985 159 2011 ut
174 1988 226 2012 tv.
251 1980 319 2012 Od.
336 1982 370 2012 7.
393 1981 403 1997 ‘
418 1979 677 2021 Arboribusque
693 1977 825 2011 comae.'

165 2032 183 2060 1
209 2029 352 2063 Horrida
382 2030 563 2071 tmpestas]
603 2030 669 2062 Vel
696 2029 826 2070 hyems,

123 2080 178 2110 vel
193 2079 382 2110 nimbosum
398 2081 532 2119 coelum,
554 2081 610 2111 vel
628 2084 824 2120 utrumque.

168 2128 286 2159 Coelum
299 2129 474 2170 contraxit]
486 2129 683 2160 Contractis
698 2134 732 2159 et
747 2137 825 2159 con·

122 2179 274 2210 densatis
303 2178 449 2210 nubibus
476 2179 595 2210 coelum
626 2177 759 2210 obtexit
790 2182 826 2209 et

122 2229 332 2260 obscuravit.
386 2229 465 2260 Non
482 2228 607 2260 desunt
623 2228 678 2270 qni
697 2228 822 2268 allego-

122 2279 191 2310 rice
207 2278 356 2310 locutum
375 2278 480 2309 velint
493 2278 636 2309 Poetam
651 2277 694 2309 de
707 2277 822 2309 nescio

122 2338 189 2370 quo
205 2327 298 2360 civili
317 2328 484 2367 tumultn3
513 2328 568 2359 vel
583 2329 697 2360 hostili
710 2328 822 2359 incur-

122 2390 172 2420 su,
193 2380 244 2411 vel
271 2379 371 2410 clade
389 2384 424 2410 et
441 2380 635 2412 calamitate
650 2380 822 2422 quapiam.

122 2429 284 2460 Nonnihil
315 2428 480 2470 ejusmodi
518 2429 656 2461 videtur
681 2430 824 2461 innuere

123 2479 181 2514 ubi
196 2479 255 2518 ait,
273 2489 321 2511 vs.
340 2482 392 2511 10.
415 2481 425 2498 ‘
443 2480 568 2512 Cetera
594 2481 691 2512 mitte
710 2481 820 2522 loqui:

124 2527 220 2559 Deus
243 2529 317 2560 haec
336 2528 483 2562 fortasse
498 2530 646 2573 benignu
663 2530 824 2563 Reducet

126 2576 162 2607 in
177 2577 290 2610 sedem
307 2579 406 2611 vice?

170 2625 287 2659 Imbres
323 2629 478 2670 Nivesque
506 2631 661 2663 deducunt
696 2629 823 2670 Jovem]

129 2673 294 2707 Quoniam
322 2682 361 2708 ut
390 2678 470 2710 alibi
499 2679 583 2718 dixi,
607 2680 746 2720 Jupiter
770 2683 823 2711 est

129 2723 201 2762 αἰέν,
223 2723 299 2755 hinc
313 2725 397 2756 etin
413 2731 539 2759 terram
556 2729 764 2760 descendere
781 2738 822 2760 ac

128 2772 252 2804 deduci
281 2773 465 2814 putabatur
499 2787 576 2810 cum
611 2778 757 2810 solvitur
788 2778 822 2809 in

127 2822 259 2864 pluvias
274 2829 333 2855 aut
347 2823 442 2855 nives
458 2824 667 2859 decidentes.
702 2828 825 2869 Virgil-

876 1229 953 1261 Ecl.
968 1238 1034 1262 vn.
1048 1233 1100 1261 60.
1124 1230 1134 1248 ‘
1145 1230 1284 1271 Jupiter
1296 1229 1424 1262 etlaeto
1440 1228 1580 1261 descen-

877 1281 937 1312 det
953 1281 1118 1322 plurimus
1133 1281 1255 1314 imbri.’

918 1333 939 1361 2
962 1331 1085 1372 Syluoe]
1109 1331 1285 1368 Diaeresis,
1308 1340 1371 1372 per
1395 1339 1495 1372 quam
1514 1339 1581 1362 vox

875 1380 942 1410 ista
957 1379 996 1410 fit
1013 1380 1115 1410 trium
1130 1380 1352 1420 syllabarum.

920 1431 939 1459 3
966 1427 1107 1458 Threicio
1123 1429 1293 1469 Aquilone]
1315 1429 1436 1461 Flante
1448 1430 1575 1461 a'l'hra-

876 1476 940 1507 ciae
957 1476 1113 1516 partibus
1129 1475 1300 1517 Aquilone
1318 1483 1435 1519 vento,
1452 1479 1511 1520 qni
1527 1483 1583 1511 est

875 1526 965 1557 inter
988 1526 1278 1567 Septemtrionem
1303 1530 1340 1559 et
1365 1527 1492 1560 Ortum
1516 1529 1583 1560 sol-

877 1575 1055 1616 stitialem,
1072 1577 1164 1608 Nord
1181 1576 1273 1608 Nord
1284 1580 1341 1609 est.
1386 1579 1440 1610 De
1455 1587 1496 1610 eo
1507 1578 1582 1619 jam

878 1635 903 1658 1.
919 1625 985 1658 Od.
999 1629 1052 1658 25.
1069 1629 1124 1658 ll.

919 1679 940 1707 4
966 1676 1182 1716 Occasionem]
1206 1676 1279 1708 Cic.
1295 1676 1338 1707 de
1350 1677 1427 1709 Inv.
1444 1686 1469 1708 1.
1487 1677 1497 1696 ‘
1513 1677 1583 1710 Oc-

878 1725 996 1766 casio‚’
1016 1726 1136 1767 inquit,
1168 1727 1178 1743 ‘
1192 1730 1244 1758 est
1260 1736 1339 1767 pars
1366 1727 1531 1768 temporis
1548 1728 1583 1758 in

878 1785 913 1807 se
941 1775 1070 1807 habens
1098 1777 1396 1818 opportunitatem
1424 1777 1583 1810 idoneam

877 1826 927 1857 rei
944 1825 1138 1858 faciendae.'

919 1876 972 1907 De
987 1876 1055 1917 die]
1084 1877 1142 1908 De
1158 1876 1218 1908 tali
1235 1875 1290 1908 die
1307 1875 1435 1917 pluvio,
1450 1876 1583 1908 nimbo-

878 1937 928 1967 so,
942 1928 1034 1959 tristi
1059 1936 1229 1958 sumamus
1250 1926 1463 1958 occasionem
1492 1936 1584 1958 com-

879 1975 1031 2018 putandi.
1075 1976 1146 2008 Alii
1170 1977 1290 2008 melius
1312 1977 1384 2008 sic:
1412 1977 1503 2008 Dum
1521 1987 1583 2018 per

877 2027 969 2060 diem
986 2037 1026 2059 ac
1043 2032 1178 2069 tempus
1195 2027 1289 2064 licet,
1305 2026 1452 2068 dumque
1470 2027 1584 2058 sinunt

878 2083 962 2110 aetas
979 2083 1014 2110 et
1029 2079 1134 2118 vires,
1149 2078 1229 2110 vitae
1250 2077 1376 2119 gandia
1391 2087 1584 2119 carpamus.

921 2129 1067 2169 Dumque
1104 2128 1206 2160 virent
1241 2127 1362 2168 genua]
1407 2128 1584 2160 Theocrit.

877 2177 979 2219 Idyll.
996 2187 1075 2210 xiv.
1092 2181 1147 2210 69.
1164 2176 1272 2218 Ἐρπει
1286 2176 1460 2209 Λευκαίνων
1475 2178 1492 2208 ὁ
1506 2176 1582 2218 χρό-

878 2237 939 2260 νος·
955 2229 1054 2260 ποιεῖν
1067 2241 1099 2259 τι
1115 2230 1160 2259 δεῖ
1175 2227 1220 2260 οἷς
1234 2227 1315 2268 γόνυ
1327 2228 1462 2269 χλωρόν,
1510 2228 1584 2259 Ser-

873 2278 923 2318 pit
952 2288 1044 2310 canos
1066 2278 1191 2316 faciens
1218 2281 1316 2310 atas.-
1336 2288 1447 2318 gerere
1465 2278 1584 2318 aliquid

878 2331 998 2369 oportet
1012 2338 1062 2360 eos
1073 2329 1183 2370 quibus
1198 2332 1244 2360 est
1254 2339 1337 2368 genu
1350 2329 1462 2361 viride.
1486 2329 1496 2346 ‘
1513 2328 1582 2359 Ge-

877 2387 922 2408 nu
940 2378 1053 2418 viret,’
1080 2377 1114 2409 id
1142 2383 1208 2420 est,
1227 2379 1393 2419 juventus
1418 2378 1524 2418 viget,
1540 2387 1582 2408 ex

878 2428 1034 2459 Erasmo.
1076 2429 1085 2446 ‘
1103 2427 1258 2460 Genibus
1297 2428 1387 2459 inest
1418 2427 1582 2458 vitalitas.

878 2478 1035 2521 Namque
1051 2479 1084 2510 in
1100 2480 1175 2520 ipsa
1197 2489 1285 2520 genu
1302 2478 1478 2517 utriusque
1491 2486 1581 2507 com-

876 2529 1031 2569 missura,
1060 2529 1183 2560 dextra
1219 2529 1386 2568 laevaque,
1417 2536 1437 2557 a
1467 2527 1581 2566 priore

876 2582 975 2618 parte
992 2578 1127 2618 gemina
1150 2576 1304 2618 quaedam
1327 2576 1510 2608 buccarum
1528 2576 1582 2607 in-

858 2638 859 2641 *
876 2628 985 2658 auitas
997 2628 1096 2667 inest,
1111 2636 1176 2667 qua
1191 2624 1360 2667 perfossa,
1375 2635 1437 2657 ceu
1451 2625 1582 2667 jugulo,

877 2676 1015 2717 spiritus
1030 2674 1145 2716 fugit?
1188 2675 1280 2707 Plin.
1295 2685 1348 2707 xr.
1361 2679 1413 2708 45.

919 2731 938 2758 5
965 2727 1109 2759 Obducta
1129 2728 1270 2758 solvatur
1289 2726 1402 2764 fronte
1426 2726 1581 2768 senectus]

876 2777 957 2817 Vel,
986 2777 1135 2818 pellatur
1165 2776 1359 2808 recordatio
1390 2778 1580 2809 senectutis

877 2837 952 2870 quae
970 2835 1092 2868 rugosa
1115 2830 1150 2858 et
1177 2826 1268 2858 tristi
1289 2825 1401 2858 fronte
1426 2826 1581 2868 depingi-
