1890 3256
365 255 450 296 974
826 269 870 306 Q·
901 267 1104 297 HORATlt
1138 264 1308 294 FLAcct

367 358 492 398 Fecit
510 370 606 398 cum
625 358 775 399 stravit
792 358 902 397 ferro
922 357 1083 408 pecus‘t
1114 356 1318 397 abstinuit
1337 357 1424 398 vim

365 423 517 464 Uxore
535 427 577 464 et
593 427 733 475 gnato,
754 422 869 461 mala
886 421 1018 460 multa
1039 425 1245 472 precatus
1262 420 1450 462 Atridis:

364 487 468 529 Non
487 489 560 529 ille
581 490 655 528 aut
673 487 901 533 Teucrum,
923 489 999 525 aut
1019 485 1161 537 ipsum
1182 485 1367 526 violavit
1387 486 1606 538 Ulyssem.

363 553 399 602 Ἥ
417 554 577 594 Verum
599 564 694 603 ego,
716 554 763 590 ut
781 550 987 590 haerentes
1008 550 1192 591 adverso
1210 550 1351 592 littore
1370 563 1504 591 naves
1690 552 1772 592 205

362 618 594 671 Eriperem,
616 615 804 669 prudens
824 615 999 667 placavi
1015 615 1220 666 sanguine
1244 615 1398 655 Divos.

364 684 398 731 ἹῙ
420 683 588 734 Nempe
610 684 699 730 tuo,
720 680 895 720 furiose.
953 679 988 728 ἹῘ
1011 679 1136 731 Meo;
1158 680 1234 720 sed
1253 693 1340 720 non
1362 681 1563 721 furiosus.
1588 718 1590 722 .

362 748 397 796 ql
415 746 505 796 Qui
524 746 696 798 species
718 745 828 786 alias
846 747 952 794 veri,
973 746 1234 798 scelerisque
1257 746 1440 786 tumultu

362 810 599 852 Permistas
619 811 775 862 capiet,
794 814 1030 850 commotus
1050 810 1295 861 habebitur3
1325 817 1469 863 atque,

362 876 607 916 Stultitiane
626 879 751 923 erret,
772 874 949 914 nihilum
973 875 1162 923 distabit,
1184 888 1237 915 an
1256 876 1335 916 ira.
1687 878 1772 918 210

360 941 480 992 Ajax
500 952 599 980 cum
619 941 853 980 immeritos
879 939 1054 988 occidit,
1075 939 1253 992 desipit,
1275 942 1436 992 agnos?

359 1063 438 1088 osus,
452 1055 571 1094 quaudo
584 1057 711 1094 pecudes
724 1065 792 1086 ense
806 1054 988 1094 jugulavit?
1009 1055 1089 1085 haud
1103 1055 1259 1094 coniugem
1272 1060 1303 1087 et
1312 1047 1418 1097 fillum
1432 1058 1513 1088 hesit
1523 1068 1534 1089 .-
1554 1058 1639 1089 diras
1654 1059 1773 1098 quidem

296 1122 298 1125 ,
358 1095 392 1125 in
399 1095 488 1135 filios
501 1096 592 1127 Atrei
598 1097 748 1134 jactavit:
770 1100 804 1127 at
815 1107 868 1127 uec
884 1097 1030 1126 Teucrum
1044 1105 1098 1126 nec
1109 1097 1206 1136 ipsum
1223 1097 1357 1137 Ulyssem
1371 1099 1529 1137 percussit.
1574 1098 1696 1131 AGAM.
1711 1099 1772 1130 At-

359 1137 411 1175 qui
426 1141 461 1167 ut
474 1137 679 1169 abstraherem
692 1147 784 1168 naves
797 1138 901 1176 iniquo
915 1138 1019 1168 littore
1033 1138 1182 1174 detentas,
1197 1147 1252 1176 ego
1267 1140 1327 1169 rite
1339 1141 1462 1170 numina
1479 1140 1599 1179 placavi
1612 1141 1772 1179 sanguim.

356 1177 488 1209 S‘rnwr.
531 1179 595 1209 Tuo
622 1179 773 1214 videlicet,
802 1179 918 1210 insane.
973 1177 1098 1208 AGAM.
1131 1179 1215 1218 Meo,
1246 1180 1377 1219 inquam,
1412 1182 1465 1211 sed
1489 1181 1611 1212 minime
1635 1182 1773 1213 imaus.

358 1218 486 1252 S'rnn'r.
511 1220 623 1251 Verum
637 1222 689 1260 qui
702 1219 954 1261 speciebussalsis
967 1222 998 1250 et
1007 1220 1118 1250 scelere
1131 1219 1264 1257 confusis
1276 1222 1535 1262 conspurcatisque
1548 1223 1681 1262 ducitur,
1692 1226 1774 1254 certe

348 1260 490 1296 furiosus
501 1263 618 1292 censeri
631 1262 716 1293 debet
729 1272 740 1292 .·
759 1272 813 1293 nec
827 1262 955 1292 interest
968 1264 1071 1292 utrum
1082 1270 1137 1300 per
1150 1262 1302 1292 insaniam
1313 1272 1353 1293 au
1364 1273 1420 1302 per
1432 1263 1511 1294 irum
1521 1267 1632 1303 peccel.
1674 1265 1776 1295 Nm-

358 1302 431 1340 quid
445 1302 530 1338 Aiux
551 1303 678 1343 insanit,
701 1312 769 1334 cum
787 1312 883 1342 agnos
898 1302 1026 1343 perimit
1049 1302 1243 1335 innocentes?
1272 1314 1312 1335 an
1334 1307 1369 1334 tu
1390 1308 1487 1336 mente
1501 1314 1576 1337 suna
1594 1315 1639 1344 es,
1653 1307 1774 1345 quando

946 1393 1161 1407 “emo-”eo
1164 1395 1182 1407 ο

357 1458 419 1487 203
447 1457 552 1487 Uxore
578 1461 608 1488 et
627 1461 723 1495 gnata
756 1457 850 1488 Harl.
865 1460 897 1488 4.
919 1457 929 1474 ‘
946 1456 1057 1488 Aliter
1078 1459 1284 1498 interpunxi,
1310 1459 1412 1490 Uxore
1430 1463 1460 1491 et
1486 1464 1599 1498 gnato:
1620 1470 1660 1491 m.
1677 1471 1716 1492 m.
1737 1471 1771 1501 p.

357 1498 494 1535 Atridis,
517 1499 602 1536 Non,
621 1501 672 1538 sse.
696 1508 760 1529 non
780 1499 852 1529 sine
881 1507 1009 1536 sensus,
1025 1504 1061 1529 ut
1085 1499 1227 1538 videtur,
1246 1501 1441 1532 commodo.¹
1459 1501 1680 1539 Wakefi—204
1706 1502 1771 1533 Hic

356 1539 458 1568 etiam
473 1543 557 1569 vett.
572 1540 669 1570 codd.
689 1540 821 1570 Ulixem.
864 1539 951 1570 Vide
965 1540 1007 1570 ad
1025 1550 1071 1570 vs.
1089 1543 1266 1571 197.--208
1289 1543 1299 1558 ‘
1316 1541 1399 1572 Cum
1415 1542 1583 1573 Torrentii
1598 1542 1768 1574 codicibus

357 1583 392 1609 et
409 1579 584 1609 Veteribus
595 1581 788 1610 Scholiastis
799 1580 877 1610 alias
891 1581 955 1610 veri
967 1581 1170 1619 reposuimus
1183 1591 1242 1621 pro
1253 1582 1331 1612 alias
1341 1583 1440 1613 veris.-
1456 1592 1529 1613 nam
1543 1583 1571 1614 S
1582 1584 1771 1614 detractum

355 1624 430 1650 erat
445 1621 595 1660 sequenti
613 1621 791 1651 vocabulo:
816 1626 933 1660 estque
951 1621 1176 1652 Hellenismus
1204 1633 1263 1662 pro
1284 1623 1362 1654 alias
1379 1633 1461 1661 vero,
1484 1634 1558 1664 quae
1583 1624 1772 1663 ernquiana

355 1661 458 1692 lectio
474 1666 538 1693 est.
583 1662 755 1692 Bentleius
770 1662 820 1692 sic
836 1662 1056 1702 interpungit,
1069 1663 1192 1702 Species
1204 1664 1292 1703 alias,
1306 1666 1370 1694 veri
1383 1665 1562 1704 scelerisque
1575 1666 1716 1701 tumultu,
1731 1675 1771 1697 ac

355 1702 382 1732 si
397 1703 475 1733 ullas
489 1703 656 1734 diceretur
671 1703 834 1742 absolute,
848 1704 935 1744 quod
951 1704 1043 1735 nobis
1066 1703 1288 1735 duriusculum
1307 1705 1462 1736 videtur.'
1488 1706 1582 1737 Baxt.
1624 1707 1704 1737 veris
1718 1710 1772 1738 est

356 1744 447 1783 conj.
466 1744 629 1784 Lambini,
643 1749 678 1776 et
694 1745 804 1784 placet
820 1745 980 1776 Valartio.
1023 1746 1033 1762 ‘
1047 1745 1326 1785 Distinguendum
1343 1747 1451 1786 potius
1462 1758 1472 1778 ε
1491 1747 1554 1782 Qui
1563 1747 1772 1787 spectamina

355 1786 419 1815 veri
433 1785 621 1826 scelerisque,
644 1787 773 1816 tumultu
788 1787 958 1817 Permistas
979 1787 1088 1826 capiet,
1111 1791 1273 1818 commotus
1287 1788 1456 1819 habebitur.
1479 1789 1542 1819 hoc
1559 1794 1669 1819 tamen
1684 1788 1768 1819 inte·

355 1834 463 1864 grum,
480 1827 521 1856 ad
537 1828 671 1858 lectoris
683 1827 855 1858 arbitrium
871 1827 1071 1858 deferimus-¹
1092 1828 1317 1864 Wulcef--2ll
1340 1832 1348 1846 ⁶
1359 1829 1446 1866 AJ‘as·
1459 1829 1624 1860 immeritos
1637 1830 1707 1860 dum
1721 1839 1770 1860 oe-

354 1866 445 1906 cidit]
471 1867 667 1898 Derivatum
695 1874 748 1898 est
773 1868 836 1898 hoc
866 1868 909 1897 ab
934 1867 1146 1898 Editionibus
1173 1869 1307 1907 priscis;
1331 1869 1408 1899 inde
1431 1869 1464 1899 in
1490 1870 1656 1910 plerisque
1681 1879 1769 1901 nunc

355 1907 599 1940 circumfertur.
642 1909 690 1939 At
705 1909 791 1938 solus
807 1917 849 1938 ex
864 1909 985 1939 nostris
1004 1909 1199 1948 Reginensis
1218 1911 1307 1946 dum,·
1330 1912 1434 1941 ceteri
1450 1920 1539 1946 cum,-
1560 1917 1596 1941 ut
1623 1911 1770 1950 plerique

356 1949 492 1979 aliorum
508 1948 652 1987 habent;
676 1954 711 1980 et
727 1949 759 1980 id
775 1958 889 1979 versus
905 1959 1044 1989 sequens
1059 1949 1252 1981 confirmat:
1271 1951 1346 1981 Cum
1365 1953 1497 1990 prudens
1509 1952 1660 1982 admittis.
1706 1953 1768 1982 Ce-

356 1996 463 2020 terum
480 1990 579 2020 aliter
594 1990 695 2021 verba
710 1991 917 2028 ordinantur,
938 2000 1011 2020 cnm
1035 1991 1067 2021 in
1091 1991 1300 2030 Cruqnianis„
1318 1998 1386 2022 tum
1410 1994 1442 2022 in
1465 1994 1599 2030 nostris,
1622 1993 1770 2024 zaliche-

355 2031 474 2071 miano‚
486 2031 748 2072 Magdalenensi,
761 2037 796 2063 et
810 2032 925 2072 Regiae
940 2032 1137 2063 Societatis:
1153 2032 1237 2070 Ajax
1251 2043 1317 2064 cum
1332 2034 1497 2064 immeritos
1511 2034 1634 2075 occidit,
1647 2034 1770 2074 desipit,

993 2127 1131 2158 NOTAE

394 2189 456 2218 203
476 2187 595 2226 Uxore]
617 2189 808 2221 Tecmessa.
854 2189 953 2228 Nato]
970 2190 1035 2231 Eu-
1086 2189 1184 2221 Quod
1209 2189 1234 2219 si
1260 2190 1369 2221 animo
1392 2195 1513 2228 stares,
1536 2190 1563 2220 si
1586 2194 1766 2221 commotus

353 2245 483 2275 rysace.
507 2237 644 2276 Atridis]
660 2237 899 2277 Agamemnoni
913 2243 949 2269 et
964 2239 1036 2269 Me·
1085 2246 1150 2267 non
1170 2246 1271 2275 esses,
1299 2247 1393 2268 veras
1418 2238 1532 2277 ntique
1557 2238 1687 2276 species
1707 2238 1765 2268 ha-

354 2284 462 2315 nelao.
1085 2285 1225 2320 buisses,
1249 2290 1376 2317 rectum
1398 2285 1497 2316 animi
1519 2294 1697 2324 servasses,
1717 2290 1765 2317 at-

394 2334 456 2362 204
481 2332 640 2372 Teucrum]
663 2334 812 2364 Fratrem
828 2343 933 2365 suum.
1085 2343 1150 2374 que
1161 2333 1244 2364 adeo
1254 2333 1475 2364 intellexisses
1486 2333 1625 2364 hominis
1637 2334 1765 2365 caedem

400 2381 553 2422 Ulyssem]
587 2382 650 2413 Cui
676 2386 785 2413 tamen
814 2382 901 2423 Ajax
931 2383 1032 2414 iratus
1085 2381 1172 2412 haud
1185 2381 1682 2422 placetennminibus,aquibus
1696 2383 1765 2414 vita

354 2430 510 2461 maxime.
1086 2431 1180 2462 nobis
1200 2430 1376 2461 tribuitur:
1400 2439 1508 2471 neque
1525 2440 1608 2461 vana
1629 2431 1763 2463 honoris

396 2481 458 2510 208
483 2479 546 2513 Qui
565 2480 676 2518 species
696 2480 774 2511 alius
791 2480 867 2516 veri,
879 2480 949 2520 ξω]
973 2481 1034 2512 Ur·
1085 2478 1270 2519 cupiditate
1284 2478 1444 2518 deceptus
1458 2479 1581 2510 crimen
1594 2478 1764 2510 infandum

354 2533 410 2566 get
434 2528 626 2568 Stertinius,
647 2530 740 2572 quasi
763 2529 911 2561 diceret:
935 2530 1037 2561 immo
1085 2528 1234 2568 speciosa
1263 2527 1429 2566 religionis
1464 2527 1581 2558 umbra
1617 2529 1762 2560 velatum

354 2575 496 2608 furiosus
521 2587 555 2608 es
576 2586 616 2608 ac
637 2578 785 2618 demens,
800 2579 926 2619 quippe
941 2578 1034 2610 falsis
1084 2578 1188 2610 stulte
1202 2575 1400 2606 admisisses.
1443 2576 1544 2607 Certe
1565 2586 1646 2608 sana
1670 2586 1762 2608 mem

355 2633 464 2656 rerum
489 2625 666 2665 speciebus
695 2626 822 2663 illusus,
854 2632 956 2668 atque
980 2628 1036 2669 (ut
1082 2626 1220 2656 ‘causas
1245 2633 1354 2654 rerum
1382 2629 1417 2655 et
1440 2626 1692 2657 consecutiones
1715 2626 1762 2657 vi·

354 2672 402 2702 ait
414 2671 484 2703 Cic.
499 2674 594 2704 Tusc.
612 2683 645 2704 v.
662 2683 693 2704 n.
707 2674 777 2715 98.)
794 2676 804 2692 ‘
820 2681 964 2707 mentem
975 2676 1033 2707 ha·
1083 2672 1165 2705 det.’
1187 2672 1255 2703 Cic.
1270 2672 1312 2704 de
1328 2673 1463 2705 Finibus
1478 2682 1519 2705 11.
1534 2683 1567 2706 n.
1578 2676 1632 2706 4⁵.

355 2720 413 2751 bes
441 2720 601 2752 imbutam
635 2723 810 2762 pravitatis
841 2723 1031 2755 erroribus.’
