1956 3236
643 285 921 317 SERMONUM
957 287 1052 317 nis.
1085 287 1118 317 1.
1145 277 1187 318 5.
1529 278 1639 337 ἴ839

188 381 420 423 Differtum
441 381 602 430 nantis,
621 381 900 434 cauponibus
921 385 1055 435 atque
1073 381 1292 435 malignis.

188 448 295 489 Hoc
314 449 401 490 iter
418 448 567 501 ignavi
586 447 835 499 divisimus,
857 448 993 490 altius
1014 462 1067 490 ac
1086 461 1170 490 nos
1609 451 1638 490 5

187 514 448 556 Praecinctis
466 527 604 556 unum
623 527 634 556 :
665 516 809 557 minus
829 519 897 557 est
913 517 1058 570 gravis
1078 515 1234 570 Appia
1255 517 1405 559 tardis.

186 580 281 622 Hic
300 594 397 635 ego,
418 586 599 636 propter
614 595 796 635 aquam,
819 584 940 637 quod
963 589 1058 625 erat
1079 584 1313 634 teterrima,
1334 584 1480 626 ventri

189 647 546 701 Indico-bellum,
568 654 796 691 coenantes
816 650 935 692 haud
957 652 1106 692 animo
1127 663 1256 704 aeqno

187 715 443 768 Expectans
463 715 664 757 comites.
723 717 752 758 J
757 730 830 758 am
850 730 941 760 nox
963 717 1171 759 inducere
1189 718 1315 759 terris

188 780 394 830 Umbras,
415 784 459 822 et
479 781 600 822 coelo
622 782 863 825 diffundere
882 785 1009 837 signa
1030 785 1241 838 parabat:

187 846 300 889 Tum
321 848 445 901 pueri
466 849 629 899 nautis,
651 850 805 903 pueris
827 851 1028 892 convicia
1049 855 1210 900 nautae,

1584 785 1639 826 1⁰

185 958 282 1000 Appia·
296 960 414 1000 oppidi,
425 962 549 1001 plenum
564 961 668 992 nautis
675 963 712 992 et
727 958 913 999 cauponibus
927 957 1059 999 iniquis.
1106 958 1176 989 Hoc
1202 958 1265 989 iter
1291 958 1406 999 partili
1426 967 1531 989 sumus
1543 957 1643 998 pigri,

184 1003 264 1042 quud
278 1003 403 1034 anie-m
418 1003 534 1042 fuisset
563 1003 736 1034 viatoribus
757 1003 854 1034 altius
877 1011 968 1042 quam
992 1010 1047 1031 nos
1071 1000 1251 1032 succinctis.
1290 1002 1394 1042 Appia
1408 1001 1460 1032 via
1477 1001 1580 1031 minus
1594 1002 1641 1031 est

184 1045 312 1076 molesta
327 1046 408 1077 lente
420 1045 706 1086 progredientibus.
736 1045 808 1084 Ego
818 1044 891 1075 istic
903 1042 1110 1081 bellumsucio
1126 1043 1227 1074 rentri
1241 1042 1278 1074 ob
1290 1053 1415 1084 aquam,
1429 1043 1502 1084 quia
1517 1043 1562 1073 ibi
1572 1052 1642 1084 pes·

185 1085 267 1118 sinu
278 1090 346 1124 ια,-
367 1092 521 1120 coenantes
534 1089 658 1119 comites
672 1088 872 1128 impatienter
883 1088 1060 1127 expectans.
1105 1085 1181 1116 Jam
1196 1095 1259 1117 nox
1271 1095 1369 1127 prope
1380 1089 1450 1118 erat
1463 1085 1561 1118 terris
1573 1095 1643 1116 um·

187 1127 259 1160 bras
275 1129 434 1170 inducere,
449 1140 485 1161 uc
498 1131 604 1162 stellas
617 1130 690 1161 coelo
711 1138 871 1169 spargere.
915 1128 997 1160 Mox
1018 1127 1100 1159 servi
1122 1129 1240 1169 naulis,
1260 1132 1367 1160 nautae
1387 1128 1486 1160 serris
1506 1127 1640 1159 dicteria

788 1221 1030 1234 “emune-

190 1292 225 1319 et
241 1294 376 1320 recentt
380 1289 577 1322 U—rHarl
592 1293 623 1322 3.
632 1292 665 1321 6.
680 1292 712 1322 7.
734 1290 859 1321 Venet.
876 1291 972 1320 1559.
994 1287 1154 1320 Glarean.
1177 1289 1297 1322 Lamb,
1312 1294 1348 1320 et
1365 1289 1441 1320 aliae
1461 1289 1541 1321 edd.
1558 1293 1639 1320 ante

190 1331 305 1363 Bentl.
320 1332 501 1364 deterrima.
528 1333 629 1365 Harl.
645 1335 678 1363 2.
694 1336 726 1364 4.
739 1331 838 1363 Gott.
854 1337 891 1362 et
907 1330 987 1362 edd.
1005 1331 1146 1370 primae;
1162 1331 1244 1362 item
1259 1332 1374 1363 Bentl.
1390 1331 1516 1364 Sanad.
1533 1331 1640 1363 Fran·

187 1373 248 1414 eie,
265 1374 410 1405 Wetzel.
434 1374 619 1412 Heindorf,
645 1373 786 1414 Bipont.
812 1373 917 1404 Baxt.
939 1372 1047 1404 Geso.
1065 1373 1171 1403 zena.
1187 1373 1323 1406 Waket'.
1339 1374 1459 1405 Comi).
1474 1378 1510 1404 et
1533 1373 1642 1404 Kidd.

185 1416 356 1447 meri-im.
358 1419 442 1448 —11
470 1416 555 1447 Tunc
573 1416 666 1456 pueri
689 1416 790 1447 Harl.
817 1418 849 1446 2.
875 1417 995 1445 7.-12
1018 1414 1144 1454 Ingens
1166 1414 1237 1446 duo
1258 1415 1360 1447 codd.
1385 1415 1555 1448 Lambini
1563 1418 1641 1447 -15

838 1488 872 1521 N
876 1486 986 1521 OTAE

227 1552 340 1584 For-m
368 1553 483 1594 Appii]
520 1552 695 1594 Oppidum
726 1554 819 1586 Latii
844 1554 880 1586 in

181 1601 382 1633 Volscorum
406 1601 545 1642 finibus,
560 1602 650 1634 inter
669 1602 822 1635 Ariciam
839 1613 879 1634 ac

181 1651 373 1692 Feroniam,
378 1652 440 1693 jux
446 1656 482 1683 ta
492 1652 641 1684 Paludes
658 1653 878 1694 Pomptinas:

179 1709 286 1744 qnare
301 1701 335 1733 in
349 1701 401 1733 his
415 1702 616 1743 navigantes
637 1707 752 1735 nautoe
778 1703 881 1744 pluri·

179 1752 226 1784 mi
236 1751 315 1784 istic
325 1751 482 1784 habitant
491 1762 502 1791 ;
514 1761 686 1793 caupones
695 1752 791 1792 item,
801 1753 882 1795 quia.

179 1800 343 1844 frequens
371 1812 412 1834 ea
441 1802 498 1834 via
527 1806 563 1834 et
591 1801 748 1834 celebris.
791 1802 880 1834 Vide

179 1850 293 1894 Epist.
311 1851 353 1883 ad
370 1851 489 1883 Pison.
509 1861 558 1883 vs.
573 1854 629 1883 65.
653 1850 695 1883 ad
709 1852 786 1884 haec
806 1860 878 1884 ver-

182 1899 238 1943 ba,
251 1902 261 1920 ‘
278 1902 472 1944 sterilisque
489 1900 612 1943 palus‚’
628 1903 694 1934 διο.
709 1902 791 1934 Not.

222 1955 244 1984 4
274 1951 445 1994 Malignis]
481 1952 734 1992 Fraudulentis,
763 1951 880 1994 iniqua

181 2003 233 2035 nti
245 2012 402 2035 mensura
416 2003 597 2036 consuetis.
631 2004 751 2045 Supra.
766 2003 838 2035 Sat.
854 2011 879 2034 1.

183 2054 238 2085 29.
254 2056 264 2071 ⁸
279 2052 438 2084 Perfidus
452 2054 508 2085 hic
524 2052 659 2094 caupo!

225 2105 245 2134 5
277 2101 349 2134 Hoc
375 2102 439 2133 iter
472 2102 580 2142 ignum
613 2102 786 2143 divisimus,
814 2103 884 2144 ξω]

182 2150 284 2184 Quod
309 2151 465 2193 expediti
489 2151 596 2194 magis
611 2161 711 2194 quam
734 2161 794 2183 uos
817 2161 883 2184 una

182 2200 240 2233 die
265 2200 505 2243 confecissent,
526 2202 561 2233 in
589 2210 630 2234 eo
655 2201 795 2240 biduum
823 2212 882 2244 po-

183 2251 324 2284 suimus.

221 2303 243 2335 6
266 2300 471 2342 Praecinctis]
501 2301 670 2340 Strenuis,
694 2301 882 2343 expeditis,

179 2348 337 2390 ε’ὔζόνοιςε
367 2356 488 2383 contra
511 2350 700 2384 discinctus
723 2352 881 2393 ignavum

180 2399 358 2443 significat,
373 2406 411 2434 ut
426 2401 508 2433 alibi
522 2401 663 2433 dictum.

221 2450 334 2482 Μίιιυε
345 2454 394 2483 est
406 2450 516 2491 gravis
531 2451 636 2493 Appia
649 2451 767 2492 tardis]
791 2452 880 2484 Quia

181 2499 303 2532 erebra
313 2504 389 2532 snut
401 2500 600 2541 diversoria,
611 2501 646 2532 in
659 2501 782 2543 quibus
795 2502 880 2534 licet

183 2549 378 2582 commorari
392 2550 526 2591 quoties
541 2550 637 2583 libet.

194 2598 200 2599 ’
224 2599 244 2629 7
271 2597 381 2630 Ventri
390 2599 498 2631 Indico
513 2600 638 2642 bellum]
663 2601 807 2633 Scilicet
821 2611 880 2643 ap-

184 2647 318 2688 petenti
334 2657 462 2681 coenam
477 2652 612 2693 negavi,
627 2651 719 2694 qnod
735 2661 799 2684 nec
823 2662 881 2693 pa-

186 2697 326 2728 lustrem
349 2706 388 2729 sc
412 2697 591 2733 soeteutem
614 2711 737 2744 aquam
760 2701 879 2734 bibere

185 2750 362 2787 poteram;
383 2757 450 2780 nec
471 2758 610 2792 merum,
629 2758 773 2793 propter
798 2753 881 2794 oph-

186 2797 371 2837 thalmiam,
388 2798 430 2829 de
445 2807 512 2839 qua
526 2806 658 2840 postea.
682 2803 774 2835 Hinc
789 2804 799 2821 ‘
812 2813 882 2836 coe-

933 1553 1074 1585 nantes’
1101 1554 1293 1586 incoenatus
1319 1555 1329 1572 ⁴
1346 1554 1437 1586 haud
1461 1564 1559 1597 aequo
1582 1564 1643 1586 ex-

934 1609 1079 1644 pectans
1096 1604 1227 1635 animo.’

975 1656 997 1685 9
1018 1654 1095 1685 Jam
1114 1663 1178 1685 nox
1199 1654 1357 1694 inducere,
1370 1653 1442 1694 &ct-J
1465 1654 1557 1687 Quia
1571 1658 1639 1685 ter-

933 1704 1052 1735 restris
1068 1704 1123 1735 via
1145 1702 1315 1735 difficilior
1338 1704 1441 1735 etiam
1466 1703 1641 1742 vehiculis,

935 1753 1064 1785 idcirco
1094 1754 1137 1785 ab
1168 1753 1274 1795 Appii
1305 1752 1381 1785 foro
1408 1753 1635 1794 navigabatur

937 1804 1117 1836 Feroniam
1129 1813 1250 1846 usque,
1259 1808 1362 1835 noctu
1376 1803 1534 1845 quidem
1553 1807 1642 1835 teste

935 1854 1104 1887 Strabone
1130 1858 1208 1895 post
1233 1853 1383 1885 citando.
1430 1852 1523 1884 Hinc
1538 1852 1640 1884 facile

934 1905 1117 1945 intelliges,
1128 1904 1251 1944 lector,
1263 1913 1337 1945 quae
1351 1902 1477 1934 deinde
1493 1911 1640 1944 sequun-

934 1959 1012 1986 tur:
1030 1959 1070 1986 ut
1083 1953 1176 1996 quod
1193 1962 1376 1994 puerorum
1392 1957 1640 1995 nautarumque

934 2003 1138 2037 vociferatio
1155 2003 1272 2036 audita
1292 2004 1430 2036 subito:
1454 2003 1543 2045 quod
1564 2004 1574 2021 ⁴
1592 2005 1640 2035 nil

935 2055 1123 2097 procedere
1133 2053 1292 2087 lintrem’
1306 2054 1454 2085 viatores
1466 2053 1554 2085 haud
1567 2064 1641 2086 sen-

935 2113 1031 2136 serez
1049 2104 1141 2147 quod
1154 2104 1209 2135 vix
1225 2104 1234 2121 ‘
1246 2104 1329 2135 hora
1340 2102 1480 2145 quarta'
1496 2113 1640 2145 perven-

936 2157 1008 2186 tum
1025 2154 1070 2187 sit
1084 2164 1127 2186 eo
1142 2163 1209 2196 quo
1229 2153 1272 2185 ad
1293 2159 1406 2186 ortum
1423 2153 1504 2186 solis
1522 2155 1640 2196 appel-

935 2202 1007 2235 lere
1022 2208 1239 2245 oportuerat.

979 2256 1020 2285 10
1051 2255 1134 2285 Coelo
1164 2254 1341 2296 diffundere
1369 2254 1463 2294 signa
1490 2253 1640 2294 parabat]

937 2301 1016 2334 Non
1040 2303 1115 2335 haec
1140 2305 1150 2321 ‘
1167 2303 1316 2336 sermoni
1346 2303 1510 2345 ριόρίοι»,ἰ
1532 2303 1637 2345 (quod

936 2352 985 2384 ait
997 2353 1072 2384 Sat.
1085 2351 1254 2394 praeced.)
1270 2353 1372 2384 immo
1385 2353 1559 2384 sublimior
1572 2353 1640 2383 dic-

936 2403 997 2443 tio,
1010 2408 1049 2435 nt
1071 2407 1108 2435 et
1130 2402 1211 2435 alibi
1234 2401 1421 2441 interdum,
1438 2401 1558 2432 Poe‘tae
1580 2411 1639 2431 ex·

933 2453 1026 2485 celso
1049 2453 1102 2485 vel
1135 2452 1278 2492 excidit,
1304 2461 1364 2482 seu
1389 2450 1477 2491 quod
1502 2449 1638 2481 lectoris

932 2509 1083 2535 mentem
1100 2503 1253 2534 excitare
1270 2500 1582 2540 identidemjuvat.

978 2555 1017 2583 ll
1044 2553 1126 2583 Tum
1149 2551 1239 2592 pueri
1264 2550 1382 2588 natatis,
1403 2549 1474 2590 Era]
1500 2549 1599 2581 Servi
1621 2561 1640 2582 a

934 2601 1080 2633 dominis
1108 2600 1272 2642 praemissi
1302 2599 1344 2630 ad
1370 2599 1638 2639 comparandum

935 2651 1119 2691 navigium,
1131 2660 1207 2683 cum
1222 2648 1334 2680 nautis
1347 2647 1502 2679 rixantur
1513 2653 1547 2679 et
1559 2657 1638 2680 cou-

935 2701 1127 2733 viciantur:
1144 2700 1234 2742 quod
1248 2697 1386 2741 quidem
1401 2696 1566 2730 familiare
1579 2698 1638 2730 hu-

930 2752 988 2793 jus
1004 2750 1124 2782 farinae
1141 2749 1342 2781 hominibus.

984 2803 1151 2843 Convicia]
1185 2801 1291 2835 Quasi
1319 2802 1328 2818 ‘
1346 2798 1535 2839 convocia,'
1551 2800 1641 2831 voci·
