1930 3242
608 312 888 345 suanorum
924 312 1023 344 mu.
1056 311 1088 341 1.
1120 300 1193 342 10.

1550 297 1636 340 897

179 411 280 454 Nec
298 415 457 460 tamen,
475 410 560 452 hoc
579 409 794 459 tribuens,
814 407 1011 451 dederim
1031 418 1212 462 quoque
1232 407 1406 447 cetera:
1434 415 1538 445 nam
1562 405 1630 446 sic

180 480 238 522 Et
255 478 416 521 Laberi
434 477 607 526 mimos,
628 482 680 518 ut
699 476 885 530 pulchra
903 473 1132 530 poiimata,
1152 473 1294 514 mirer.
1607 471 1635 511 6

180 547 297 601 Ergo
317 559 402 588 non
421 545 530 587 satis
550 547 619 586 est
638 545 728 585 risu
749 543 957 585 diducere
976 543 1133 585 rictum

180 614 439 658 Auditoris:
468 618 513 656 et
531 619 601 655 est
621 612 828 667 quaedam
850 617 996 654 tamen
1013 611 1086 653 hic
1109 621 1292 665 quoque
1311 609 1479 651 virtus:

182 683 267 725 Est
283 682 500 724 brevitate
519 693 650 734 opus,
672 683 718 722 ut
739 683 886 722 currat
906 679 1141 728 sententia,
1161 691 1248 720 neu
1270 689 1317 718 se

177 815 308 855 perinde
326 815 498 847 concedam.
544 815 615 846 Hoc
629 815 742 846 etenim
754 818 845 856 pacto
859 816 968 846 mimos
980 814 1077 846 etiam
1093 813 1218 846 Laberii
1242 814 1324 844 velut
1346 813 1476 854 pulchra
1498 813 1639 844 carmina

179 857 375 890 celebrarem.
418 858 530 899 Itaque
539 867 600 889 non
612 858 728 900 sufficit
743 858 810 888 risu
824 857 991 888 extendere
1010 857 1174 888 cachinnos
1193 856 1352 887 auditoris
1362 866 1373 887 .·
1395 865 1570 896 quanquam
1592 859 1640 887 est

179 898 214 931 in
227 898 284 932 hoc
295 910 413 941 quoque
426 900 572 932 nonnulla
585 900 697 931 virtus.
740 900 894 932 Brevitas
914 899 1098 940 requiritur,
1125 903 1159 931 ut
1181 899 1334 930 sententia
1341 898 1443 940 fluat,
1457 907 1531 930 neue
1544 907 1576 930 se
1590 898 1640 929 in-

782 1004 820 1016 OO
824 1004 1025 1019 'OO‘NOON

183 1084 203 1112 5
227 1080 298 1112 Pro
313 1090 399 1120 nam,
414 1079 516 1113 Gott.
533 1081 618 1113 Exc.
642 1082 723 1113 Sax.
746 1082 846 1113 Harl.
861 1085 893 1114 3.
908 1085 941 1114 6.
958 1087 994 1114 et
1009 1082 1090 1114 Bos.
1108 1081 1267 1113 Animad.
1282 1090 1314 1121 p.
1329 1084 1384 1114 56.
1400 1081 1528 1113 habent
1553 1089 1639 1111 num.

183 1120 284 1155 Harl.
299 1126 331 1155 4.
355 1122 473 1156 Zarot.
489 1123 629 1156 Venett.
648 1127 741 1156 1477.
758 1127 853 1157 1478.
869 1127 964 1157 1479.
984 1127 1079 1157 1490.
1098 1127 1194 1157 1486.
1217 1130 1253 1156 et
1278 1124 1431 1156 Florent.
1449 1126 1546 1155 1482.
1566 1132 1642 1163 non,

852 1232 885 1264 N
890 1232 994 1264 01*AE

227 1308 248 1336 6
274 1305 343 1336 Nec
364 1308 479 1345 tamen,
503 1306 559 1337 hoc
577 1306 727 1348 tribum,
750 1307 889 1338 dederim

185 1365 303 1396 quoque
312 1354 430 1395 cetera]
453 1355 510 1387 Ita
525 1354 682 1397 profecto
701 1365 819 1398 aequus
834 1365 887 1388 re—

185 1415 260 1436 rnm
273 1404 462 1437 aestimator
477 1410 531 1437 est
545 1405 711 1437 Horatius
723 1410 759 1437 et
772 1410 889 1438 rectus

180 1454 312 1496 judex:
335 1454 496 1495 quicquid
521 1454 603 1485 velit
626 1455 771 1488 Quintil.
797 1464 833 1486 x.
859 1458 888 1487 1.

185 1504 258 1545 ubi,
274 1505 284 1522 ‘
298 1503 476 1543 Lucilius‚'
500 1503 622 1546 inquit,
637 1505 647 1522 ‘
658 1504 824 1546 quosdam
841 1505 889 1536 ita

183 1554 318 1586 deditos
333 1553 399 1586 sibi
412 1554 523 1586 adbuc
537 1554 642 1586 habet
653 1559 835 1594 amatores,
850 1560 889 1587 nt

185 1613 264 1636 eum
279 1613 346 1636 non
363 1603 514 1646 ejusdem
526 1604 627 1637 modo
641 1605 756 1646 operis
769 1610 889 1637 aucto-

185 1653 281 1686 ribus
310 1653 370 1686 sed
401 1654 555 1686 omnibus
584 1654 698 1696 poetis
723 1654 888 1696 praeferre

183 1714 253 1736 non
274 1703 446 1736 dubitent.
490 1705 564 1746 Ego
585 1710 750 1746 quantum
765 1705 889 1737 abillis

186 1758 321 1786 tantum
336 1754 380 1786 ab
396 1754 545 1787 Horatio
556 1755 735 1796 dissentio,
746 1756 806 1798 qui
821 1755 888 1787 Lu-

185 1804 303 1837 cilium
317 1803 426 1837 fluere
441 1805 662 1846 lutulentum,
682 1810 720 1837 et
737 1814 813 1837 esse
829 1805 888 1837 ali-

185 1854 267 1896 quid
285 1854 375 1896 qnod
389 1854 510 1887 tollere
524 1856 646 1897 possis,
663 1861 776 1896 putat.
800 1855 888 1888 Nam

183 1905 335 1939 eruditio
350 1906 385 1938 in
402 1916 443 1938 eo
458 1907 559 1947 mira,
580 1914 618 1940 et
635 1908 775 1940 libertas
787 1912 890 1949 atque

187 1956 268 1988 inde
283 1957 468 1998 acerbitas,
483 1963 518 1988 et
535 1957 670 1990 abunde
685 1959 775 1990 salis.
805 1958 892 1989 Mul-

188 2010 225 2037 to
240 2010 294 2038 est
316 2006 440 2038 tersior
462 2015 503 2038 ac
528 2016 632 2048 purus
653 2007 760 2048 magis
779 2007 890 2040 Hora-

189 2056 270 2091 tius,
285 2061 320 2087 et
343 2055 386 2088 sd
409 2058 573 2089 notandos
592 2058 765 2089 hominum
781 2067 892 2089 mores

190 2105 408 2146 precipuus-⁹
431 2106 558 2138 Sensus
575 2107 713 2139 Horatii
729 2112 802 2139 est:
819 2107 893 2139 Tri·

190 2155 299 2187 bueus
316 2155 448 2187 Lucilio
463 2155 556 2197 quod
573 2156 700 2188 salibus
715 2161 750 2188 et
765 2157 894 2188 acerbi-

190 2210 262 2238 tate
278 2204 422 2247 polleat,
445 2214 511 2236 non
535 2204 679 2246 proinde
695 2204 805 2238 fateor
821 2206 894 2247 pul-

189 2255 274 2287 ·chra
289 2265 378 2296 esse,
397 2255 576 2297 concinna,
596 2261 633 2288 et
649 2255 806 2298 perfecta
820 2257 892 2298 ejus

191 2307 364 2349 poemata.
421 2308 517 2340 Alias
551 2309 656 2340 etiam
685 2306 826 2339 laudare
856 2312 893 2339 et

188 2357 307 2389 mirari
328 2361 506 2399 oporteret
529 2358 648 2389 mimos
664 2361 787 2399 utpote
803 2357 892 2389 dica—

189 2408 295 2441 citate
312 2413 530 2450 praestantes.

232 2462 254 2491 6
275 2459 390 2492 Laberi
401 2459 526 2501 mimos]
547 2459 740 2492 Comoedias
755 2459 891 2491 Laberii

190 2509 314 2542 salibus
339 2514 376 2542 et
402 2509 538 2542 facetiis
569 2510 700 2552 plenas.
751 2510 891 2542 Sueton.

191 2558 263 2591 Jul.
286 2558 412 2591 eas-r.
429 2568 505 2600 cap.
526 2562 579 2591 39.
602 2564 611 2578 ‘
626 2560 732 2592 Ludis
754 2560 892 2591 mimum

192 2617 291 2640 suum
305 2609 379 2650 egit
391 2609 556 2641 Decimus
573 2610 737 2642 Laberius
753 2619 858 2652 eques
870 2609 892 2642 ς’

192 2662 229 2691 et
246 2657 336 2698 qnod
358 2657 486 2689 Caesari
499 2658 679 2692 admodum
696 2660 892 2702 placuisset,

193 2709 203 2728 ‘
222 2708 368 2740 donatus
383 2709 577 2749 quingentis
590 2711 770 2751 sestertiis,
785 2716 820 2742 et
836 2720 892 2743 au-

195 2760 275 2791 nulo
291 2768 408 2800 aureo,
430 2768 560 2792 sessum
582 2761 617 2793 in
633 2763 891 2804 quatuordecim

195 2820 214 2841 e
252 2818 355 2841 scena
392 2818 454 2850 per
488 2809 695 2843 orchestram
734 2812 892 2846 transiit)

195 2861 299 2892 Hunc
326 2868 408 2891 vero
432 2860 610 2892 transitum
634 2862 768 2894 minime
780 2863 895 2896 ferens

281 2913 396 2954 Delph.
412 2916 444 2945 et
460 2913 533 2945 ναν.
547 2914 634 2945 Clas.

868 2916 989 2948 Horat.

941 1307 1063 1338 Cicero
1081 1315 1139 1338 eos
1164 1306 1262 1338 ludos
1288 1310 1358 1338 tum
1387 1309 1561 1346 spectans,
1581 1304 1647 1335 La-

941 1355 1036 1387 berio
1051 1356 1158 1388 sedile
1173 1355 1344 1397 quaerenti
1361 1355 1408 1386 ait
1422 1365 1430 1386 :
1454 1355 1464 1372 ‘
1481 1355 1646 1394 Recepis-

939 1415 1009 1437 sem
1026 1412 1075 1446 te,
1088 1407 1152 1438 nisi
1170 1411 1314 1447 anguste
1330 1404 1487 1436 sederem
1499 1403 1523 1443 ;’
1547 1404 1647 1434 simul

940 1459 976 1487 et
999 1456 1094 1487 illum
1111 1465 1290 1496 respuens,
1305 1460 1342 1486 et
1358 1456 1392 1486 in
1409 1463 1534 1485 novum
1549 1463 1646 1484 sena-

940 1509 1011 1537 tum
1033 1506 1185 1547 jocatus,
1209 1505 1306 1547 cujus
1329 1513 1508 1536 numerum
1533 1504 1648 1536 Caesar

940 1566 1047 1598 supra
1061 1555 1113 1588 fas
1129 1562 1285 1588 auxerat.
1331 1554 1373 1587 Id
1390 1564 1473 1586 vero
1498 1563 1565 1586 non
1587 1555 1648 1585 im-

941 1616 1045 1649 pune.
1092 1606 1288 1649 Respondit
1325 1605 1415 1638 enim
1451 1604 1618 1636 Laberius
1636 1615 1644 1635 :

940 1659 951 1675 ‘
966 1658 1093 1689 Mirum
1117 1657 1145 1688 si
1171 1661 1317 1698 anguste
1341 1656 1454 1694 sedes,
1477 1654 1535 1695 qui
1558 1655 1647 1685 soles

942 1707 1078 1739 duabus
1089 1707 1183 1738 sellis
1199 1706 1321 1738 sedere
1333 1705 1355 1737 :’
1370 1704 1582 1745 exprobrans
1591 1703 1647 1750 Ci-

939 1758 1060 1790 ceroni
1086 1757 1262 1790 levitatem
1292 1762 1328 1789 et
1357 1755 1526 1788 lubricum
1554 1753 1648 1786 fidei.

942 1807 1030 1839 Haec
1055 1807 1212 1839 Macrob.
1234 1806 1406 1839 Saturnal.
1425 1815 1465 1838 ιι.
1482 1808 1515 1836 3.
1529 1809 1565 1836 et
1584 1813 1647 1836 vu.

943 1860 975 1890 3.
1021 1857 1113 1889 Vide
1128 1857 1282 1899 ejusdem
1307 1866 1348 1888 ιι.
1374 1859 1406 1889 7.
1431 1856 1525 1888 Gen.
1544 1863 1579 1887 x.
1595 1857 1649 1886 17.

943 1913 979 1938 et
995 1907 1069 1939 Cic.
1085 1907 1199 1948 Epist.
1214 1916 1282 1940 vu.
1293 1910 1346 1939 ll.

987 1958 1122 2000 Mimos]
1151 1958 1279 1990 Mimns
1306 1962 1382 1989 erat
1406 1956 1526 1988 fabula
1547 1956 1649 1997 plane

945 2009 1060 2050 dicax,
1074 2009 1118 2041 ab
1147 2018 1212 2040 tino
1239 2014 1355 2041 actore
1378 2008 1433 2049 agi
1458 2007 1570 2042 solita,
1586 2016 1649 2038 uec

945 2059 980 2091 in
995 2060 1112 2100 plures
1129 2064 1228 2092 actus
1249 2058 1358 2090 divisa
1372 2069 1380 2090 :
1405 2057 1533 2099 absque
1550 2066 1649 2088 exor-

945 2108 1025 2149 diis,
1063 2109 1136 2141 sine
1169 2115 1274 2142 cantu
1306 2114 1344 2140 et
1379 2107 1651 2150 gesticulatione.

945 2158 1106 2190 Diomed·
1120 2159 1224 2201 Item,
1237 2163 1290 2191 est
1306 2158 1475 2191 factorum
1490 2167 1567 2190 cum
1583 2156 1649 2187 las-

946 2208 1033 2239 civia
1047 2209 1216 2241 imitatio:
1240 2209 1331 2240 unde
1353 2218 1475 2241 nomen
1492 2218 1512 2239 a
1525 2209 1649 2247 μιμεῖσ-

946 2261 1008 2298 θαι,
1021 2259 1153 2292 imitari.
1198 2259 1289 2292 Gell.
1307 2267 1401 2291 xvu.
1423 2262 1472 2291 14.
1492 2259 1501 2276 ‘
1519 2259 1559 2291 C·
1574 2258 1650 2289 Cae-

945 2309 1082 2349 sarem‚'
1108 2309 1231 2351 inquit,
1253 2308 1328 2340 ‘ita
1350 2308 1489 2341 Laberii
1509 2306 1650 2339 maledi-

946 2359 1062 2392 centia
1084 2364 1121 2391 et
1148 2359 1344 2400 arrogantia
1369 2357 1576 2392 offendebat,
1611 2362 1649 2386 nt

945 2411 1163 2451 acceptiores
1185 2415 1222 2443 et
1245 2410 1461 2452 probatiores
1486 2408 1550 2439 sibi
1575 2415 1648 2437 esse

946 2460 1062 2493 Publii
1077 2470 1179 2504 qnam
1195 2462 1331 2494 Laberii
1347 2461 1465 2492 mimos
1482 2457 1649 2500 praedica-

946 2511 1026 2544 ret!

989 2564 1011 2593 9
1031 2562 1075 2593 Ut
1089 2565 1198 2593 currat
1212 2558 1384 2598 sententia]
1408 2557 1463 2590 Ne
1476 2557 1529 2589 vel
1547 2556 1650 2588 nimia

945 2610 1093 2643 brevitas
1116 2611 1296 2642 obscuram
1320 2608 1426 2640 faciat
1449 2607 1651 2646 orationem,

947 2661 1001 2692 vel
1016 2660 1195 2702 prolixitas
1209 2659 1320 2690 verbis
1333 2657 1486 2699 pluribus
1499 2657 1649 2690 animum

945 2711 1094 2751 legentis
1115 2713 1239 2742 oneret
1258 2714 1295 2741 et
1317 2707 1506 2749 impediat:
1531 2708 1565 2739 in
1582 2717 1650 2750 quo

947 2761 1118 2802 peccabat
1157 2759 1316 2792 Lucilius.
1378 2758 1458 2791 Huc
1498 2759 1651 2800 pertinet

947 2810 1037 2854 quod
1063 2810 1239 2852 Augustus
1269 2809 1493 2851 Agrippinam
1517 2810 1649 2850 neptim

950 2861 1157 2894 admonebat
1170 2861 1204 2892 in
1217 2860 1363 2902 quadam
1377 2859 1552 2901 Epistola:
1576 2860 1649 2900 ejus

1495 2914 1564 2945 31⁴
