1904 3256
357 284 438 326 724
824 296 868 331 Q.
897 291 1103 322 HORATH
1140 289 1309 319 rnaccr

469 386 603 428 Mella
622 397 730 426 cava
749 385 926 423 manant
943 392 1001 420 ex
1014 380 1143 431 ‘ilice3
1172 380 1391 420 montibus
1410 379 1510 420 altis

524 452 654 492 Levis
675 451 878 500 crepante
897 446 1074 500 lympha
1091 446 1237 487 desilit
1255 446 1381 499 pede.

468 517 567 558 Illic
588 516 767 568 injussae
786 513 960 553 veniunt
978 512 1034 553 ad
1053 513 1233 553 mulctra
1251 512 1448 564 capenae,

524 581 763 632 Refertque
781 581 902 620 tenta
920 590 1024 631 grex
1042 578 1208 619 amicus
1227 579 1380 628 ubera3
1718 579 1775 618 50

469 647 567 688 Nec
588 645 857 698 vespertinus
877 645 1168 697 circumgemit
1186 657 1310 684 ursus
1332 644 1459 692 ovile,

526 712 623 752 Nec
643 711 890 752 intumescit
908 710 997 751 alta
1014 710 1171 763 viperis
1190 709 1367 749 humus:

358 848 435 878 aqua
449 838 558 868 leniter
569 837 796 868 obmurmurans
809 835 947 866 dimanat
960 844 975 865 e
989 835 1137 866 montium
1152 835 1318 866 cacumine.
1355 833 1405 864 Ibi
1418 843 1519 874 capr-ce
1532 836 1638 873 sponte
1651 832 1775 864 veniunt

357 882 397 910 ad
412 880 583 915 mulctram,
597 882 627 908 et
638 887 720 916 grex
733 886 821 907 carus
834 879 970 916 reportat
990 878 1078 916 plena
1092 876 1201 907 ubera:
1222 885 1281 907 non
1295 885 1384 906 ursus
1398 885 1520 916 vespere
1533 876 1644 912 fremit
1662 875 1776 905 circum

358 922 478 951 caulas.-
500 930 554 951 nec
574 923 658 950 terra
678 919 850 958 viperarum
871 918 996 949 latebris
1017 919 1154 956 assurgit
1175 921 1228 948 aut
1240 918 1286 958 fit
1308 918 1436 948 tumida.
1482 917 1583 948 Plura
1604 925 1673 947 vero
1694 916 1777 946 beati

951 1021 1146 1033 emmo
1149 1021 1186 1033 νο

358 1098 405 1129 cit
416 1098 633 1128 Vama—48
648 1096 899 1127 Commentator
910 1095 1012 1135 Cruq.
1027 1095 1060 1126 in
1077 1098 1218 1135 quatuor
1232 1093 1480 1133 exemplaribus
1494 1092 1621 1124 invenit
1633 1093 1778 1133 Nympha

360 1149 421 1178 pro
436 1139 569 1179 lympha.
602 1140 611 1155 ‘
627 1138 734 1169 Codd.
749 1137 876 1178 aliquot
891 1137 1049 1177 Nympha,
1062 1135 1151 1176 quod
1167 1145 1302 1175 magnos
1318 1139 1475 1174 patronos
1490 1139 1525 1165 et
1539 1134 1688 1165 fautores
1701 1144 1779 1165 nac-

359 1185 429 1211 tum
446 1186 507 1211 est.
546 1181 740 1210 Retinemus
758 1184 869 1210 tamen
885 1178 938 1208 hic
954 1177 1087 1218 lympha,
1101 1181 1138 1208 ut
1153 1186 1255 1216 supra
1272 1185 1326 1207 nr.
1345 1176 1412 1206 Od.
1426 1178 1476 1207 13.
1489 1178 1540 1206 12.
1557 1185 1654 1215 quem
1669 1175 1780 1206 locum

360 1221 461 1252 vide.'
483 1222 587 1252 Bentl.
629 1221 750 1261 lympha
777 1220 899 1260 probat
925 1219 1105 1250 Lachman.
1134 1218 1176 1249 ad
1203 1218 1361 1257 Propert.
1377 1225 1434 1248 in.
1449 1219 1501 1248 28.
1518 1219 1550 1248 8.
1571 1218 1625 1257 [ιι.
1642 1218 1694 1247 32.
1710 1215 1779 1255 38.]

359 1264 493 1304 nympha
519 1272 597 1293 vero
617 1263 807 1292 Brouklins.
833 1261 875 1291 ad
900 1260 999 1292 eund.
1023 1260 1194 1300 Propertii
1209 1259 1329 1290 locum.
1373 1258 1532 1290 Nonnulli
1549 1257 1647 1288 codd.
1662 1257 1779 1289 Lamb.

360 1315 435 1335 cum
467 1314 531 1334 uno
555 1304 725 1334 Torrentii
749 1303 1012 1343 crepitante.--5l
1037 1301 1135 1332 Harl.
1154 1304 1182 1332 1.
1196 1303 1228 1332 2.
1245 1303 1275 1331 3.
1291 1302 1322 1331 4.
1337 1302 1368 1331 6.
1391 1300 1487 1331 Gott.
1505 1299 1644 1331 Venett.
1665 1299 1780 1330 zarot.

360 1346 501 1376 Mediol.
517 1345 666 1375 Florent.
683 1345 755 1374 aliae
773 1345 878 1383 antiq.
894 1352 970 1374 cum
990 1341 1070 1373 Ald.
1093 1342 1225 1381 Gryph.
1241 1340 1359 1372 Lamb.
1374 1341 1439 1372 Cru
1470 1362 1478 1371 .
1491 1341 1645 1372 Torrent.
1662 1340 1783 1371 Heius.

361 1387 404 1418 R.
430 1392 464 1416 et
493 1386 538 1416 Η.
562 1385 680 1424 Stepli.
706 1384 816 1415 Bond.
841 1383 1014 1415 Schrevel.
1037 1383 1162 1422 Delph.
1189 1381 1330 1421 Cuning.
1357 1382 1445 1412 Sana
1472 1403 1480 1411 .
1507 1381 1620 1412 Bentl.
1635 1381 1783 1421 Towers,

361 1427 512 1465 Francis,
535 1427 671 1465 Bipont.
689 1425 831 1456 Wetzel.
850 1423 986 1455 Wakef.
1001 1427 1036 1454 et
1052 1423 1156 1454 Kidd.
1177 1423 1274 1458 ovile,·
1297 1426 1331 1452 et
1357 1422 1404 1453 sic
1431 1423 1554 1453 citatur
1577 1422 1610 1452 in
1636 1421 1782 1460 Lexicis,

361 1469 449 1509 quod
467 1467 588 1509 probat
605 1467 708 1498 Gesn.
723 1473 756 1497 ct
776 1467 786 1483 ‘
801 1465 891 1507 quod
907 1464 1087 1496 revocavi!
1111 1464 1209 1495 Zeun.
1251 1463 1325 1494 ouili
1340 1463 1439 1494 Baxt.
1462 1463 1568 1494 Gesn.
1589 1462 1712 1501 (zena.
1727 1464 1781 1495 ed.

361 1509 468 1541 Lond.
486 1509 595 1548 1812.)
618 1508 755 1539 Mitsch.
770 1511 807 1538 et
821 1506 938 1538 Comb.
954 1505 1044 1546 quod
1060 1507 1163 1545 Cruq.
1180 1505 1305 1545 primus
1322 1505 1352 1534 iu
1369 1509 1512 1545 quatuor
1531 1504 1675 1535 Blandd.
1690 1505 1782 1535 inve·

362 1553 424 1582 nit.
469 1552 478 1567 ‘
496 1551 536 1580 In
553 1555 686 1588 promtu
702 1554 752 1579 est
767 1549 873 1588 magis
889 1547 1057 1587 poeticum
1074 1551 1109 1577 et
1123 1547 1240 1576 melius
1257 1555 1397 1576 sonans:
1423 1546 1490 1576 Nec
1505 1546 1708 1585 vespertinum
1721 1546 1783 1576 cir-

361 1592 523 1630 cumgemit
545 1600 631 1620 ursus
654 1590 742 1626 ovile,
767 1594 806 1620 nt
828 1597 854 1620 1.
878 1589 949 1619 Sat.
968 1591 998 1619 6.
1020 1587 1106 1618 113!
1127 1588 1249 1618 Bower.
1293 1587 1350 1617 Ita
1371 1587 1457 1626 conj.
1473 1586 1573 1617 etiam
1591 1586 1783 1618 Markland.

363 1634 462 1672 Expl.
477 1641 510 1662 v.
527 1631 626 1661 Auct.
639 1633 797 1661 258-267.
813 1632 844 1660 8.
880 1629 958 1660 Vid.
973 1629 1074 1659 Misc.
1090 1628 1190 1659 Obss.
1206 1634 1284 1658 tom.
1300 1636 1335 1658 v.
1351 1637 1383 1666 p.
1398 1629 1532 1659 12.—52
1548 1626 1644 1658 Idem
1659 1628 1786 1659 Markl-

364 1674 447 1705 ibid.
469 1673 547 1703 alma
563 1683 592 1702 v.
608 1673 724 1702 humus.
769 1675 778 1688 ‘
794 1672 879 1702 Post
893 1671 978 1700 bunc
996 1679 1126 1700 versum
1143 1668 1327 1700 collocandi
1355 1668 1520 1706 videntur,
1534 1668 1589 1709 qui
1604 1677 1692 1699 nunc
1707 1674 1785 1700 sunt

363 1718 416 1746 61.
429 1719 465 1746 et
479 1717 533 1745 62.
578 1713 752 1744 Rationem
769 1712 854 1743 dixit
870 1712 919 1742 vii·
934 1711 1052 1742 doctus
1069 1711 1216 1742 Miscell.
1234 1711 1430 1740 Observatt.
1446 1719 1464 1740 a
1479 1710 1670 1741 Burmanno
1685 1710 1785 1741 editis

365 1758 431 1787 vol.
448 1765 488 1786 ιι.
506 1765 538 1795 p.
553 1757 625 1785 381.
672 1755 725 1785 Ne
740 1763 822 1793 opus
838 1753 972 1794 quidem
989 1752 1122 1783 videtur
1147 1753 1210 1783 alia
1236 1752 1378 1789 ratione,
1401 1761 1496 1792 quam
1513 1756 1552 1782 ut
1566 1755 1697 1783 attente
1711 1753 1785 1792 quis

363 1799 458 1837 legat
474 1797 579 1835 primo
597 1796 730 1835 vulgato
751 1795 881 1832 ordine,
902 1801 971 1825 tum
997 1794 1047 1825 ita
1070 1793 1118 1824 uti
1141 1793 1295 1824 diximus.
1341 1792 1513 1824 Librarius
1528 1793 1788 1833 antiquissimus,

365 1848 447 1879 quos
473 1838 655 1868 versiculos
678 1837 807 1866 incuria
831 1836 1000 1873 omiserat,
1021 1844 1078 1865 eos
1095 1835 1194 1874 paulo
1210 1841 1287 1874 post
1302 1835 1428 1873 posuit,
1441 1838 1476 1865 et
1490 1834 1627 1864 minutis
1641 1834 1729 1866 nous
1743 1834 1786 1865 ad

363 1879 514 1910 ordinem
543 1887 636 1907 suum
668 1877 851 1907 revocavit.
908 1876 983 1906 111ae
1011 1881 1100 1905 notae
1133 1873 1327 1914 perierunt,’
1355 1877 1419 1904 Sec.
1443 1875 1540 1905 Gesn.
1594 1874 1650 1905 Ita
1677 1875 1786 1907 edidit

365 1920 503 1952 Mitsch.
550 1919 646 1949 Hanc
672 1918 920 1948 restitutionem
947 1916 1062 1947 docuit
1088 1914 1278 1946 Annotator
1294 1915 1327 1945 in
1346 1915 1444 1945 Misc.
1459 1915 1559 1946 Obss.
1573 1915 1595 1946 l.
1611 1915 1634 1946 l.
1677 1915 1786 1946 Aliam

367 1971 444 1993 vero
460 1960 612 1993 Jortinus
628 1959 771 1990 Nostras
796 1958 879 1996 ibid,
894 1966 991 1998 quam
1008 1962 1192 1997 sequuntur
1206 1957 1335 1987 Valart.
1353 1955 1484 1987 Wakef.
1502 1963 1536 1987 et
1550 1955 1656 1987 Kidd.
1700 1957 1787 1988 Haec

368 2008 439 2034 est:
464 2002 561 2032 Nulla
575 2004 683 2031 nocent
695 2021 703 2030 .
715 2019 726 2029 .
737 2021 744 2030 .
757 2020 766 2030 .
779 1999 913 2038 Gregem
927 2002 1057 2029 oestuosa
1069 2018 1077 2027 -
1090 2020 1099 2029 .
1114 2019 1122 2028 .
1136 2021 1144 2029 .
1155 1998 1222 2028 Nec
1243 1997 1441 2036 vespertinus,
1453 1999 1506 2036 ὅγε.
1547 1997 1739 2029 Annotator
1753 2000 1787 2029 in

367 2045 468 2075 Misc.
485 2043 583 2074 Obss.
599 2042 647 2072 ita
670 2041 807 2072 scribit:
833 2041 843 2057 ‘
861 2040 958 2070 Hanc
974 2049 1127 2071 versuum
1144 2039 1184 2069 ab
1200 2039 1314 2069 ordine
1330 2039 1585 2069 extat-batorum
1601 2039 1788 2071 restitutio·

367 2095 442 2117 nem
458 2084 733 2116 verosimillimam
751 2091 826 2112 esse
848 2081 1036 2120 credimus3
1059 2081 1120 2111 nisi
1138 2080 1225 2122 quod
1247 2084 1477 2119 argumentum
1503 2089 1523 2111 a
1544 2081 1712 2121 particula
1735 2090 1790 2112 nec

368 2127 556 2158 desumtum
579 2134 643 2155 uon
669 2124 780 2164 magni
796 2122 952 2163 ponderis
967 2131 1042 2154 esse
1070 2127 1243 2162 putemus:
1267 2127 1302 2152 et
1317 2130 1375 2152 nos
1390 2121 1502 2161 potius
1518 2121 1678 2153 distichon
1693 2121 1788 2158 illud,

371 2169 467 2199 Nulla
487 2170 606 2202 nocent.
630 2175 754 2206 ponere
779 2165 939 2195 vellemus
963 2168 1041 2203 post
1069 2165 1133 2194 Nec
1153 2163 1362 2202 vespertinus;
1386 2163 1463 2203 quia
1487 2162 1605 2194 melius
1634 2163 1787 2194 videatur

368 2209 492 2240 mentio
509 2209 665 2244 ferarum,
680 2212 718 2238 ut
734 2216 893 2244 ursorum,
908 2205 994 2245 fieri,
1011 2211 1185 2245 postquam
1201 2203 1340 2234 dixisset
1363 2213 1499 2243 gregem
1514 2202 1640 2234 referre
1655 2203 1788 2235 domum

369 2256 463 2282 tenta
478 2250 594 2288 ubera,
615 2258 678 2280 nec
701 2249 838 2280 reduces
864 2247 983 2279 timere
1001 2246 1229 2287 vespertinum
1245 2254 1368 2283 ursum,
1383 2254 1456 2284 quae
1476 2245 1663 2277 continuari
1677 2245 1787 2286 aptius

998 2348 1151 2382 'NOTAE

411 2429 454 2458 48
476 2425 716 2465 Leviscrepante
728 2423 958 2466 lymphadesilit
963 2423 1054 2463 pede]
1106 2422 1224 2454 floret?
1259 2426 1341 2462 puto
1378 2429 1450 2452 eam
1486 2419 1612 2450 nullum
1645 2429 1788 2460 unquam

371 2476 454 2507 Cum
477 2474 545 2506 leui
571 2482 736 2504 murmure
757 2472 916 2504 decurrit.
961 2470 1055 2501 Allu·
1105 2470 1249 2502 fructum
1272 2469 1436 2501 laturam!
1479 2468 1510 2500 Ο
1533 2477 1642 2498 meras
1666 2469 1787 2509 nugas!

370 2525 420 2556 dit
432 2524 540 2556 Poeta
560 2523 602 2554 ad
615 2523 804 2564 Nympham
828 2523 936 2553 Deam
952 2519 1054 2551 fontis
1107 2529 1186 2551 sane
1200 2520 1305 2559 dices,
1319 2520 1426 2550 lector
1437 2517 1634 2557 aequissime.

371 2573 562 2614 praesidem,
587 2573 759 2612 eleganter
781 2570 937 2611 quidem:
962 2573 999 2600 at
1021 2569 1056 2600 iu
1147 2572 1189 2601 49
1210 2568 1262 2600 Aa
1291 2568 1432 2607 mulctra]
1461 2566 1658 2601 Mulctrnm,
1686 2565 1791 2597 mule-

373 2621 559 2652 vellicando
587 2621 743 2661 pertinax
769 2619 932 2659 Scaliger,
963 2618 973 2634 ‘
989 2619 1055 2658 epi·
1109 2619 1206 2655 trale,
1228 2623 1263 2648 et
1285 2618 1439 2654 mulctra,
1461 2624 1502 2654 ae,
1527 2614 1652 2645 dicitur
1674 2623 1732 2646 vas
1756 2614 1790 2644 iu

373 2672 515 2709 metum,
529 2671 624 2710 levis:
641 2671 759 2711 inquit,
772 2672 781 2687 ‘
799 2679 864 2701 non
880 2669 1054 2701 convenit:
1108 2677 1173 2708 quo
1185 2667 1349 2708 recipitur
1365 2667 1417 2697 lac
1432 2664 1519 2705 quod
1533 2664 1707 2703 mulgetur.

373 2719 482 2749 desilit
498 2719 584 2749 enim
602 2719 679 2760 quia
694 2718 830 2759 gravis.¹
854 2718 911 2749 Sic
923 2723 960 2748 et
975 2726 1056 2756 pau-
1149 2718 1190 2747 52
1206 2716 1274 2747 Nec
1287 2715 1460 2746 intumescit
1468 2714 1533 2744 aua
1543 2711 1790 2754 viperis-liumus]

374 2770 406 2799 lo
433 2773 530 2799 ante:
555 2769 564 2786 ‘
580 2768 669 2799 Quid
699 2768 794 2799 vinea.-
824 2776 897 2808 quae
925 2773 1057 2806 semper
1110 2765 1218 2796 Nullae
1243 2765 1290 2796 ibi
1316 2768 1490 2795 venenatae
1515 2766 1695 2802 serpentes.
1737 2761 1791 2791 Ibi
