<?xml version="1.0" encoding="UTF-8"?>
<!DOCTYPE html PUBLIC "-//W3C//DTD XHTML 1.0 Transitional//EN"
    "http://www.w3.org/TR/xhtml1/DTD/xhtml1-transitional.dtd">
<html xmlns="http://www.w3.org/1999/xhtml" xml:lang="en" lang="en">
 <head>
  <title>
</title>
<meta http-equiv="Content-Type" content="text/html;charset=utf-8" />
  <meta name='ocr-system' content='tesseract 3.04.00' />
  <meta name='ocr-capabilities' content='ocr_page ocr_carea ocr_par ocr_line ocrx_word'/>
</head>
<body>
  <div class='ocr_page' id='page_1' title='image "./operazeune02horauoft_0118.png"; bbox 0 0 1904 3256; ppageno 0'>
   <div class='ocr_carea' id='block_1_1' title="bbox 393 304 1341 357">
    <p class='ocr_par' dir='ltr' id='par_1_1' title="bbox 393 304 1341 357">
     <span class='ocr_line' id='line_1_1' title="bbox 393 304 1341 357; baseline 0.001 -12"><span class='ocrx_word' id='word_1_1' title='bbox 393 304 476 346; x_wconf 83' lang='grc'>658</span> <span class='ocrx_word' id='word_1_2' title='bbox 857 321 900 357; x_wconf 82' lang='lat' dir='ltr'>Q.</span> <span class='ocrx_word' id='word_1_3' title='bbox 930 318 1137 349; x_wconf 75' lang='lat' dir='ltr'>nonATn</span> <span class='ocrx_word' id='word_1_4' title='bbox 1170 317 1341 347; x_wconf 72' lang='lat' dir='ltr'>FLAcm</span> 
     </span>
    </p>
   </div>
   <div class='ocr_carea' id='block_1_2' title="bbox 613 406 1580 1050">
    <p class='ocr_par' dir='ltr' id='par_1_2' title="bbox 613 406 1465 527">
     <span class='ocr_line' id='line_1_2' title="bbox 613 406 1465 460; baseline 0.002 -12"><span class='ocrx_word' id='word_1_5' title='bbox 613 406 700 448; x_wconf 87' lang='lat' dir='ltr'>Vel</span> <span class='ocrx_word' id='word_1_6' title='bbox 722 420 831 460; x_wconf 84' lang='lat' dir='ltr'>agna</span> <span class='ocrx_word' id='word_1_7' title='bbox 849 409 975 449; x_wconf 86' lang='lat' dir='ltr'>festis</span> <span class='ocrx_word' id='word_1_8' title='bbox 996 421 1115 449; x_wconf 85' lang='lat' dir='ltr'>caesa</span> <span class='ocrx_word' id='word_1_9' title='bbox 1133 408 1465 459; x_wconf 83' lang='lat' dir='ltr'><strong>Terminalibus,</strong></span> 
     </span>
     <span class='ocr_line' id='line_1_3' title="bbox 673 473 1269 527; baseline 0.003 -15"><span class='ocrx_word' id='word_1_10' title='bbox 673 473 758 513; x_wconf 91' lang='lat' dir='ltr'>Vel</span> <span class='ocrx_word' id='word_1_11' title='bbox 779 473 930 514; x_wconf 88' lang='lat' dir='ltr'>haedus</span> <span class='ocrx_word' id='word_1_12' title='bbox 950 477 1125 527; x_wconf 79' lang='lat' dir='ltr'>ereptus</span> <span class='ocrx_word' id='word_1_13' title='bbox 1146 474 1269 527; x_wconf 92' lang='lat' dir='ltr'>lupo.</span> 
     </span>
    </p>

    <p class='ocr_par' dir='ltr' id='par_1_3' title="bbox 614 539 1534 657">
     <span class='ocr_line' id='line_1_4' title="bbox 614 539 1534 593; baseline 0.002 -15"><span class='ocrx_word' id='word_1_14' title='bbox 614 539 715 579; x_wconf 86' lang='lat' dir='ltr'>Has</span> <span class='ocrx_word' id='word_1_15' title='bbox 734 540 844 579; x_wconf 88' lang='lat' dir='ltr'>inter</span> <span class='ocrx_word' id='word_1_16' title='bbox 863 540 1035 592; x_wconf 83' lang='lat' dir='ltr'>epulaS‚</span> <span class='ocrx_word' id='word_1_17' title='bbox 1056 543 1101 580; x_wconf 84' lang='lat' dir='ltr'>ut</span> <span class='ocrx_word' id='word_1_18' title='bbox 1119 540 1243 593; x_wconf 85' lang='lat' dir='ltr'>juvat</span> <span class='ocrx_word' id='word_1_19' title='bbox 1262 544 1410 592; x_wconf 86' lang='lat' dir='ltr'>pastas</span> <span class='ocrx_word' id='word_1_20' title='bbox 1430 552 1534 581; x_wconf 87' lang='lat' dir='ltr'>oves</span> 
     </span>
     <span class='ocr_line' id='line_1_5' title="bbox 671 603 1356 657; baseline 0.003 -13"><span class='ocrx_word' id='word_1_21' title='bbox 671 603 831 645; x_wconf 88' lang='lat' dir='ltr'>Videre</span> <span class='ocrx_word' id='word_1_22' title='bbox 853 610 1136 657; x_wconf 78' lang='lat' dir='ltr'><strong>properantes</strong></span> <span class='ocrx_word' id='word_1_23' title='bbox 1156 605 1328 646; x_wconf 91' lang='lat' dir='ltr'>domum</span> <span class='ocrx_word' id='word_1_24' title='bbox 1347 606 1356 646; x_wconf 93' lang='lat'>!</span> 
     </span>
    </p>

    <p class='ocr_par' dir='ltr' id='par_1_4' title="bbox 614 667 1569 788">
     <span class='ocr_line' id='line_1_6' title="bbox 614 667 1569 712; baseline 0.003 -4"><span class='ocrx_word' id='word_1_25' title='bbox 614 667 779 709; x_wconf 90' lang='lat' dir='ltr'>Videre</span> <span class='ocrx_word' id='word_1_26' title='bbox 796 669 939 710; x_wconf 82' lang='lat' dir='ltr'>sessos</span> <span class='ocrx_word' id='word_1_27' title='bbox 958 683 1175 711; x_wconf 82' lang='lat' dir='ltr'><strong>vomerem</strong></span> <span class='ocrx_word' id='word_1_28' title='bbox 1194 671 1411 711; x_wconf 88' lang='lat' dir='ltr'>inversum</span> <span class='ocrx_word' id='word_1_29' title='bbox 1432 673 1569 712; x_wconf 88' lang='lat' dir='ltr'>boves</span> 
     </span>
     <span class='ocr_line' id='line_1_7' title="bbox 671 733 1282 788; baseline 0.005 -14"><span class='ocrx_word' id='word_1_30' title='bbox 671 733 797 774; x_wconf 89' lang='lat' dir='ltr'>Collo</span> <span class='ocrx_word' id='word_1_31' title='bbox 815 734 1033 776; x_wconf 81' lang='lat' dir='ltr'>trahentes</span> <span class='ocrx_word' id='word_1_32' title='bbox 1054 736 1282 788; x_wconf 84' lang='lat' dir='ltr'>languido!</span> 
     </span>
    </p>

    <p class='ocr_par' dir='ltr' id='par_1_5' title="bbox 615 799 1580 908">
     <span class='ocr_line' id='line_1_8' title="bbox 615 799 1580 852; baseline 0.003 -13"><span class='ocrx_word' id='word_1_33' title='bbox 615 799 880 852; x_wconf 84' lang='lat' dir='ltr'>Positosque</span> <span class='ocrx_word' id='word_1_34' title='bbox 900 813 1067 850; x_wconf 88' lang='lat' dir='ltr'>vernas,</span> <span class='ocrx_word' id='word_1_35' title='bbox 1089 802 1192 842; x_wconf 90' lang='lat' dir='ltr'>ditis</span> <span class='ocrx_word' id='word_1_36' title='bbox 1212 814 1392 843; x_wconf 85' lang='lat' dir='ltr'>examen</span> <span class='ocrx_word' id='word_1_37' title='bbox 1412 801 1580 851; x_wconf 90' lang='lat' dir='ltr'>domus,</span> 
     </span>
     <span class='ocr_line' id='line_1_9' title="bbox 673 865 1292 908; baseline 0.005 -3"><span class='ocrx_word' id='word_1_38' title='bbox 673 865 845 906; x_wconf 86' lang='lat' dir='ltr'>Circum</span> <span class='ocrx_word' id='word_1_39' title='bbox 865 865 1111 906; x_wconf 85' lang='lat' dir='ltr'>renidentes</span> <span class='ocrx_word' id='word_1_40' title='bbox 1132 867 1265 908; x_wconf 87' lang='lat' dir='ltr'>Lares</span> <span class='ocrx_word' id='word_1_41' title='bbox 1282 867 1292 908; x_wconf 88' lang='lat'>!</span> 
     </span>
    </p>

    <p class='ocr_par' dir='ltr' id='par_1_6' title="bbox 615 930 1450 1050">
     <span class='ocr_line' id='line_1_10' title="bbox 615 930 1450 982; baseline 0.004 -11"><span class='ocrx_word' id='word_1_42' title='bbox 615 930 731 971; x_wconf 85' lang='lat' dir='ltr'>Haec</span> <span class='ocrx_word' id='word_1_43' title='bbox 751 931 825 971; x_wconf 91' lang='lat' dir='ltr'>ubi</span> <span class='ocrx_word' id='word_1_44' title='bbox 845 931 1020 971; x_wconf 86' lang='lat' dir='ltr'>locutus</span> <span class='ocrx_word' id='word_1_45' title='bbox 1040 930 1276 973; x_wconf 86' lang='lat' dir='ltr'>foenerator</span> <span class='ocrx_word' id='word_1_46' title='bbox 1295 931 1450 982; x_wconf 74' lang='lat' dir='ltr'>AlfiuS,</span> 
     </span>
     <span class='ocr_line' id='line_1_11' title="bbox 668 997 1266 1050; baseline 0.003 -13"><span class='ocrx_word' id='word_1_47' title='bbox 668 997 698 1037; x_wconf 89' lang='lat' dir='ltr'><strong>J</strong></span> <span class='ocrx_word' id='word_1_48' title='bbox 701 997 856 1050; x_wconf 85' lang='lat' dir='ltr'>amjam</span> <span class='ocrx_word' id='word_1_49' title='bbox 875 997 1042 1038; x_wconf 82' lang='lat' dir='ltr'>futurus</span> <span class='ocrx_word' id='word_1_50' title='bbox 1062 998 1266 1049; x_wconf 88' lang='lat' dir='ltr'>rusticus,</span> 
     </span>
    </p>
   </div>
   <div class='ocr_carea' id='block_1_3' title="bbox 1758 475 1813 515">
    <p class='ocr_par' dir='ltr' id='par_1_7' title="bbox 1758 475 1813 515">
     <span class='ocr_line' id='line_1_12' title="bbox 1758 475 1813 515; baseline 0 0"><span class='ocrx_word' id='word_1_51' title='bbox 1758 475 1813 515; x_wconf 88' lang='grc'>60</span> 
     </span>
    </p>
   </div>
   <div class='ocr_carea' id='block_1_4' title="bbox 1755 801 1811 842">
    <p class='ocr_par' dir='ltr' id='par_1_8' title="bbox 1755 801 1811 842">
     <span class='ocr_line' id='line_1_13' title="bbox 1755 801 1811 842; baseline -0.018 0"><span class='ocrx_word' id='word_1_52' title='bbox 1755 801 1811 842; x_wconf 89' lang='grc'>65</span> 
     </span>
    </p>
   </div>
   <div class='ocr_carea' id='block_1_5' title="bbox 387 1092 1811 1259">
    <p class='ocr_par' dir='ltr' id='par_1_9' title="bbox 387 1092 1811 1259">
     <span class='ocr_line' id='line_1_14' title="bbox 387 1092 1810 1135; baseline 0 -11"><span class='ocrx_word' id='word_1_53' title='bbox 387 1093 475 1129; x_wconf 79' lang='lat' dir='ltr'>lium,</span> <span class='ocrx_word' id='word_1_54' title='bbox 490 1097 543 1124; x_wconf 78' lang='lat' dir='ltr'>aut</span> <span class='ocrx_word' id='word_1_55' title='bbox 557 1093 659 1124; x_wconf 81' lang='lat' dir='ltr'>haedus</span> <span class='ocrx_word' id='word_1_56' title='bbox 673 1093 740 1132; x_wconf 81' lang='lat' dir='ltr'>lupo</span> <span class='ocrx_word' id='word_1_57' title='bbox 754 1092 934 1123; x_wconf 76' lang='lat' dir='ltr'>detractus!</span> <span class='ocrx_word' id='word_1_58' title='bbox 978 1092 1068 1124; x_wconf 77' lang='lat' dir='ltr'>Inter</span> <span class='ocrx_word' id='word_1_59' title='bbox 1081 1093 1173 1124; x_wconf 74' lang='lat' dir='ltr'>istam</span> <span class='ocrx_word' id='word_1_60' title='bbox 1187 1105 1313 1134; x_wconf 83' lang='lat' dir='ltr'>coennm,</span> <span class='ocrx_word' id='word_1_61' title='bbox 1335 1105 1424 1135; x_wconf 82' lang='lat' dir='ltr'>quam</span> <span class='ocrx_word' id='word_1_62' title='bbox 1437 1095 1606 1134; x_wconf 77' lang='lat' dir='ltr'>jucundum</span> <span class='ocrx_word' id='word_1_63' title='bbox 1623 1098 1669 1126; x_wconf 77' lang='lat' dir='ltr'>est</span> <span class='ocrx_word' id='word_1_64' title='bbox 1688 1104 1810 1126; x_wconf 82' lang='lat' dir='ltr'>cernere</span> 
     </span>
     <span class='ocr_line' id='line_1_15' title="bbox 389 1133 1811 1175; baseline 0.002 -11"><span class='ocrx_word' id='word_1_65' title='bbox 389 1144 459 1164; x_wconf 77' lang='lat' dir='ltr'>oves</span> <span class='ocrx_word' id='word_1_66' title='bbox 472 1138 594 1165; x_wconf 77' lang='lat' dir='ltr'>saturus</span> <span class='ocrx_word' id='word_1_67' title='bbox 606 1136 725 1164; x_wconf 85' lang='lat' dir='ltr'>domum</span> <span class='ocrx_word' id='word_1_68' title='bbox 739 1137 936 1173; x_wconf 80' lang='lat' dir='ltr'>revertentes,</span> <span class='ocrx_word' id='word_1_69' title='bbox 948 1133 1062 1164; x_wconf 75' lang='lat' dir='ltr'>intueri</span> <span class='ocrx_word' id='word_1_70' title='bbox 1081 1134 1168 1164; x_wconf 82' lang='lat' dir='ltr'>boves</span> <span class='ocrx_word' id='word_1_71' title='bbox 1181 1135 1341 1174; x_wconf 77' lang='lat' dir='ltr'>fatigatas</span> <span class='ocrx_word' id='word_1_72' title='bbox 1356 1136 1515 1175; x_wconf 76' lang='lat' dir='ltr'>languenti</span> <span class='ocrx_word' id='word_1_73' title='bbox 1527 1136 1643 1167; x_wconf 75' lang='lat' dir='ltr'>cervice</span> <span class='ocrx_word' id='word_1_74' title='bbox 1657 1138 1811 1167; x_wconf 74' lang='lat' dir='ltr'>inversum</span> 
     </span>
     <span class='ocr_line' id='line_1_16' title="bbox 388 1176 1810 1214; baseline 0.002 -9"><span class='ocrx_word' id='word_1_75' title='bbox 388 1179 527 1206; x_wconf 78' lang='lat' dir='ltr'><strong><em>aratrum</em></strong></span> <span class='ocrx_word' id='word_1_76' title='bbox 551 1177 715 1211; x_wconf 60' lang='lat' dir='ltr'>ducentas,-</span> <span class='ocrx_word' id='word_1_77' title='bbox 744 1178 775 1205; x_wconf 82' lang='lat' dir='ltr'>et</span> <span class='ocrx_word' id='word_1_78' title='bbox 800 1176 933 1205; x_wconf 73' lang='lat' dir='ltr'>sen-ulos</span> <span class='ocrx_word' id='word_1_79' title='bbox 955 1176 1105 1214; x_wconf 75' lang='lat' dir='ltr'>opulenta&gt;</span> <span class='ocrx_word' id='word_1_80' title='bbox 1117 1176 1252 1213; x_wconf 80' lang='lat' dir='ltr'>sumiliae</span> <span class='ocrx_word' id='word_1_81' title='bbox 1276 1177 1433 1214; x_wconf 74' lang='lat' dir='ltr'>ndJ&#39;unc-los</span> <span class='ocrx_word' id='word_1_82' title='bbox 1460 1179 1540 1207; x_wconf 77' lang='lat' dir='ltr'>velat</span> <span class='ocrx_word' id='word_1_83' title='bbox 1563 1187 1700 1212; x_wconf 76' lang='lat' dir='ltr'>examen.</span> <span class='ocrx_word' id='word_1_84' title='bbox 1727 1178 1810 1208; x_wconf 79' lang='lat' dir='ltr'>circa</span> 
     </span>
     <span class='ocr_line' id='line_1_17' title="bbox 387 1215 1811 1259; baseline 0.001 -12"><span class='ocrx_word' id='word_1_85' title='bbox 387 1217 487 1248; x_wconf 80' lang='lat' dir='ltr'>Lares</span> <span class='ocrx_word' id='word_1_86' title='bbox 508 1217 699 1256; x_wconf 72' lang='lat' dir='ltr'>splendentes</span> <span class='ocrx_word' id='word_1_87' title='bbox 722 1216 829 1246; x_wconf 82' lang='lat' dir='ltr'>ordine</span> <span class='ocrx_word' id='word_1_88' title='bbox 849 1215 1037 1255; x_wconf 78' lang='lat' dir='ltr'>dispositos!</span> <span class='ocrx_word' id='word_1_89' title='bbox 1084 1217 1286 1257; x_wconf 80' lang='lat' dir='ltr'>Posteaquam</span> <span class='ocrx_word' id='word_1_90' title='bbox 1310 1218 1412 1259; x_wconf 71' lang='lat' dir='ltr'>Alfius</span> <span class='ocrx_word' id='word_1_91' title='bbox 1429 1218 1602 1255; x_wconf 57' lang='grc' dir='ltr'>[ωηεν-ατη</span> <span class='ocrx_word' id='word_1_92' title='bbox 1627 1218 1690 1249; x_wconf 75' lang='lat' dir='ltr'>ista</span> <span class='ocrx_word' id='word_1_93' title='bbox 1716 1219 1811 1258; x_wconf 76' lang='lat' dir='ltr'>dixit,</span> 
     </span>
    </p>
   </div>
   <div class='ocr_carea' id='block_1_6' title="bbox 984 1294 1222 1312">
    <p class='ocr_par' dir='ltr' id='par_1_10' title="bbox 984 1294 1222 1312">
     <span class='ocr_line' id='line_1_18' title="bbox 984 1294 1222 1312; baseline 0.013 -3"><span class='ocrx_word' id='word_1_94' title='bbox 984 1294 1222 1312; x_wconf 64' lang='lat'>‘10000600000</span> 
     </span>
    </p>
   </div>
   <div class='ocr_carea' id='block_1_7' title="bbox 381 1366 1810 1616">
    <p class='ocr_par' dir='ltr' id='par_1_11' title="bbox 381 1366 1810 1616">
     <span class='ocr_line' id='line_1_19' title="bbox 386 1366 1810 1408; baseline 0.001 -11"><span class='ocrx_word' id='word_1_95' title='bbox 386 1370 426 1397; x_wconf 89' lang='grc'>57</span> <span class='ocrx_word' id='word_1_96' title='bbox 448 1367 496 1399; x_wconf 75' lang='lat' dir='ltr'>At</span> <span class='ocrx_word' id='word_1_97' title='bbox 509 1368 600 1398; x_wconf 83' lang='lat' dir='ltr'>herba</span> <span class='ocrx_word' id='word_1_98' title='bbox 614 1367 867 1398; x_wconf 76' lang='lat' dir='ltr'>SchreveL-63</span> <span class='ocrx_word' id='word_1_99' title='bbox 890 1366 1025 1398; x_wconf 86' lang='lat' dir='ltr'>Servius</span> <span class='ocrx_word' id='word_1_100' title='bbox 1041 1367 1082 1398; x_wconf 81' lang='lat' dir='ltr'>ad</span> <span class='ocrx_word' id='word_1_101' title='bbox 1098 1367 1193 1408; x_wconf 82' lang='lat' dir='ltr'>Virg.</span> <span class='ocrx_word' id='word_1_102' title='bbox 1210 1368 1282 1399; x_wconf 89' lang='lat' dir='ltr'>Ecl.</span> <span class='ocrx_word' id='word_1_103' title='bbox 1298 1377 1338 1400; x_wconf 78' lang='grc' dir='ltr'>ιι.</span> <span class='ocrx_word' id='word_1_104' title='bbox 1352 1370 1406 1399; x_wconf 79' lang='grc'>63.</span> <span class='ocrx_word' id='word_1_105' title='bbox 1430 1366 1633 1408; x_wconf 76' lang='lat' dir='ltr'>legit,fessos</span> <span class='ocrx_word' id='word_1_106' title='bbox 1645 1377 1676 1400; x_wconf 80' lang='lat' dir='ltr'>v.</span> <span class='ocrx_word' id='word_1_107' title='bbox 1690 1377 1810 1399; x_wconf 66' lang='lat' dir='ltr'>versum</span> 
     </span>
     <span class='ocr_line' id='line_1_20' title="bbox 386 1407 1808 1449; baseline 0.001 -11"><span class='ocrx_word' id='word_1_108' title='bbox 386 1409 484 1439; x_wconf 80' lang='lat' dir='ltr'>boves.</span> <span class='ocrx_word' id='word_1_109' title='bbox 506 1409 651 1448; x_wconf 85' lang='lat' dir='ltr'>Cuning.</span> <span class='ocrx_word' id='word_1_110' title='bbox 666 1407 886 1445; x_wconf 81' lang='lat' dir='ltr'>ediditfessas</span> <span class='ocrx_word' id='word_1_111' title='bbox 900 1417 929 1438; x_wconf 78' lang='grc' dir='ltr'>υ.</span> <span class='ocrx_word' id='word_1_112' title='bbox 945 1408 968 1439; x_wconf 81' lang='lat' dir='ltr'>i.</span> <span class='ocrx_word' id='word_1_113' title='bbox 983 1408 1070 1439; x_wconf 76' lang='lat' dir='ltr'>boves</span> <span class='ocrx_word' id='word_1_114' title='bbox 1080 1418 1094 1446; x_wconf 89' lang='lat'>‚·</span> <span class='ocrx_word' id='word_1_115' title='bbox 1115 1410 1174 1440; x_wconf 89' lang='lat' dir='ltr'>sed</span> <span class='ocrx_word' id='word_1_116' title='bbox 1193 1410 1312 1449; x_wconf 83' lang='lat' dir='ltr'>Heyne</span> <span class='ocrx_word' id='word_1_117' title='bbox 1328 1409 1369 1440; x_wconf 80' lang='lat' dir='ltr'>ad</span> <span class='ocrx_word' id='word_1_118' title='bbox 1386 1409 1480 1449; x_wconf 77' lang='lat' dir='ltr'>virg.</span> <span class='ocrx_word' id='word_1_119' title='bbox 1495 1409 1517 1440; x_wconf 90' lang='lat' dir='ltr'>l.</span> <span class='ocrx_word' id='word_1_120' title='bbox 1533 1410 1555 1440; x_wconf 92' lang='grc' dir='ltr'>Ι.</span> <span class='ocrx_word' id='word_1_121' title='bbox 1572 1413 1686 1440; x_wconf 84' lang='lat' dir='ltr'>tuetur</span> <span class='ocrx_word' id='word_1_122' title='bbox 1696 1409 1808 1446; x_wconf 74' lang='lat' dir='ltr'>sessos.</span> 
     </span>
     <span class='ocr_line' id='line_1_21' title="bbox 383 1449 1810 1490; baseline 0.001 -10"><span class='ocrx_word' id='word_1_123' title='bbox 383 1452 478 1480; x_wconf 86' lang='lat'>—65.</span> <span class='ocrx_word' id='word_1_124' title='bbox 501 1453 542 1480; x_wconf 83' lang='lat'>66</span> <span class='ocrx_word' id='word_1_125' title='bbox 562 1451 571 1467; x_wconf 79' lang='lat'>⁴</span> <span class='ocrx_word' id='word_1_126' title='bbox 588 1450 661 1480; x_wconf 89' lang='lat' dir='ltr'>Non</span> <span class='ocrx_word' id='word_1_127' title='bbox 678 1449 761 1479; x_wconf 79' lang='lat' dir='ltr'>levis</span> <span class='ocrx_word' id='word_1_128' title='bbox 776 1449 923 1488; x_wconf 86' lang='lat' dir='ltr'>suspicio</span> <span class='ocrx_word' id='word_1_129' title='bbox 945 1459 998 1480; x_wconf 91' lang='lat' dir='ltr'>me</span> <span class='ocrx_word' id='word_1_130' title='bbox 1024 1450 1067 1481; x_wconf 93' lang='lat' dir='ltr'>de</span> <span class='ocrx_word' id='word_1_131' title='bbox 1092 1450 1140 1481; x_wconf 80' lang='lat' dir='ltr'>his</span> <span class='ocrx_word' id='word_1_132' title='bbox 1167 1451 1318 1481; x_wconf 77' lang='lat' dir='ltr'>versibus</span> <span class='ocrx_word' id='word_1_133' title='bbox 1334 1451 1491 1481; x_wconf 78' lang='lat' dir='ltr'>incessit:</span> <span class='ocrx_word' id='word_1_134' title='bbox 1515 1459 1631 1481; x_wconf 85' lang='lat' dir='ltr'>sensus</span> <span class='ocrx_word' id='word_1_135' title='bbox 1645 1451 1741 1490; x_wconf 80' lang='lat' dir='ltr'>longe</span> <span class='ocrx_word' id='word_1_136' title='bbox 1757 1455 1810 1481; x_wconf 84' lang='lat' dir='ltr'>est</span> 
     </span>
     <span class='ocr_line' id='line_1_22' title="bbox 383 1490 1809 1531; baseline 0.001 -10"><span class='ocrx_word' id='word_1_137' title='bbox 383 1490 472 1522; x_wconf 82' lang='lat' dir='ltr'>infra</span> <span class='ocrx_word' id='word_1_138' title='bbox 494 1491 604 1522; x_wconf 79' lang='lat' dir='ltr'>Flacci</span> <span class='ocrx_word' id='word_1_139' title='bbox 627 1490 851 1531; x_wconf 78' lang='lat' dir='ltr'>elegantiam3</span> <span class='ocrx_word' id='word_1_140' title='bbox 875 1494 908 1521; x_wconf 83' lang='lat' dir='ltr'>et</span> <span class='ocrx_word' id='word_1_141' title='bbox 925 1491 997 1530; x_wconf 85' lang='lat' dir='ltr'>quis</span> <span class='ocrx_word' id='word_1_142' title='bbox 1021 1492 1137 1523; x_wconf 76' lang='lat' dir='ltr'>credat</span> <span class='ocrx_word' id='word_1_143' title='bbox 1160 1497 1211 1523; x_wconf 85' lang='lat' dir='ltr'>tot</span> <span class='ocrx_word' id='word_1_144' title='bbox 1231 1493 1343 1523; x_wconf 82' lang='lat' dir='ltr'>munia</span> <span class='ocrx_word' id='word_1_145' title='bbox 1365 1491 1500 1523; x_wconf 79' lang='lat' dir='ltr'>servilia</span> <span class='ocrx_word' id='word_1_146' title='bbox 1517 1491 1684 1523; x_wconf 74' lang='lat' dir='ltr'>obituram</span> <span class='ocrx_word' id='word_1_147' title='bbox 1706 1491 1809 1522; x_wconf 82' lang='lat' dir='ltr'>fuisse</span> 
     </span>
     <span class='ocr_line' id='line_1_23' title="bbox 384 1531 1809 1573; baseline 0 -11"><span class='ocrx_word' id='word_1_148' title='bbox 384 1541 539 1571; x_wconf 78' lang='lat' dir='ltr'>sponsam</span> <span class='ocrx_word' id='word_1_149' title='bbox 565 1532 627 1573; x_wconf 86' lang='lat' dir='ltr'>(vs.</span> <span class='ocrx_word' id='word_1_150' title='bbox 649 1531 783 1570; x_wconf 80' lang='grc'>43-45.)</span> <span class='ocrx_word' id='word_1_151' title='bbox 807 1535 858 1562; x_wconf 90' lang='lat' dir='ltr'>tot</span> <span class='ocrx_word' id='word_1_152' title='bbox 880 1532 984 1562; x_wconf 74' lang='lat' dir='ltr'>servis</span> <span class='ocrx_word' id='word_1_153' title='bbox 1007 1532 1140 1564; x_wconf 77' lang='lat' dir='ltr'>interim</span> <span class='ocrx_word' id='word_1_154' title='bbox 1162 1534 1251 1564; x_wconf 92' lang='lat' dir='ltr'>domi</span> <span class='ocrx_word' id='word_1_155' title='bbox 1273 1534 1414 1564; x_wconf 81' lang='lat' dir='ltr'>otiosis?</span> <span class='ocrx_word' id='word_1_156' title='bbox 1437 1543 1501 1564; x_wconf 92' lang='lat' dir='ltr'>non</span> <span class='ocrx_word' id='word_1_157' title='bbox 1523 1532 1612 1573; x_wconf 83' lang='lat' dir='ltr'>ego.&#39;</span> <span class='ocrx_word' id='word_1_158' title='bbox 1644 1533 1809 1572; x_wconf 67' lang='lat' dir='ltr'>Wakefi—</span> 
     </span>
     <span class='ocr_line' id='line_1_24' title="bbox 381 1573 1808 1616; baseline 0 -11"><span class='ocrx_word' id='word_1_159' title='bbox 381 1576 421 1605; x_wconf 85' lang='grc'>67</span> <span class='ocrx_word' id='word_1_160' title='bbox 444 1573 576 1614; x_wconf 76' lang='lat' dir='ltr'>Alphius</span> <span class='ocrx_word' id='word_1_161' title='bbox 591 1574 727 1604; x_wconf 81' lang='lat' dir='ltr'>Venett.</span> <span class='ocrx_word' id='word_1_162' title='bbox 743 1573 901 1604; x_wconf 79' lang='lat' dir='ltr'>Glarean.</span> <span class='ocrx_word' id='word_1_163' title='bbox 917 1573 995 1604; x_wconf 89' lang='lat' dir='ltr'>Ald.</span> <span class='ocrx_word' id='word_1_164' title='bbox 1012 1574 1142 1615; x_wconf 86' lang='lat' dir='ltr'>Gryph.</span> <span class='ocrx_word' id='word_1_165' title='bbox 1157 1575 1274 1616; x_wconf 76' lang='lat' dir='ltr'>steph.</span> <span class='ocrx_word' id='word_1_166' title='bbox 1287 1575 1404 1607; x_wconf 84' lang='lat' dir='ltr'>Heins.</span> <span class='ocrx_word' id='word_1_167' title='bbox 1421 1574 1523 1615; x_wconf 86' lang='lat' dir='ltr'>Cruq.</span> <span class='ocrx_word' id='word_1_168' title='bbox 1539 1574 1653 1606; x_wconf 77' lang='lat' dir='ltr'>Lamb.</span> <span class='ocrx_word' id='word_1_169' title='bbox 1668 1574 1808 1606; x_wconf 77' lang='lat' dir='ltr'>Chabot.</span> 
     </span>
    </p>
   </div>
   <div class='ocr_carea' id='block_1_8' title="bbox 1027 1655 1167 1687">
    <p class='ocr_par' dir='ltr' id='par_1_12' title="bbox 1027 1655 1167 1687">
     <span class='ocr_line' id='line_1_25' title="bbox 1027 1655 1167 1687; baseline 0 0"><span class='ocrx_word' id='word_1_170' title='bbox 1027 1655 1167 1687; x_wconf 78' lang='lat' dir='ltr'>NOTAE</span> 
     </span>
    </p>
   </div>
   <div class='ocr_carea' id='block_1_9' title="bbox 382 1728 1074 2848">
    <p class='ocr_par' dir='ltr' id='par_1_13' title="bbox 382 1728 1074 1917">
     <span class='ocr_line' id='line_1_26' title="bbox 382 1728 1072 1768; baseline -0.003 -7"><span class='ocrx_word' id='word_1_171' title='bbox 382 1730 432 1762; x_wconf 86' lang='lat' dir='ltr'>nis</span> <span class='ocrx_word' id='word_1_172' title='bbox 449 1734 498 1760; x_wconf 82' lang='lat' dir='ltr'>est</span> <span class='ocrx_word' id='word_1_173' title='bbox 520 1728 672 1760; x_wconf 78' lang='lat' dir='ltr'>laudibus</span> <span class='ocrx_word' id='word_1_174' title='bbox 695 1728 803 1759; x_wconf 79' lang='lat' dir='ltr'>malva</span> <span class='ocrx_word' id='word_1_175' title='bbox 823 1731 977 1768; x_wconf 82' lang='lat' dir='ltr'>utraque,</span> <span class='ocrx_word' id='word_1_176' title='bbox 993 1728 1072 1759; x_wconf 77' lang='lat' dir='ltr'>sati-</span> 
     </span>
     <span class='ocr_line' id='line_1_27' title="bbox 384 1776 1073 1818; baseline -0.004 -8"><span class='ocrx_word' id='word_1_177' title='bbox 384 1789 426 1810; x_wconf 83' lang='lat' dir='ltr'>va</span> <span class='ocrx_word' id='word_1_178' title='bbox 438 1784 472 1809; x_wconf 85' lang='lat' dir='ltr'>et</span> <span class='ocrx_word' id='word_1_179' title='bbox 488 1778 673 1818; x_wconf 80' lang='lat' dir='ltr'>sylvestris.</span> <span class='ocrx_word' id='word_1_180' title='bbox 707 1777 816 1807; x_wconf 85' lang='lat' dir='ltr'>Omne</span> <span class='ocrx_word' id='word_1_181' title='bbox 829 1777 947 1817; x_wconf 85' lang='lat' dir='ltr'>solum,</span> <span class='ocrx_word' id='word_1_182' title='bbox 959 1776 991 1807; x_wconf 90' lang='lat' dir='ltr'>in</span> <span class='ocrx_word' id='word_1_183' title='bbox 1008 1785 1073 1818; x_wconf 90' lang='lat' dir='ltr'>quo</span> 
     </span>
     <span class='ocr_line' id='line_1_28' title="bbox 385 1825 1074 1867; baseline -0.004 -8"><span class='ocrx_word' id='word_1_184' title='bbox 385 1834 558 1865; x_wconf 78' lang='lat' dir='ltr'>seruntur,</span> <span class='ocrx_word' id='word_1_185' title='bbox 574 1827 733 1867; x_wconf 82' lang='lat' dir='ltr'>pinguius</span> <span class='ocrx_word' id='word_1_186' title='bbox 749 1825 899 1865; x_wconf 84' lang='lat' dir='ltr'>faciunt,’</span> <span class='ocrx_word' id='word_1_187' title='bbox 914 1829 976 1857; x_wconf 72' lang='grc' dir='ltr'>ὅτε.</span> <span class='ocrx_word' id='word_1_188' title='bbox 1002 1827 1074 1858; x_wconf 82' lang='lat' dir='ltr'>Nos</span> 
     </span>
     <span class='ocr_line' id='line_1_29' title="bbox 385 1874 967 1917; baseline -0.009 -8"><span class='ocrx_word' id='word_1_189' title='bbox 385 1878 427 1909; x_wconf 88' lang='lat' dir='ltr'>de</span> <span class='ocrx_word' id='word_1_190' title='bbox 444 1877 564 1917; x_wconf 84' lang='lat' dir='ltr'>eajam</span> <span class='ocrx_word' id='word_1_191' title='bbox 591 1885 615 1906; x_wconf 84' lang='lat'>1.</span> <span class='ocrx_word' id='word_1_192' title='bbox 633 1875 701 1906; x_wconf 88' lang='lat' dir='ltr'>Od.</span> <span class='ocrx_word' id='word_1_193' title='bbox 717 1877 770 1906; x_wconf 80' lang='grc'>31.</span> <span class='ocrx_word' id='word_1_194' title='bbox 782 1874 843 1905; x_wconf 82' lang='lat' dir='ltr'>sub</span> <span class='ocrx_word' id='word_1_195' title='bbox 857 1874 967 1905; x_wconf 87' lang='lat' dir='ltr'>finem.</span> 
     </span>
    </p>

    <p class='ocr_par' dir='ltr' id='par_1_14' title="bbox 383 1922 1072 2253">
     <span class='ocr_line' id='line_1_30' title="bbox 426 1922 1071 1964; baseline -0.005 -7"><span class='ocrx_word' id='word_1_196' title='bbox 426 1929 468 1957; x_wconf 83' lang='lat'>69</span> <span class='ocrx_word' id='word_1_197' title='bbox 494 1924 729 1964; x_wconf 70' lang='lat' dir='ltr'>Terminalibus]</span> <span class='ocrx_word' id='word_1_198' title='bbox 758 1923 798 1954; x_wconf 89' lang='lat' dir='ltr'>In</span> <span class='ocrx_word' id='word_1_199' title='bbox 814 1922 902 1954; x_wconf 80' lang='lat' dir='ltr'>festo</span> <span class='ocrx_word' id='word_1_200' title='bbox 918 1923 980 1954; x_wconf 88' lang='lat' dir='ltr'>Dei</span> <span class='ocrx_word' id='word_1_201' title='bbox 992 1924 1071 1954; x_wconf 86' lang='lat' dir='ltr'>Ter-</span> 
     </span>
     <span class='ocr_line' id='line_1_31' title="bbox 384 1972 1072 2016; baseline -0.007 -9"><span class='ocrx_word' id='word_1_202' title='bbox 384 1975 478 2014; x_wconf 82' lang='lat' dir='ltr'>mini,</span> <span class='ocrx_word' id='word_1_203' title='bbox 497 1983 594 2016; x_wconf 89' lang='lat' dir='ltr'>quem</span> <span class='ocrx_word' id='word_1_204' title='bbox 610 1973 710 2013; x_wconf 82' lang='lat' dir='ltr'>prisci</span> <span class='ocrx_word' id='word_1_205' title='bbox 724 1973 814 2003; x_wconf 81' lang='lat' dir='ltr'>velut</span> <span class='ocrx_word' id='word_1_206' title='bbox 824 1981 975 2012; x_wconf 81' lang='lat' dir='ltr'>agrorum</span> <span class='ocrx_word' id='word_1_207' title='bbox 987 1972 1072 2003; x_wconf 89' lang='lat' dir='ltr'>limi·</span> 
     </span>
     <span class='ocr_line' id='line_1_32' title="bbox 386 2023 1071 2057; baseline -0.007 0"><span class='ocrx_word' id='word_1_208' title='bbox 386 2032 438 2057; x_wconf 76' lang='lat' dir='ltr'>tes</span> <span class='ocrx_word' id='word_1_209' title='bbox 465 2024 708 2056; x_wconf 69' lang='lat' dir='ltr'>custodientem</span> <span class='ocrx_word' id='word_1_210' title='bbox 733 2032 772 2054; x_wconf 84' lang='lat' dir='ltr'>ac</span> <span class='ocrx_word' id='word_1_211' title='bbox 801 2026 950 2053; x_wconf 81' lang='lat' dir='ltr'>tuentem</span> <span class='ocrx_word' id='word_1_212' title='bbox 985 2023 1071 2054; x_wconf 86' lang='lat' dir='ltr'>cole-</span> 
     </span>
     <span class='ocr_line' id='line_1_33' title="bbox 386 2072 1070 2112; baseline -0.007 -6"><span class='ocrx_word' id='word_1_213' title='bbox 386 2075 488 2106; x_wconf 82' lang='lat' dir='ltr'>bant:</span> <span class='ocrx_word' id='word_1_214' title='bbox 516 2075 563 2105; x_wconf 81' lang='lat' dir='ltr'>ita</span> <span class='ocrx_word' id='word_1_215' title='bbox 591 2074 719 2104; x_wconf 77' lang='lat' dir='ltr'>Festus.</span> <span class='ocrx_word' id='word_1_216' title='bbox 764 2072 844 2111; x_wconf 82' lang='lat' dir='ltr'>Ejus</span> <span class='ocrx_word' id='word_1_217' title='bbox 863 2080 954 2102; x_wconf 78' lang='lat' dir='ltr'>sacra</span> <span class='ocrx_word' id='word_1_218' title='bbox 975 2081 1070 2112; x_wconf 82' lang='lat' dir='ltr'>pera-</span> 
     </span>
     <span class='ocr_line' id='line_1_34' title="bbox 385 2120 1071 2164; baseline -0.004 -10"><span class='ocrx_word' id='word_1_219' title='bbox 385 2124 551 2164; x_wconf 75' lang='lat' dir='ltr'>gebantur</span> <span class='ocrx_word' id='word_1_220' title='bbox 574 2122 628 2154; x_wconf 88' lang='lat' dir='ltr'>die</span> <span class='ocrx_word' id='word_1_221' title='bbox 650 2124 703 2153; x_wconf 84' lang='lat'>21.</span> <span class='ocrx_word' id='word_1_222' title='bbox 727 2120 914 2159; x_wconf 76' lang='lat' dir='ltr'>Februarii,</span> <span class='ocrx_word' id='word_1_223' title='bbox 937 2130 978 2151; x_wconf 87' lang='lat' dir='ltr'>ex</span> <span class='ocrx_word' id='word_1_224' title='bbox 999 2121 1071 2152; x_wconf 89' lang='lat' dir='ltr'>Nn·</span> 
     </span>
     <span class='ocr_line' id='line_1_35' title="bbox 384 2170 1072 2212; baseline -0.001 -9"><span class='ocrx_word' id='word_1_225' title='bbox 384 2183 447 2203; x_wconf 85' lang='lat' dir='ltr'>mae</span> <span class='ocrx_word' id='word_1_226' title='bbox 464 2174 629 2204; x_wconf 70' lang='lat' dir='ltr'>instituto.</span> <span class='ocrx_word' id='word_1_227' title='bbox 666 2171 806 2212; x_wconf 80' lang='lat' dir='ltr'>Dionys.</span> <span class='ocrx_word' id='word_1_228' title='bbox 822 2171 935 2202; x_wconf 80' lang='lat' dir='ltr'>Hanc.</span> <span class='ocrx_word' id='word_1_229' title='bbox 957 2170 1015 2202; x_wconf 89' lang='lat' dir='ltr'>lib.</span> <span class='ocrx_word' id='word_1_230' title='bbox 1032 2180 1072 2203; x_wconf 80' lang='lat' dir='ltr'>n.</span> 
     </span>
     <span class='ocr_line' id='line_1_36' title="bbox 383 2220 1070 2253; baseline -0.001 0"><span class='ocrx_word' id='word_1_231' title='bbox 383 2221 485 2253; x_wconf 85' lang='lat' dir='ltr'>Ovid.</span> <span class='ocrx_word' id='word_1_232' title='bbox 498 2222 586 2252; x_wconf 74' lang='lat' dir='ltr'>Fast.</span> <span class='ocrx_word' id='word_1_233' title='bbox 603 2230 643 2252; x_wconf 86' lang='lat'>11.</span> <span class='ocrx_word' id='word_1_234' title='bbox 670 2221 827 2253; x_wconf 80' lang='lat' dir='ltr'>Juvenal.</span> <span class='ocrx_word' id='word_1_235' title='bbox 842 2220 913 2252; x_wconf 81' lang='lat' dir='ltr'>Sat.</span> <span class='ocrx_word' id='word_1_236' title='bbox 929 2229 1005 2252; x_wconf 75' lang='lat' dir='ltr'>xw.</span> <span class='ocrx_word' id='word_1_237' title='bbox 1019 2223 1070 2252; x_wconf 77' lang='lat'>39.</span> 
     </span>
    </p>

    <p class='ocr_par' dir='ltr' id='par_1_15' title="bbox 382 2269 1071 2694">
     <span class='ocr_line' id='line_1_37' title="bbox 423 2269 1071 2310; baseline -0.002 -8"><span class='ocrx_word' id='word_1_238' title='bbox 423 2273 465 2302; x_wconf 88' lang='grc'>60</span> <span class='ocrx_word' id='word_1_239' title='bbox 489 2270 609 2300; x_wconf 78' lang='lat' dir='ltr'>Haedus</span> <span class='ocrx_word' id='word_1_240' title='bbox 623 2273 743 2310; x_wconf 79' lang='lat' dir='ltr'>ereptus</span> <span class='ocrx_word' id='word_1_241' title='bbox 757 2269 841 2310; x_wconf 79' lang='lat' dir='ltr'>lupo]</span> <span class='ocrx_word' id='word_1_242' title='bbox 863 2270 959 2301; x_wconf 84' lang='lat' dir='ltr'>Sicut</span> <span class='ocrx_word' id='word_1_243' title='bbox 972 2279 1071 2301; x_wconf 87' lang='lat' dir='ltr'>vena·</span> 
     </span>
     <span class='ocr_line' id='line_1_38' title="bbox 382 2319 1070 2359; baseline -0.001 -8"><span class='ocrx_word' id='word_1_244' title='bbox 382 2320 448 2352; x_wconf 88' lang='lat' dir='ltr'>tori</span> <span class='ocrx_word' id='word_1_245' title='bbox 473 2329 532 2350; x_wconf 85' lang='lat' dir='ltr'>sua</span> <span class='ocrx_word' id='word_1_246' title='bbox 549 2319 664 2359; x_wconf 78' lang='lat' dir='ltr'>praeda</span> <span class='ocrx_word' id='word_1_247' title='bbox 691 2320 723 2349; x_wconf 90' lang='lat' dir='ltr'>in</span> <span class='ocrx_word' id='word_1_248' title='bbox 747 2319 862 2359; x_wconf 87' lang='lat' dir='ltr'>primis</span> <span class='ocrx_word' id='word_1_249' title='bbox 879 2323 976 2358; x_wconf 83' lang='lat' dir='ltr'>grata</span> <span class='ocrx_word' id='word_1_250' title='bbox 995 2323 1070 2358; x_wconf 84' lang='lat' dir='ltr'>est;</span> 
     </span>
     <span class='ocr_line' id='line_1_39' title="bbox 382 2367 1069 2408; baseline -0.003 -8"><span class='ocrx_word' id='word_1_251' title='bbox 382 2370 432 2400; x_wconf 79' lang='lat' dir='ltr'>ita</span> <span class='ocrx_word' id='word_1_252' title='bbox 447 2369 571 2399; x_wconf 85' lang='lat' dir='ltr'>rustico</span> <span class='ocrx_word' id='word_1_253' title='bbox 592 2367 750 2408; x_wconf 88' lang='lat' dir='ltr'>quicquid</span> <span class='ocrx_word' id='word_1_254' title='bbox 777 2377 796 2398; x_wconf 86' lang='lat' dir='ltr'>e</span> <span class='ocrx_word' id='word_1_255' title='bbox 821 2367 891 2407; x_wconf 91' lang='lat' dir='ltr'>lupi</span> <span class='ocrx_word' id='word_1_256' title='bbox 914 2368 990 2407; x_wconf 86' lang='lat' dir='ltr'>gula</span> <span class='ocrx_word' id='word_1_257' title='bbox 1006 2368 1069 2398; x_wconf 84' lang='lat' dir='ltr'>eri·</span> 
     </span>
     <span class='ocr_line' id='line_1_40' title="bbox 383 2416 1068 2459; baseline -0.004 -10"><span class='ocrx_word' id='word_1_258' title='bbox 383 2417 469 2459; x_wconf 85' lang='lat' dir='ltr'>puit.</span> <span class='ocrx_word' id='word_1_259' title='bbox 510 2418 637 2448; x_wconf 83' lang='lat' dir='ltr'>Volunt</span> <span class='ocrx_word' id='word_1_260' title='bbox 651 2416 752 2457; x_wconf 79' lang='lat' dir='ltr'>aliqui</span> <span class='ocrx_word' id='word_1_261' title='bbox 765 2425 838 2447; x_wconf 91' lang='lat' dir='ltr'>cum</span> <span class='ocrx_word' id='word_1_262' title='bbox 854 2416 1068 2455; x_wconf 79' lang='lat' dir='ltr'>Mureto‚hic</span> 
     </span>
     <span class='ocr_line' id='line_1_41' title="bbox 383 2464 1068 2509; baseline -0.006 -10"><span class='ocrx_word' id='word_1_263' title='bbox 383 2467 485 2499; x_wconf 83' lang='lat' dir='ltr'>alludi</span> <span class='ocrx_word' id='word_1_264' title='bbox 511 2466 554 2498; x_wconf 78' lang='lat' dir='ltr'>nd</span> <span class='ocrx_word' id='word_1_265' title='bbox 579 2465 612 2497; x_wconf 88' lang='lat' dir='ltr'>id</span> <span class='ocrx_word' id='word_1_266' title='bbox 633 2465 720 2509; x_wconf 83' lang='lat' dir='ltr'>quod</span> <span class='ocrx_word' id='word_1_267' title='bbox 743 2465 845 2496; x_wconf 81' lang='lat' dir='ltr'>tradit</span> <span class='ocrx_word' id='word_1_268' title='bbox 868 2464 1068 2496; x_wconf 81' lang='lat' dir='ltr'>Plutarchus</span> 
     </span>
     <span class='ocr_line' id='line_1_42' title="bbox 382 2513 1067 2556; baseline -0.006 -9"><span class='ocrx_word' id='word_1_269' title='bbox 382 2517 417 2547; x_wconf 89' lang='lat' dir='ltr'>in</span> <span class='ocrx_word' id='word_1_270' title='bbox 431 2516 585 2556; x_wconf 86' lang='lat' dir='ltr'>Sympos.</span> <span class='ocrx_word' id='word_1_271' title='bbox 600 2515 729 2546; x_wconf 85' lang='lat' dir='ltr'>scilicet</span> <span class='ocrx_word' id='word_1_272' title='bbox 750 2515 761 2532; x_wconf 86' lang='lat'>‘</span> <span class='ocrx_word' id='word_1_273' title='bbox 774 2522 886 2544; x_wconf 80' lang='lat' dir='ltr'>earum</span> <span class='ocrx_word' id='word_1_274' title='bbox 903 2513 1067 2553; x_wconf 86' lang='lat' dir='ltr'>pecudum</span> 
     </span>
     <span class='ocr_line' id='line_1_43' title="bbox 385 2560 1069 2607; baseline -0.004 -11"><span class='ocrx_word' id='word_1_275' title='bbox 385 2572 468 2607; x_wconf 69' lang='lat' dir='ltr'>quas</span> <span class='ocrx_word' id='word_1_276' title='bbox 483 2566 581 2606; x_wconf 87' lang='lat' dir='ltr'>lupus</span> <span class='ocrx_word' id='word_1_277' title='bbox 597 2562 826 2600; x_wconf 69' lang='lat' dir='ltr'>momorderit,</span> <span class='ocrx_word' id='word_1_278' title='bbox 837 2570 970 2592; x_wconf 83' lang='lat' dir='ltr'>carnem</span> <span class='ocrx_word' id='word_1_279' title='bbox 983 2560 1069 2593; x_wconf 85' lang='lat' dir='ltr'>effici</span> 
     </span>
     <span class='ocr_line' id='line_1_44' title="bbox 385 2610 1068 2654; baseline -0.007 -9"><span class='ocrx_word' id='word_1_280' title='bbox 385 2614 597 2654; x_wconf 81' lang='lat' dir='ltr'>teneriorem,</span> <span class='ocrx_word' id='word_1_281' title='bbox 623 2613 734 2643; x_wconf 75' lang='lat' dir='ltr'>lanam</span> <span class='ocrx_word' id='word_1_282' title='bbox 766 2619 846 2642; x_wconf 85' lang='lat' dir='ltr'>vero</span> <span class='ocrx_word' id='word_1_283' title='bbox 879 2610 1068 2652; x_wconf 86' lang='lat' dir='ltr'>corrumpi‚’</span> 
     </span>
     <span class='ocr_line' id='line_1_45' title="bbox 384 2666 448 2694; baseline 0.016 -1"><span class='ocrx_word' id='word_1_284' title='bbox 384 2666 448 2694; x_wconf 88' lang='lat' dir='ltr'>&amp;c.</span> 
     </span>
    </p>

    <p class='ocr_par' dir='ltr' id='par_1_16' title="bbox 385 2705 1067 2848">
     <span class='ocr_line' id='line_1_46' title="bbox 425 2705 1066 2752; baseline -0.005 -9"><span class='ocrx_word' id='word_1_285' title='bbox 425 2715 466 2743; x_wconf 87' lang='grc'>65</span> <span class='ocrx_word' id='word_1_286' title='bbox 490 2705 668 2752; x_wconf 76' lang='lat' dir='ltr'>positosque</span> <span class='ocrx_word' id='word_1_287' title='bbox 690 2710 815 2751; x_wconf 80' lang='lat' dir='ltr'>vernas]</span> <span class='ocrx_word' id='word_1_288' title='bbox 836 2709 1014 2740; x_wconf 80' lang='lat' dir='ltr'>Servorum</span> <span class='ocrx_word' id='word_1_289' title='bbox 1029 2708 1066 2740; x_wconf 83' lang='lat' dir='ltr'>fi-</span> 
     </span>
     <span class='ocr_line' id='line_1_47' title="bbox 385 2757 1067 2798; baseline -0.007 -6"><span class='ocrx_word' id='word_1_290' title='bbox 385 2762 447 2792; x_wconf 86' lang='lat' dir='ltr'>lios</span> <span class='ocrx_word' id='word_1_291' title='bbox 475 2761 563 2791; x_wconf 84' lang='lat' dir='ltr'>heris</span> <span class='ocrx_word' id='word_1_292' title='bbox 594 2760 755 2790; x_wconf 79' lang='lat' dir='ltr'>accedere</span> <span class='ocrx_word' id='word_1_293' title='bbox 787 2764 820 2789; x_wconf 88' lang='lat' dir='ltr'>et</span> <span class='ocrx_word' id='word_1_294' title='bbox 850 2757 982 2798; x_wconf 83' lang='lat' dir='ltr'>apponi,</span> <span class='ocrx_word' id='word_1_295' title='bbox 1009 2766 1067 2788; x_wconf 84' lang='lat' dir='ltr'>seu</span> 
     </span>
     <span class='ocr_line' id='line_1_48' title="bbox 385 2814 1066 2848; baseline -0.009 -7"><span class='ocrx_word' id='word_1_296' title='bbox 385 2818 590 2848; x_wconf 79' lang='lat' dir='ltr'>accrescere,</span> <span class='ocrx_word' id='word_1_297' title='bbox 612 2817 677 2839; x_wconf 88' lang='lat' dir='ltr'>non</span> <span class='ocrx_word' id='word_1_298' title='bbox 699 2816 795 2838; x_wconf 86' lang='lat' dir='ltr'>secus</span> <span class='ocrx_word' id='word_1_299' title='bbox 818 2816 856 2838; x_wconf 88' lang='lat' dir='ltr'>ac</span> <span class='ocrx_word' id='word_1_300' title='bbox 876 2815 974 2847; x_wconf 83' lang='lat' dir='ltr'>apum</span> <span class='ocrx_word' id='word_1_301' title='bbox 989 2814 1066 2836; x_wconf 84' lang='lat' dir='ltr'>exa-</span> 
     </span>
    </p>
   </div>
   <div class='ocr_carea' id='block_1_10' title="bbox 1119 1730 1813 2786">
    <p class='ocr_par' dir='ltr' id='par_1_17' title="bbox 1126 1730 1484 1770">
     <span class='ocr_line' id='line_1_49' title="bbox 1126 1730 1484 1770; baseline -0.003 -10"><span class='ocrx_word' id='word_1_302' title='bbox 1126 1739 1215 1768; x_wconf 88' lang='lat' dir='ltr'>men,</span> <span class='ocrx_word' id='word_1_303' title='bbox 1230 1739 1327 1761; x_wconf 90' lang='lat' dir='ltr'>nemo</span> <span class='ocrx_word' id='word_1_304' title='bbox 1343 1730 1484 1770; x_wconf 79' lang='lat' dir='ltr'>ignorat.</span> 
     </span>
    </p>

    <p class='ocr_par' dir='ltr' id='par_1_18' title="bbox 1121 1777 1809 2104">
     <span class='ocr_line' id='line_1_50' title="bbox 1168 1777 1808 1818; baseline -0.003 -8"><span class='ocrx_word' id='word_1_305' title='bbox 1168 1782 1209 1811; x_wconf 89' lang='grc'>66</span> <span class='ocrx_word' id='word_1_306' title='bbox 1233 1779 1357 1811; x_wconf 81' lang='lat' dir='ltr'>Circum</span> <span class='ocrx_word' id='word_1_307' title='bbox 1378 1779 1552 1810; x_wconf 77' lang='lat' dir='ltr'>renidentes</span> <span class='ocrx_word' id='word_1_308' title='bbox 1576 1777 1686 1818; x_wconf 76' lang='lat' dir='ltr'>Lam]</span> <span class='ocrx_word' id='word_1_309' title='bbox 1710 1777 1808 1809; x_wconf 88' lang='lat' dir='ltr'>Colu-</span> 
     </span>
     <span class='ocr_line' id='line_1_51' title="bbox 1125 1826 1809 1860; baseline -0.003 -2"><span class='ocrx_word' id='word_1_310' title='bbox 1125 1829 1217 1859; x_wconf 86' lang='lat' dir='ltr'>mell.</span> <span class='ocrx_word' id='word_1_311' title='bbox 1232 1829 1291 1860; x_wconf 92' lang='lat' dir='ltr'>lib.</span> <span class='ocrx_word' id='word_1_312' title='bbox 1307 1837 1374 1860; x_wconf 81' lang='lat' dir='ltr'>xn-</span> <span class='ocrx_word' id='word_1_313' title='bbox 1397 1827 1441 1859; x_wconf 85' lang='lat' dir='ltr'>de</span> <span class='ocrx_word' id='word_1_314' title='bbox 1457 1827 1600 1858; x_wconf 88' lang='lat' dir='ltr'>Villico:</span> <span class='ocrx_word' id='word_1_315' title='bbox 1623 1827 1633 1844; x_wconf 92' lang='lat'><strong>‘</strong></span> <span class='ocrx_word' id='word_1_316' title='bbox 1648 1826 1809 1858; x_wconf 82' lang='lat' dir='ltr'>Consues-</span> 
     </span>
     <span class='ocr_line' id='line_1_52' title="bbox 1125 1873 1807 1908; baseline -0.004 -1"><span class='ocrx_word' id='word_1_317' title='bbox 1125 1880 1182 1907; x_wconf 82' lang='lat' dir='ltr'>cat</span> <span class='ocrx_word' id='word_1_318' title='bbox 1197 1878 1338 1908; x_wconf 87' lang='lat' dir='ltr'>rusticos</span> <span class='ocrx_word' id='word_1_319' title='bbox 1360 1877 1450 1908; x_wconf 88' lang='lat' dir='ltr'>circa</span> <span class='ocrx_word' id='word_1_320' title='bbox 1465 1876 1581 1906; x_wconf 81' lang='lat' dir='ltr'>Larem</span> <span class='ocrx_word' id='word_1_321' title='bbox 1605 1873 1738 1906; x_wconf 89' lang='lat' dir='ltr'>Domini</span> <span class='ocrx_word' id='word_1_322' title='bbox 1757 1873 1807 1904; x_wconf 81' lang='lat' dir='ltr'>fo-</span> 
     </span>
     <span class='ocr_line' id='line_1_53' title="bbox 1123 1922 1808 1966; baseline -0.003 -10"><span class='ocrx_word' id='word_1_323' title='bbox 1123 1934 1266 1966; x_wconf 87' lang='lat' dir='ltr'>cumque</span> <span class='ocrx_word' id='word_1_324' title='bbox 1289 1925 1484 1956; x_wconf 82' lang='lat' dir='ltr'>familiarem</span> <span class='ocrx_word' id='word_1_325' title='bbox 1506 1931 1639 1963; x_wconf 82' lang='lat' dir='ltr'>semper</span> <span class='ocrx_word' id='word_1_326' title='bbox 1659 1922 1808 1962; x_wconf 60' lang='lat' dir='ltr'>epulari!</span> 
     </span>
     <span class='ocr_line' id='line_1_54' title="bbox 1123 1970 1807 2005; baseline -0.006 -1"><span class='ocrx_word' id='word_1_327' title='bbox 1123 1973 1176 2004; x_wconf 88' lang='lat' dir='ltr'>De</span> <span class='ocrx_word' id='word_1_328' title='bbox 1192 1973 1333 2005; x_wconf 81' lang='lat' dir='ltr'>Laribus</span> <span class='ocrx_word' id='word_1_329' title='bbox 1347 1983 1372 2004; x_wconf 86' lang='grc' dir='ltr'>ῐ.</span> <span class='ocrx_word' id='word_1_330' title='bbox 1393 1973 1460 2005; x_wconf 87' lang='lat' dir='ltr'>Od.</span> <span class='ocrx_word' id='word_1_331' title='bbox 1480 1974 1532 2002; x_wconf 79' lang='lat'>12.</span> <span class='ocrx_word' id='word_1_332' title='bbox 1555 1973 1608 2002; x_wconf 76' lang='grc'>44.</span> <span class='ocrx_word' id='word_1_333' title='bbox 1632 1975 1668 2002; x_wconf 86' lang='lat' dir='ltr'>et</span> <span class='ocrx_word' id='word_1_334' title='bbox 1684 1979 1723 2002; x_wconf 85' lang='lat' dir='ltr'>n.</span> <span class='ocrx_word' id='word_1_335' title='bbox 1740 1970 1807 2002; x_wconf 89' lang='lat' dir='ltr'>Od.</span> 
     </span>
     <span class='ocr_line' id='line_1_55' title="bbox 1123 2019 1805 2062; baseline -0.006 -9"><span class='ocrx_word' id='word_1_336' title='bbox 1123 2026 1175 2054; x_wconf 84' lang='lat'>18.</span> <span class='ocrx_word' id='word_1_337' title='bbox 1190 2023 1232 2054; x_wconf 86' lang='lat' dir='ltr'>ad</span> <span class='ocrx_word' id='word_1_338' title='bbox 1247 2024 1319 2054; x_wconf 79' lang='lat' dir='ltr'>haec</span> <span class='ocrx_word' id='word_1_339' title='bbox 1334 2022 1457 2054; x_wconf 77' lang='lat' dir='ltr'>verba:</span> <span class='ocrx_word' id='word_1_340' title='bbox 1480 2021 1490 2038; x_wconf 88' lang='lat'>‘</span> <span class='ocrx_word' id='word_1_341' title='bbox 1504 2025 1662 2062; x_wconf 81' lang='lat' dir='ltr'>paternos</span> <span class='ocrx_word' id='word_1_342' title='bbox 1682 2020 1716 2050; x_wconf 90' lang='lat' dir='ltr'>in</span> <span class='ocrx_word' id='word_1_343' title='bbox 1731 2019 1805 2051; x_wconf 83' lang='lat' dir='ltr'>sinu</span> 
     </span>
     <span class='ocr_line' id='line_1_56' title="bbox 1121 2072 1369 2104; baseline 0 -1"><span class='ocrx_word' id='word_1_344' title='bbox 1121 2072 1234 2103; x_wconf 85' lang='lat' dir='ltr'>ferens</span> <span class='ocrx_word' id='word_1_345' title='bbox 1252 2072 1369 2104; x_wconf 87' lang='lat' dir='ltr'>Deos.’</span> 
     </span>
    </p>

    <p class='ocr_par' dir='ltr' id='par_1_19' title="bbox 1124 2117 1805 2250">
     <span class='ocr_line' id='line_1_57' title="bbox 1165 2117 1804 2159; baseline -0.006 -7"><span class='ocrx_word' id='word_1_346' title='bbox 1165 2124 1206 2152; x_wconf 85' lang='grc'>67</span> <span class='ocrx_word' id='word_1_347' title='bbox 1232 2122 1310 2152; x_wconf 81' lang='lat' dir='ltr'>Hoec</span> <span class='ocrx_word' id='word_1_348' title='bbox 1335 2120 1388 2152; x_wconf 78' lang='lat' dir='ltr'>ubi</span> <span class='ocrx_word' id='word_1_349' title='bbox 1411 2121 1536 2156; x_wconf 79' lang='lat' dir='ltr'>locutus,</span> <span class='ocrx_word' id='word_1_350' title='bbox 1559 2118 1629 2159; x_wconf 54' lang='grc' dir='ltr'>ξω]</span> <span class='ocrx_word' id='word_1_351' title='bbox 1653 2117 1804 2157; x_wconf 77' lang='lat' dir='ltr'>satyrice</span> 
     </span>
     <span class='ocr_line' id='line_1_58' title="bbox 1124 2165 1805 2202; baseline -0.006 -1"><span class='ocrx_word' id='word_1_352' title='bbox 1124 2171 1196 2201; x_wconf 72' lang='lat' dir='ltr'>liaec</span> <span class='ocrx_word' id='word_1_353' title='bbox 1211 2175 1247 2202; x_wconf 86' lang='lat' dir='ltr'>et</span> <span class='ocrx_word' id='word_1_354' title='bbox 1261 2170 1442 2202; x_wconf 83' lang='lat' dir='ltr'>sarcastice</span> <span class='ocrx_word' id='word_1_355' title='bbox 1457 2169 1490 2200; x_wconf 91' lang='lat' dir='ltr'>in</span> <span class='ocrx_word' id='word_1_356' title='bbox 1509 2176 1646 2199; x_wconf 79' lang='lat' dir='ltr'>avarum</span> <span class='ocrx_word' id='word_1_357' title='bbox 1660 2165 1805 2198; x_wconf 76' lang='lat' dir='ltr'>foenera-</span> 
     </span>
     <span class='ocr_line' id='line_1_59' title="bbox 1124 2223 1242 2250; baseline -0.008 0"><span class='ocrx_word' id='word_1_358' title='bbox 1124 2223 1242 2250; x_wconf 85' lang='lat' dir='ltr'>torem.</span> 
     </span>
    </p>

    <p class='ocr_par' dir='ltr' id='par_1_20' title="bbox 1119 2262 1813 2452">
     <span class='ocr_line' id='line_1_60' title="bbox 1163 2262 1803 2305; baseline -0.006 -7"><span class='ocrx_word' id='word_1_359' title='bbox 1163 2269 1205 2298; x_wconf 90' lang='grc'>69</span> <span class='ocrx_word' id='word_1_360' title='bbox 1220 2266 1350 2304; x_wconf 71' lang='lat' dir='ltr'>Raedegit</span> <span class='ocrx_word' id='word_1_361' title='bbox 1365 2264 1504 2305; x_wconf 80' lang='lat' dir='ltr'>[relegit]</span> <span class='ocrx_word' id='word_1_362' title='bbox 1520 2262 1572 2295; x_wconf 87' lang='lat' dir='ltr'>Al.</span> <span class='ocrx_word' id='word_1_363' title='bbox 1585 2262 1717 2302; x_wconf 72' lang='lat' dir='ltr'>redegit,</span> <span class='ocrx_word' id='word_1_364' title='bbox 1730 2272 1803 2303; x_wconf 82' lang='lat' dir='ltr'>quae</span> 
     </span>
     <span class='ocr_line' id='line_1_61' title="bbox 1122 2311 1804 2357; baseline -0.007 -10"><span class='ocrx_word' id='word_1_365' title='bbox 1122 2316 1254 2357; x_wconf 87' lang='lat' dir='ltr'>quidem</span> <span class='ocrx_word' id='word_1_366' title='bbox 1279 2324 1342 2344; x_wconf 85' lang='lat' dir='ltr'>vox</span> <span class='ocrx_word' id='word_1_367' title='bbox 1365 2313 1520 2344; x_wconf 85' lang='lat' dir='ltr'>Ciceroni</span> <span class='ocrx_word' id='word_1_368' title='bbox 1544 2311 1682 2352; x_wconf 76' lang='lat' dir='ltr'>aliisque</span> <span class='ocrx_word' id='word_1_369' title='bbox 1703 2311 1804 2342; x_wconf 71' lang='lat' dir='ltr'>usita-</span> 
     </span>
     <span class='ocr_line' id='line_1_62' title="bbox 1121 2359 1813 2399; baseline -0.01 -3"><span class='ocrx_word' id='word_1_370' title='bbox 1121 2365 1198 2397; x_wconf 85' lang='lat' dir='ltr'>tior.</span> <span class='ocrx_word' id='word_1_371' title='bbox 1229 2364 1270 2395; x_wconf 89' lang='lat' dir='ltr'>In</span> <span class='ocrx_word' id='word_1_372' title='bbox 1292 2363 1391 2394; x_wconf 87' lang='lat' dir='ltr'>Verr.</span> <span class='ocrx_word' id='word_1_373' title='bbox 1416 2361 1534 2393; x_wconf 84' lang='lat' dir='ltr'>‘Bona</span> <span class='ocrx_word' id='word_1_374' title='bbox 1556 2359 1684 2399; x_wconf 81' lang='lat' dir='ltr'>vendit,</span> <span class='ocrx_word' id='word_1_375' title='bbox 1700 2368 1813 2399; x_wconf 36' lang='lat' dir='ltr'>pecu-s</span> 
     </span>
     <span class='ocr_line' id='line_1_63' title="bbox 1119 2410 1366 2452; baseline -0.016 -8"><span class='ocrx_word' id='word_1_376' title='bbox 1119 2413 1209 2444; x_wconf 79' lang='lat' dir='ltr'>niam</span> <span class='ocrx_word' id='word_1_377' title='bbox 1225 2410 1366 2452; x_wconf 77' lang='lat' dir='ltr'>redigit.&#39;</span> 
     </span>
    </p>

    <p class='ocr_par' dir='ltr' id='par_1_21' title="bbox 1120 2455 1803 2786">
     <span class='ocr_line' id='line_1_64' title="bbox 1163 2455 1803 2500; baseline -0.008 -9"><span class='ocrx_word' id='word_1_378' title='bbox 1163 2460 1287 2500; x_wconf 73' lang='lat' dir='ltr'>Idibus]</span> <span class='ocrx_word' id='word_1_379' title='bbox 1319 2459 1436 2490; x_wconf 89' lang='lat' dir='ltr'>Mense</span> <span class='ocrx_word' id='word_1_380' title='bbox 1456 2455 1605 2487; x_wconf 87' lang='lat' dir='ltr'>dimidio.</span> <span class='ocrx_word' id='word_1_381' title='bbox 1642 2455 1730 2486; x_wconf 85' lang='lat' dir='ltr'>Vide</span> <span class='ocrx_word' id='word_1_382' title='bbox 1752 2465 1803 2487; x_wconf 79' lang='lat' dir='ltr'>tv.</span> 
     </span>
     <span class='ocr_line' id='line_1_65' title="bbox 1122 2503 1801 2542; baseline -0.012 0"><span class='ocrx_word' id='word_1_383' title='bbox 1122 2510 1188 2542; x_wconf 88' lang='lat' dir='ltr'>Od.</span> <span class='ocrx_word' id='word_1_384' title='bbox 1212 2512 1264 2541; x_wconf 86' lang='lat'>11.</span> <span class='ocrx_word' id='word_1_385' title='bbox 1291 2511 1341 2540; x_wconf 77' lang='lat'>14.</span> <span class='ocrx_word' id='word_1_386' title='bbox 1384 2506 1419 2537; x_wconf 82' lang='lat' dir='ltr'>Is</span> <span class='ocrx_word' id='word_1_387' title='bbox 1441 2510 1516 2537; x_wconf 76' lang='lat' dir='ltr'>erat</span> <span class='ocrx_word' id='word_1_388' title='bbox 1541 2513 1624 2540; x_wconf 80' lang='lat' dir='ltr'>mos,</span> <span class='ocrx_word' id='word_1_389' title='bbox 1638 2503 1801 2535; x_wconf 78' lang='lat' dir='ltr'>creditam</span> 
     </span>
     <span class='ocr_line' id='line_1_66' title="bbox 1122 2551 1802 2600; baseline -0.012 -9"><span class='ocrx_word' id='word_1_390' title='bbox 1122 2558 1308 2600; x_wconf 69' lang='lat' dir='ltr'>pecuniam,</span> <span class='ocrx_word' id='word_1_391' title='bbox 1322 2557 1374 2588; x_wconf 85' lang='lat' dir='ltr'>vel</span> <span class='ocrx_word' id='word_1_392' title='bbox 1387 2555 1494 2586; x_wconf 86' lang='lat' dir='ltr'>foenus</span> <span class='ocrx_word' id='word_1_393' title='bbox 1510 2563 1528 2584; x_wconf 89' lang='lat' dir='ltr'>e</span> <span class='ocrx_word' id='word_1_394' title='bbox 1544 2551 1671 2584; x_wconf 87' lang='lat' dir='ltr'>credito</span> <span class='ocrx_word' id='word_1_395' title='bbox 1685 2552 1802 2584; x_wconf 85' lang='lat' dir='ltr'>Idibus</span> 
     </span>
     <span class='ocr_line' id='line_1_67' title="bbox 1122 2601 1801 2648; baseline -0.01 -9"><span class='ocrx_word' id='word_1_396' title='bbox 1122 2612 1288 2648; x_wconf 84' lang='lat' dir='ltr'>repetere.</span> <span class='ocrx_word' id='word_1_397' title='bbox 1325 2605 1395 2637; x_wconf 88' lang='lat' dir='ltr'>Cic.</span> <span class='ocrx_word' id='word_1_398' title='bbox 1419 2603 1550 2635; x_wconf 81' lang='lat' dir='ltr'>Catilin.</span> <span class='ocrx_word' id='word_1_399' title='bbox 1577 2611 1603 2633; x_wconf 90' lang='lat'>1.</span> <span class='ocrx_word' id='word_1_400' title='bbox 1626 2602 1637 2620; x_wconf 86' lang='lat'>‘</span> <span class='ocrx_word' id='word_1_401' title='bbox 1655 2601 1801 2633; x_wconf 81' lang='lat' dir='ltr'>Praeter-</span> 
     </span>
     <span class='ocr_line' id='line_1_68' title="bbox 1121 2652 1801 2691; baseline -0.012 -3"><span class='ocrx_word' id='word_1_402' title='bbox 1121 2657 1218 2688; x_wconf 84' lang='lat' dir='ltr'>mitto</span> <span class='ocrx_word' id='word_1_403' title='bbox 1229 2654 1340 2686; x_wconf 78' lang='lat' dir='ltr'>ruinas</span> <span class='ocrx_word' id='word_1_404' title='bbox 1350 2652 1556 2684; x_wconf 76' lang='lat' dir='ltr'>fortunarum</span> <span class='ocrx_word' id='word_1_405' title='bbox 1567 2654 1710 2690; x_wconf 72' lang='lat' dir='ltr'>tuarum,</span> <span class='ocrx_word' id='word_1_406' title='bbox 1721 2659 1801 2691; x_wconf 81' lang='lat' dir='ltr'>quas</span> 
     </span>
     <span class='ocr_line' id='line_1_69' title="bbox 1120 2698 1802 2743; baseline -0.01 -7"><span class='ocrx_word' id='word_1_407' title='bbox 1120 2713 1233 2736; x_wconf 86' lang='lat' dir='ltr'>omnes</span> <span class='ocrx_word' id='word_1_408' title='bbox 1255 2702 1447 2743; x_wconf 84' lang='lat' dir='ltr'>impendere</span> <span class='ocrx_word' id='word_1_409' title='bbox 1466 2701 1527 2733; x_wconf 84' lang='lat' dir='ltr'>tibi</span> <span class='ocrx_word' id='word_1_410' title='bbox 1549 2699 1710 2741; x_wconf 84' lang='lat' dir='ltr'>proximis</span> <span class='ocrx_word' id='word_1_411' title='bbox 1733 2698 1802 2730; x_wconf 86' lang='lat' dir='ltr'>Idi·</span> 
     </span>
     <span class='ocr_line' id='line_1_70' title="bbox 1120 2751 1341 2786; baseline -0.014 0"><span class='ocrx_word' id='word_1_412' title='bbox 1120 2754 1181 2786; x_wconf 88' lang='lat' dir='ltr'>bus</span> <span class='ocrx_word' id='word_1_413' title='bbox 1195 2751 1341 2785; x_wconf 61' lang='lat' dir='ltr'>senties?</span> 
     </span>
    </p>
   </div>
  </div>
 </body>
</html>
