1936 3236
375 275 457 315 570
845 291 887 327 Q.
919 290 1122 319 HoRA‘ru
1158 290 1328 319 F12A001

652 378 883 420 Mosunde
903 380 1111 421 deductus
1132 393 1207 432 per
1223 393 1347 421 omne

706 444 898 496 Tempus
918 445 1158 484 Amazonia
1177 446 1317 485 securi

595 509 784 550 Dextras
804 510 1005 556 obarmet,
1027 522 1219 562 quaerere
1239 510 1412 550 distuli:

593 574 713 628 (Nec
734 576 846 615 scire
864 575 932 615 fas
954 579 1018 615 est
1037 575 1200 628 omnia)
1217 575 1293 616 sed
1313 576 1387 616 diu

653 640 847 693 Lateque
868 641 1064 681 victrices
1085 646 1282 690 catervae,

705 705 910 746 Consiliis
926 707 1100 759 juvenis
1122 708 1311 756 revictae,

1734 446 1788 486 20

371 823 428 844 nus
441 815 580 845 armandi
594 816 693 846 securi
708 815 895 846 Amazonum
908 817 984 846 unde
996 815 1141 855 stucxerit,
1163 816 1350 854 investigare
1362 817 1473 852 omisi„·
1498 826 1590 855 neque
1604 817 1704 847 omnia
1717 825 1788 854 cog-

371 856 454 886 nosci
468 860 604 895 possunt.
654 857 767 888 Verum
781 858 835 887 diu
855 858 972 897 lateque
987 858 1126 888 victrices
1141 861 1248 888 turmae
1263 859 1460 889 adolescentis
1473 861 1622 898 superatne
1636 857 1790 888 industria

964 946 1174 958 oooooooooo
1178 947 1197 958 ο

370 1010 404 1040 in
420 1010 459 1041 iis
473 1011 695 1044 suboluisset?
724 1013 851 1044 Wetzel.

371 1051 486 1086 clusa!
505 1054 604 1085 Kidd.
648 1054 734 1084 Vide
761 1055 890 1085 Valart.
915 1055 974 1085 Pr.
991 1063 1043 1085 lv.
1088 1054 1143 1085 lta
1168 1054 1269 1085 etiam
1294 1055 1430 1085 Towers
1452 1060 1487 1085 et
1513 1054 1663 1085 Francis.
1707 1053 1789 1084 Vid.

369 1092 511 1124 Excurs.
528 1095 570 1125 ad
586 1093 617 1126 h.
632 1096 654 1126 l.
678 1096 687 1113 ‘
703 1095 793 1126 Niliil
809 1095 874 1127 fuit
889 1106 948 1127 cur
963 1096 1071 1126 Fabro
1087 1095 1134 1126 ita
1151 1095 1346 1136 displiceret
1362 1101 1468 1127 totum
1485 1095 1578 1134 illud,
1597 1095 1714 1130 Quibus
1727 1104 1790 1125 mos

369 1155 379 1164 .
397 1154 406 1163 .
421 1155 429 1164 .
446 1135 563 1171 'omnim‘
584 1137 688 1167 multo
708 1138 829 1174 minus,
844 1147 903 1167 cnr
919 1142 1062 1178 quatuor
1077 1147 1190 1168 versus
1206 1137 1396 1168 eliminaret
1411 1137 1629 1167 Sanadonns.'
1651 1136 1790 1167 Gem—

367 1176 407 1204 21
431 1175 568 1215 Lips.⁴l.
595 1187 614 1207 a
640 1187 683 1208 m.
708 1187 758 1217 pr.
775 1178 932 1214 ubarnurt5
955 1178 1097 1209 Mentel.
1114 1183 1149 1208 et
1166 1178 1253 1217 Lips.
1266 1180 1296 1208 3.
1314 1179 1489 1214 subarmel;
1513 1178 1602 1217 Lips-
1616 1179 1648 1208 4.
1665 1177 1790 1208 Dextra

366 1215 637 1253 subfirmata—22
661 1218 735 1249 Duo
752 1219 897 1249 Blandd.
912 1220 1060 1258 Cruquii,
1075 1219 1216 1249 Mentel.
1234 1225 1267 1248 et
1284 1219 1374 1257 Lips.
1391 1222 1421 1249 2.
1432 1221 1462 1249 3.
1481 1220 1626 1254 Nesca‘ru
1648 1218 1738 1257 Lips.
1753 1221 1786 1249 4.

369 1255 432 1287 Sed
446 1260 533 1296 scire,
550 1268 624 1289 cum
642 1268 671 1289 v.
687 1260 708 1288 l.
726 1260 792 1289 Nec
806 1260 896 1290 scire.
908 1262 910 1265 '
923 1260 932 1276 ‘
948 1259 986 1289 In
1003 1259 1121 1289 eodem
1138 1267 1235 1288 versu
1251 1267 1308 1288 cur
1325 1259 1413 1298 vulg.
1427 1261 1482 1289 sed
1495 1259 1549 1289 diu
1563 1260 1596 1289 in
1612 1261 1639 1289 et
1656 1259 1708 1289 diu
1722 1268 1793 1289 mu-

368 1298 479 1334 tarim,
495 1300 580 1330 ratio
597 1299 727 1330 reddita
747 1301 780 1330 in
808 1301 947 1330 Excurs.
990 1300 1024 1331 Si
1040 1300 1113 1339 quis
1137 1300 1227 1330 malit
1242 1303 1375 1330 notatos
1392 1299 1563 1330 asteriscis
1579 1307 1694 1330 versus
1709 1299 1790 1330 reti-

367 1348 461 1374 nere,
480 1345 514 1369 et
529 1340 651 1370 habere
668 1350 727 1379 pro
746 1341 936 1371 Horatianis
953 1341 980 1370 is
1004 1341 1095 1379 legat
1109 1341 1162 1370 sed
1177 1349 1236 1379 pro
1251 1339 1306 1370 et!
1327 1340 1503 1371 sant—24
1525 1342 1534 1357 ‘
1549 1340 1587 1370 C.
1603 1340 1632 1378 J’.
1647 1349 1793 1380 repressoe

368 1380 507 1420 antiqua
522 1381 634 1416 lectio,
652 1381 723 1421 jam
749 1381 970 1421 Porphyrioui
986 1380 1209 1422 probsta,qui
1231 1381 1407 1420 ‘repressoe,
1421 1381 1541 1421 inquit,
1563 1389 1604 1412 eo
1628 1380 1788 1422 pertinet,

1002 1463 1141 1495 NOTAE

897 1018 905 1031 ⁸
919 1013 960 1044 In
977 1012 1159 1052 exemplari
1174 1013 1338 1054 quondam
1363 1013 1566 1053 Tayloriano
1589 1012 1718 1043 uncinis
1739 1013 1789 1044 in-

367 1523 498 1555 Drusus
526 1525 654 1557 'riberii
678 1526 821 1557 Neronis
840 1536 880 1558 ac
897 1527 999 1557 Liviae
1015 1525 1052 1556 fi-

366 1573 429 1603 lius
453 1582 552 1604 annos
575 1576 628 1605 23.
648 1579 744 1606 natus
765 1575 903 1606 Rnaetos
918 1585 957 1606 ac
971 1576 1052 1605 Vin-

366 1621 493 1653 delicos
519 1623 733 1662 expugnabat
761 1634 813 1654 an.
840 1624 883 1654 U.
911 1625 949 1655 C.
975 1626 1051 1655 738.

366 1671 491 1701 citatus
514 1671 629 1702 Florus
652 1681 704 1702 ιν.
730 1675 781 1703 12.
805 1672 958 1703 ‘Noricis
984 1673 1051 1703 ani-

365 1727 436 1748 mos
459 1718 583 1749 dabant
606 1719 710 1759 Alpes
734 1725 835 1760 atque
858 1720 964 1758 nives,
988 1730 1052 1761 quo

365 1761 489 1797 bellum
520 1777 583 1798 non
621 1773 734 1808 posset
763 1769 968 1799 ascendere:
993 1769 1049 1800 sed

365 1824 479 1846 omnes
494 1815 578 1846 iliius
604 1816 749 1846 cardinis
774 1818 925 1856 populos,
946 1818 1050 1847 Bren-

365 1872 436 1901 nos,
465 1863 627 1903 Senones,
651 1869 753 1905 atque
776 1865 969 1896 Vindelicos
989 1874 1051 1905 per

365 1912 552 1952 privignum
581 1923 674 1945 suum
708 1914 882 1946 Claudium
905 1915 1049 1945 Drusum

366 1961 583 2001 perpacavitl
636 1963 690 1993 De
706 1973 747 1994 eo
763 1963 809 1993 sic
826 1963 944 1994 scribit
959 1964 1048 1995 Vell.

365 2009 537 2040 Patercul.
553 2020 591 2042 ιι.
607 2014 659 2043 97.
684 2011 693 2027 ⁴
707 2012 796 2043 Cura
811 2012 932 2043 deinde
948 2017 1048 2053 atque

365 2067 447 2088 onus
463 2059 655 2091 Germanici
675 2061 752 2091 belli
770 2061 924 2102 delegata
938 2063 1049 2093 Druso

364 2108 518 2147 Claudio,
541 2107 637 2139 fratri
665 2109 821 2145 Neronis,
846 2110 1050 2142 adolescenti

365 2161 419 2188 tot
449 2162 682 2198 tantarumque
707 2159 881 2197 virtutum,
906 2163 988 2199 quot
1014 2164 1050 2190 et

364 2211 503 2249 quantas
530 2212 648 2238 natura
670 2208 818 2238 mortalis
841 2208 974 2248 recipit,
998 2208 1051 2239 vel

364 2255 529 2287 industria
555 2256 722 2296 percipit:
757 2257 851 2296 cnjus
881 2257 1048 2296 ingenium

365 2308 476 2335 utrum
494 2305 574 2335 belli
590 2306 693 2345 magis
709 2305 880 2346 operibus,
903 2314 944 2335 au
968 2305 1050 2336 civi·

364 2351 450 2384 libus
465 2352 635 2384 suffecerit
648 2354 789 2392 artibus,
799 2353 830 2384 in
846 2354 974 2385 incerto
989 2359 1050 2386 est.

364 2401 499 2432 Morum
515 2406 607 2433 certe
623 2402 765 2434 dulcedo
780 2407 816 2433 et
829 2403 988 2443 suavitas,
1001 2407 1049 2434 at-

364 2459 429 2490 que
445 2450 602 2482 adversus
625 2451 748 2482 amicos
765 2460 859 2492 aequa
874 2455 908 2482 et
924 2460 983 2491 par
997 2451 1049 2482 sui

366 2500 545 2531 aestimatio
570 2499 776 2531 inimitabilis
795 2498 898 2531 fuisse
914 2500 1047 2531 dicitur.

365 2548 588 2580 Pulchritudo
617 2549 684 2580 oris
714 2549 864 2590 proxima
887 2548 1046 2580 fraternae

365 2595 439 2628 fuit.
481 2598 548 2628 Sed
572 2600 663 2630 illum
687 2607 804 2639 magna
819 2607 861 2629 ex
879 2603 976 2639 parte
992 2599 1047 2630 do-

365 2644 520 2676 mitorem
531 2645 721 2679 Germaniae
735 2668 744 2678 .
758 2668 767 2678 .
783 2669 790 2677 .
803 2669 810 2678 .
827 2646 973 2679 satorum
987 2648 1046 2678 ini-

366 2693 475 2733 quitas
508 2694 698 2733 Consulem,
734 2705 854 2727 annum
891 2701 1046 2736 agentem

366 2741 581 2783 tricesimum,
596 2743 732 2784 rapuit.’

1148 1528 1188 1556 19
1212 1526 1284 1556 Mos
1313 1527 1390 1557 unde
1415 1527 1573 1567 deductus,
1599 1526 1666 1566 ξι]
1704 1525 1790 1558 Haec

1105 1574 1242 1605 ironiam
1269 1584 1348 1606 sane
1373 1575 1547 1606 continent
1570 1575 1603 1605 in
1627 1574 1789 1616 quosdam

1105 1632 1146 1654 eo
1162 1627 1315 1663 tempore
1341 1623 1383 1654 de
1400 1624 1493 1663 nugis
1508 1623 1666 1663 ejusmodi
1683 1623 1789 1655 acrius

1105 1677 1140 1702 et
1153 1681 1326 1712 perperam
1343 1673 1564 1713 disputantes.
1611 1673 1697 1704 Nam
1711 1671 1793 1703 ulio-

1103 1720 1158 1760 qui
1181 1729 1246 1751 non
1273 1726 1324 1751 est
1352 1721 1527 1752 obscurum
1547 1725 1605 1752 aut
1626 1721 1723 1753 valde
1739 1722 1787 1752 in-

1104 1774 1247 1810 certum,
1281 1771 1416 1802 Rhaetos
1452 1775 1487 1801 et
1517 1770 1710 1802 Vindelicos
1746 1771 1788 1802 ab

1103 1817 1328 1850 Amazonibus
1351 1819 1527 1857 oriundos3
1552 1823 1653 1861 atque
1678 1820 1719 1851 ab
1738 1819 1788 1850 his

1102 1867 1268 1907 Scythicis
1296 1868 1487 1899 mulieribus
1518 1869 1690 1908 accepisse
1719 1878 1789 1900 rno-

1103 1916 1275 1946 remilium
1294 1925 1353 1955 pro
1364 1916 1462 1947 armis
1477 1918 1617 1947 securim
1633 1917 1788 1950 habendi.

1143 1967 1184 1995 20
1206 1964 1389 2005 Amazonia]
1432 1966 1552 1996 Strabo
1587 1966 1645 1996 lib.
1673 1975 1714 1998 11.
1744 1966 1787 1998 de

1102 2011 1324 2044 Amazonibus
1346 2013 1413 2044 fide
1434 2014 1559 2054 majora
1575 2013 1707 2054 referri,
1729 2015 1788 2048 ait.

1102 2061 1190 2092 Vide
1205 2062 1331 2094 Justin.
1345 2062 1402 2094 lib.
1417 2071 1458 2094 ιι.
1483 2063 1581 2094 Oros.
1598 2072 1624 2094 1.
1642 2067 1694 2095 15.
1709 2074 1788 2096 nec-

1102 2119 1167 2141 non
1184 2111 1350 2142 eruditam
1365 2111 1630 2143 dissertationem
1646 2122 1704 2144 seu
1719 2113 1788 2144 dis-

1103 2160 1314 2200 quisitionem
1330 2160 1372 2191 de
1390 2160 1614 2192 Amazonibus
1627 2162 1787 2202 scriptam

1103 2218 1122 2239 a
1148 2209 1254 2239 Petro
1277 2209 1405 2245 Petito,
1432 2209 1502 2240 viro
1525 2219 1590 2240 non
1605 2209 1786 2242 Medicinae

1102 2258 1219 2295 solum,
1234 2256 1292 2287 sed
1318 2266 1428 2288 rerum
1448 2258 1593 2289 omnium
1608 2258 1787 2290 scientissi-

1102 2316 1169 2346 mo,
1185 2317 1292 2347 nuper
1312 2307 1452 2339 editam.

1143 2356 1264 2397 Securi]
1288 2357 1372 2388 Haec
1387 2355 1515 2397 σάγαρις
1528 2357 1622 2388 dicta
1633 2358 1766 2398 proprie
1775 2371 1785 2398 ;

1101 2405 1256 2446 Xenoph.
1271 2405 1401 2437 πέλεκύς
1413 2405 1602 2445 μονόστομος
1625 2412 1711 2447 erat,
1725 2417 1785 2439 seu

1102 2453 1234 2485 unicum
1264 2454 1389 2486 habens
1418 2454 1529 2493 στόμα,
1559 2465 1625 2486 una
1654 2461 1783 2488 tantum

1101 2508 1196 2542 parte
1212 2511 1347 2542 secans;
1369 2509 1488 2535 contra
1504 2504 1655 2544 bipennis
1669 2505 1785 2536 utrim-

1101 2561 1175 2591 que.
1200 2551 1348 2592 Hesych.

1141 2603 1182 2631 22
1204 2601 1272 2631 Diu
1300 2600 1434 2641 Lateque
1468 2602 1608 2634 victrices
1639 2603 1785 2644 catervoe]

1100 2649 1213 2680 Rliaeti
1229 2650 1349 2689 saepius
1365 2655 1465 2681 antea
1480 2652 1633 2683 victores.
1663 2652 1784 2692 Strabo

1100 2698 1157 2727 lib.
1183 2707 1233 2729 ιν.
1261 2698 1349 2730 Flor.
1378 2703 1414 2730 et
1436 2700 1522 2732 Veli.
1546 2700 1679 2733 Patere.
1707 2706 1784 2733 ante

1101 2746 1206 2778 citati.
