1890 3256
305 277 414 319 1146

764 290 808 326 Q.
838 288 1041 318 HORATIl
1078 287 1247 317 FLAcm

777 437 1080 480 EPISTOLA
1110 438 1255 480 XIII.

736 546 801 574 AD
835 546 1015 575 VINIUM
1049 546 1291 576 ASELLAM.

306 620 418 651 Docet
432 620 571 652 amicum
585 621 860 662 quemadmodum
874 621 954 652 velit
971 621 1118 652 carmina
1133 630 1192 651 sua
1208 620 1359 661 Augusto
1377 620 1475 652 tradi.
1498 620 1598 652 Baxt.
1619 618 1719 651 Vinio

347 672 484 711 Asellae,
499 674 553 714 qui
571 674 703 705 videtur
724 674 866 704 rusticus
882 674 1020 704 Sabinus
1041 677 1076 704 et
1099 673 1289 704 tabellarius
1313 673 1425 710 fuisse,
1441 672 1588 711 mandat,
1605 681 1718 712 quem-

347 724 522 754 admodum
538 726 665 764 scripta
686 725 797 756 tradat
812 725 975 765 Augusto.
1017 725 1101 755 Tota
1117 724 1267 764 Epistola
1282 729 1333 756 est
1350 725 1480 764 jocosa,
1492 734 1566 765 quae
1585 724 1670 754 ludit
1685 723 1718 753 in

346 775 478 806 nomine
494 775 627 807 Asellae.

306 847 379 887 UT
398 848 740 901 proficiscentem
761 849 890 890 docui
910 853 952 890 te
973 862 1092 902 saepe
1115 850 1292 903 diuque,

305 913 509 965 Augusto
529 914 682 955 reddes
699 916 870 968 signata
889 916 1122 966 volumina,
1142 915 1263 965 Vini,

306 978 354 1018 Si
376 979 560 1028 validus,
581 980 621 1019 si
639 980 763 1019 laetus
782 980 876 1028 erit,
893 980 931 1019 si
951 980 1132 1034 denique
1151 983 1331 1032 poscet3

307 1042 376 1082 Ne
396 1043 542 1084 studio
558 1045 690 1085 nostri
710 1057 882 1097 pecces,
902 1044 1132 1098 odiumque
1153 1045 1318 1085 libellis

347 1161 603 1194 Quemadmodum
623 1173 681 1194 non
699 1164 791 1194 semel
809 1173 862 1194 nec
883 1164 987 1204 paucis
1011 1164 1154 1194 admonui
1179 1167 1209 1194 te
1230 1163 1440 1199 discedentem,
1455 1171 1472 1193 ο
1491 1162 1565 1194 Vini
1576 1172 1588 1199 ‚·
1609 1161 1722 1202 offeres

308 1202 424 1233 Coesarz·
436 1203 530 1233 libros
542 1214 621 1235 meos
634 1205 736 1244 sigillo
749 1206 877 1245 clausos,
890 1205 918 1235 si
929 1206 1050 1245 quidem
1062 1205 1133 1236 bene
1147 1205 1258 1243 valeat,
1271 1205 1300 1235 si
1312 1204 1404 1235 hilari
1417 1205 1460 1235 eit
1473 1203 1587 1242 animo,
1600 1205 1722 1235 landem

305 1243 334 1273 si
344 1248 441 1283 petat.
487 1245 569 1276 Cave
589 1255 627 1278 ne
649 1256 731 1278 erres
753 1256 809 1287 per
829 1247 956 1278 nimium
981 1256 1055 1286 erga
1075 1256 1129 1277 nos
1150 1245 1294 1287 affectum
1305 1255 1317 1283 ,-
1337 1249 1426 1286 atque
1440 1245 1588 1277 invidiam
1599 1244 1723 1284 aripti·

900 1339 957 1353 eu

345 1401 498 1442 Epistola
513 1406 634 1434 octava
651 1403 743 1435 Libri
760 1403 896 1435 secundi
921 1404 953 1435 in
980 1404 1042 1436 Ed.
1064 1403 1186 1435 Sanad.
1214 1402 1267 1435 Ad
1286 1402 1431 1434 Vinnium
1448 1402 1547 1442 vulgo
1567 1401 1720 1434 inscribi-

306 1447 381 1473 tur:
404 1444 517 1475 Bentl.
540 1445 591 1475 Ad
611 1445 756 1481 Vinium;
779 1455 842 1476 non
869 1451 981 1476 tamen
1009 1451 1085 1485 post
1110 1445 1165 1477 ed.
1188 1445 1312 1476 Venet.
1340 1447 1431 1475 1492.
1453 1448 1492 1475 ut
1515 1443 1601 1474 male
1622 1448 1723 1474 notat

306 1484 449 1524 euning.
475 1484 586 1516 Anim.
613 1496 687 1526 cap.
702 1496 781 1518 vm.
808 1497 840 1527 p.
859 1489 975 1518 76,-2
997 1488 1138 1526 Augusto
1164 1487 1273 1517 reddas
1295 1486 1389 1516 Vatt.
1403 1488 1478 1516 (1.9.
1506 1484 1602 1516 Υἱιυιί
1622 1485 1721 1524 vulgo

305 1531 382 1556 ante
408 1527 584 1559 Bentl.—3
608 1528 752 1559 Chisian.
769 1531 799 1560 1.
820 1529 849 1560 εἰ
872 1529 1000 1569 denique
1020 1528 1193 1569 poscite-4
1216 1529 1283 1558 Nec
1296 1526 1396 1558 studio
1413 1526 1508 1558 Vatt.
1521 1529 1554 1558 2.
1570 1528 1622 1560 19.
1643 1526 1723 1557 Vat.

945 1622 1085 1655 NOTAE

348 1686 364 1713 1
393 1683 436 1713 Ut
456 1683 711 1725 proficiscentem]
731 1685 864 1726 Scripto
888 1685 991 1718 iterat
1042 1686 1122 1717 Vet.
1138 1686 1324 1717 Comment-

306 1733 468 1763 Horatius
494 1733 651 1765 mandata
674 1735 773 1766 verbo
796 1739 874 1766 ante
899 1745 989 1766 com-

306 1781 405 1812 missa
425 1782 524 1812 Vinio
547 1792 606 1813 suo
630 1785 681 1814 vel
705 1784 856 1816 ministro
871 1785 922 1815 vel
939 1783 989 1815 fa·

306 1829 437 1862 miliari.
483 1831 564 1862 Ruri
578 1836 647 1863 tum
663 1831 766 1864 fuisse
783 1834 874 1866 illum
890 1834 988 1864 intel·

306 1879 449 1918 ligimus.

349 1926 438 1965 Saepe
457 1928 580 1966 diuque]
604 1930 748 1968 Nempe,
773 1933 811 1959 ut
835 1929 876 1959 ad
903 1930 987 1960 Bru-

307 1981 375 2007 tum
407 1977 513 2016 Epist.
544 1986 585 2007 ιι.
618 1981 666 2008 16.
696 1978 813 2008 scribit
842 1979 987 2009 Cicero:

305 2026 510 2066 ‘Permagni
546 2027 703 2064 interest,
737 2036 802 2067 quo
836 2031 988 2066 tempore

307 2075 459 2115 Epistola
488 2074 659 2105 reddatur.
716 2075 803 2106 Nam
831 2074 990 2116 quemad·

307 2124 440 2156 modum
455 2124 509 2164 qui
533 2124 574 2154 ad
596 2133 654 2154 nos
677 2125 912 2164 intempestive
933 2125 989 2155 ad-

308 2178 401 2211 eunt,
416 2173 548 2203 molesti
564 2183 651 2212 saept·
674 2179 772 2211 sunt;
795 2173 842 2204 sic
858 2173 989 2213 Episto-

308 2222 350 2253 1ae
365 2220 539 2252 offendunt
554 2231 616 2252 non
633 2223 706 2253 loco
720 2222 885 2253 redditael

350 2273 371 2301 2
399 2270 530 2309 Signata
559 2271 723 2311 volumina]
767 2271 907 2311 AEquum
938 2274 990 2301 est

309 2320 396 2350 enim
425 2324 462 2349 ut
491 2312 595 2359 primo
629 2320 678 2350 rei
712 2319 820 2350 missae
850 2324 989 2360 aspectu

308 2367 440 2399 fruatur
464 2368 518 2398 ille
540 2368 582 2399 ad
604 2377 701 2409 quem
723 2368 879 2405 mittitur,
904 2377 990 2408 prae·

310 2418 425 2448 sertim
442 2417 467 2448 ai
485 2417 532 2447 vir
551 2418 596 2448 sit
620 2417 804 2457 primarius.
848 2416 946 2450 Quod
962 2416 990 2446 si

308 2467 381 2509 quis
398 2468 594 2507 praeripemt
609 2473 666 2498 aut
683 2477 744 2507 per
754 2468 913 2498 incuriam
930 2467 989 2498 im·

310 2519 551 2559 probitatemve
565 2518 688 2549 librarii
698 2517 747 2548 vel
763 2516 931 2548 tabellarii
942 2517 991 2547 in·

312 2567 502 2607 tert-iperet,
524 2576 643 2599 munus
658 2567 723 2598 vile
743 2572 778 2597 et
794 2576 924 2606 pessum
941 2566 990 2597 ire

314 2616 525 2647 censendum.

359 2664 534 2705 Volumina]
555 2664 645 2696 Gall.
666 2674 707 2695 un
731 2665 853 2695 rouleau
876 2665 912 2695 de
935 2674 988 2704 pa-

311 2713 406 2753 pier-³.

361 2762 447 2802 Vini]
474 2763 506 2794 Is
524 2764 562 2794 C.
579 2763 697 2794 Vinius
720 2763 844 2797 Fronto
867 2761 991 2792 dicitur

1082 1738 1101 1766 3
1124 1735 1163 1766 Si
1189 1735 1320 1774 calidus,
1342 1733 1370 1765 si
1396 1733 1483 1764 lam
1509 1732 1584 1773 erit]
1611 1731 1722 1763 Cicer.

1041 1795 1117 1817 mox
1131 1785 1189 1816 cit.
1205 1790 1213 1802 ⁸
1228 1783 1381 1824 l’raecepi
1394 1783 1426 1814 ei
1441 1791 1540 1823 quem
1555 1781 1598 1813 ad
1614 1786 1648 1812 te
1662 1781 1722 1811 mi-

1038 1835 1079 1873 si,
1090 1839 1127 1864 ut
1140 1840 1270 1874 tempus
1285 1833 1477 1864 observaret
1487 1829 1648 1869 Epistolae
1661 1827 1724 1860 tibi

1040 1881 1219 1912 reddendae
1232 1903 1240 1912 .
1251 1902 1260 1912 .
1274 1902 1281 1910 .
1295 1885 1403 1910 utrum
1437 1886 1512 1908 cum
1540 1875 1723 1908 solicitudi-

1040 1932 1092 1960 nis
1114 1928 1235 1968 aliquid
1255 1928 1406 1961 haberes,
1423 1936 1463 1957 an
1479 1936 1554 1957 cum
1577 1926 1619 1957 ab
1634 1928 1721 1958 omni

1040 1977 1193 2007 molestia
1221 1985 1342 2006 vacuus
1373 1974 1482 2005 es-sesss
1530 1975 1655 2006 Noster
1682 1985 1724 2007 u.

1040 2025 1111 2055 Sat.
1141 2027 1169 2055 l.
1199 2027 1250 2055 18.
1284 2024 1294 2042 ‘
1311 2023 1385 2056 Nisi
1413 2023 1532 2054 dextro
1560 2029 1722 2064 tempore,

1043 2073 1154 2104 Flacci
1170 2072 1282 2104 Verba
1297 2082 1357 2113 pet·
1371 2077 1534 2104 attentam
1550 2082 1614 2104 non
1627 2073 1724 2105 ibunt

1043 2122 1184 2154 Caesaris
1199 2121 1336 2153 aurem!

1083 2171 1120 2202 Si
1133 2172 1261 2211 denique
1269 2170 1387 2211 poscet]
1404 2171 1493 2203 Hinc
1508 2177 1652 2213 apparet
1665 2183 1722 2204 ex-

1041 2220 1149 2260 petita
1165 2220 1207 2250 ab
1225 2219 1374 2259 Augusto
1390 2219 1493 2252 fuisse
1511 2231 1550 2252 ea
1564 2222 1724 2261 cai-mina,

1042 2279 1115 2311 qnae
1138 2269 1300 2301 Horatius
1321 2279 1382 2310 per
1398 2271 1532 2301 Vinium
1556 2272 1722 2304 mittebat.

1043 2319 1163 2359 Itaque
1175 2318 1312 2349 mandat
1326 2319 1437 2357 Vinio,
1453 2324 1490 2349 ut
1505 2320 1603 2350 sistat
1615 2329 1651 2350 se
1665 2320 1724 2352 de-

1041 2373 1158 2399 center
1179 2377 1290 2399 coram
1311 2367 1480 2407 Principe,
1494 2372 1722 2409 expectetque

1042 2418 1177 2457 paulum
1205 2416 1279 2447 dum
1307 2425 1366 2447 suo
1401 2417 1533 2447 nomine
1563 2418 1722 2448 saltuatim

1042 2466 1155 2498 Caesar
1177 2466 1265 2497 ultro
1281 2469 1419 2505 quaerat,
1439 2474 1517 2495 num
1540 2465 1582 2496 ab
1598 2475 1637 2497 eo
1655 2467 1723 2498 sint

1040 2515 1152 2546 delata
1167 2524 1240 2556 quae
1255 2518 1467 2553 poposcerat.

1082 2568 1103 2596 4
1120 2565 1171 2595 Ne
1183 2564 1280 2595 studio
1295 2564 1393 2594 nostri
1405 2572 1520 2602 pecces,
1533 2564 1600 2604 εμπ]
1623 2563 1723 2596 Quis-

1041 2614 1114 2654 quis
1140 2613 1191 2644 vel
1216 2621 1280 2642 non
1307 2617 1509 2651 opportune,
1529 2612 1582 2642 vel
1608 2613 1724 2652 inepte

1043 2671 1111 2692 rem
1126 2661 1271 2699 molitur,
1289 2661 1412 2700 perdit.
1443 2660 1611 2691 Pindarus
1627 2670 1723 2700 egre·

1044 2712 1097 2750 gie
1116 2711 1213 2750 Pyth.
1230 2710 1297 2740 Od.
1310 2719 1363 2741 lx.
1394 2710 1429 2740 ‘O
1444 2709 1476 2740 δὲ
1492 2709 1592 2750 καιρὸς
1606 2710 1723 2742 Παντὸς

1045 2759 1111 2798 ἔχει
1134 2758 1278 2799 κορυφάν.
1318 2761 1538 2799 Opportunitas
1562 2761 1660 2792 omnis
1678 2762 1725 2792 rei
