1930 3242
383 270 467 312 922

844 283 885 319 Q.
918 278 1124 310 HORATH
1159 277 1330 307 FhAccl

383 371 664 425 Famosisque
685 373 810 423 Lupo
833 373 1038 420 cooperto
1060 367 1286 408 versibus?
1345 367 1483 421 Atqui

383 437 599 478 Primores
619 436 766 489 populi
786 433 966 485 arripuit
985 433 1283 485 populumque
1302 434 1488 474 tributim
1507 448 1519 486 3

382 501 560 543 Scilicet
579 501 652 541 uni
673 510 825 551 aequus
842 498 987 537 virtuti
1006 503 1139 548 atque
1157 497 1249 549 ejus
1267 499 1434 539 amicis.

1738 500 1792 540 '70

383 566 498 616 Quin
518 567 588 606 ubi
611 577 658 605 se
679 577 706 604 a
727 563 854 613 vulgo
874 565 918 602 et
938 574 1066 602 scena
1087 563 1130 602 in
1151 566 1317 602 secreta
1337 566 1550 603 remorant

381 631 530 671 Virtus
548 627 765 680 Scipiadae
787 631 830 667 et
850 626 965 667 mitis
986 626 1198 678 sapientia
1220 627 1327 668 Laeli
1345 641 1355 678 ;

382 694 544 746 Nugari
566 705 662 733 cum
682 693 771 741 illo,
791 696 833 732 et
853 691 1050 732 discincti
1068 691 1227 741 ludere,
1248 691 1386 733 donec

380 761 704 811 Decoqueretur
723 758 835 806 olus,
855 758 989 798 soliti.

1046 756 1265 810 Quicquid
1285 771 1380 798 sum
1399 771 1493 810 ego,
1513 761 1713 812 quamvis

379 823 499 863 Infra
517 823 661 864 Lucili
678 835 856 863 censum
877 823 1186 874 ingeniumque,
1206 828 1350 863 tamen
1369 836 1437 864 me

1737 825 1792 865 75

375 942 448 973 pum
462 932 594 964 carmine
607 932 704 964 dicaci
721 933 919 973 proscissum?
961 932 1106 964 Attamen
1125 933 1177 964 ille
1198 933 1363 965 insectatus
1383 938 1449 966 erat
1471 934 1573 974 populi
1592 935 1739 974 primates
1762 940 1794 967 et

375 976 514 1013 singulus
526 975 636 1009 mbas,
650 975 708 1005 noli
726 975 870 1005 nimirum
885 974 996 1005 virtuti
1010 975 1128 1014 ejusque
1143 975 1288 1005 studiosis
1312 985 1449 1014 parcens.
1495 976 1591 1006 Immo
1605 985 1675 1006 vero
1689 986 1757 1007 cum
1771 988 1790 1008 a

375 1017 494 1056 publico
508 1018 537 1046 el
553 1015 727 1055 spectaculis
748 1016 782 1046 in
802 1016 957 1055 privatum
970 1018 1153 1046 secesserant
1170 1015 1269 1052 sortis
1290 1015 1394 1055 Scipio
1409 1019 1440 1046 et
1453 1016 1573 1055 sapiens
1593 1016 1794 1058 benignusque

377 1057 504 1095 Laelius,
519 1066 587 1087 cum
601 1056 720 1087 Lucilio
734 1057 846 1095 nugari
859 1059 1074 1087 consueverant
1090 1059 1121 1086 et
1144 1056 1236 1087 libere
1249 1056 1364 1096 jocari,
1379 1059 1452 1087 dum
1466 1056 1568 1087 herba
1581 1061 1790 1097 coquerentur.

378 1099 486 1133 Qualis
499 1098 596 1138 qualis
609 1107 664 1138 ego
677 1107 756 1137 sum,
777 1098 899 1129 tametsi
919 1097 1036 1128 Lucilio
1051 1096 1179 1134 inferior
1197 1097 1304 1137 opibus
1322 1102 1353 1128 et
1373 1097 1510 1136 ingenio,
1531 1107 1599 1128 cum
1619 1099 1792 1138 procer-ibae

965 1178 1197 1191 MNJ‘OOOO

376 1231 471 1263 Harl.
487 1235 518 1264 3.
533 1235 565 1264 4.
581 1236 612 1264 6.
634 1233 758 1264 Vener.
774 1234 869 1263 1559.
891 1231 1051 1263 Glareau.
1066 1235 1100 1262 et
1115 1230 1232 1262 Lamb.
1246 1240 1319 1262 num
1333 1231 1457 1267 Laelius,
1471 1234 1524 1262 aut
1537 1230 1682 1271 qui—69
1696 1231 1792 1262 Lam·
1831 1215 1834 1217 “

375 1273 470 1306 binus
496 1284 514 1306 e
541 1275 637 1306 codd.
657 1275 856 1315 populumque
878 1273 1046 1309 tributum
1069 1276 1104 1304 et
1119 1273 1360 1313 interpretatur
1380 1272 1532 1314 ‘plebem
1546 1271 1714 1313 infimam,'
1731 1280 1792 1303 seu

1015 1367 1156 1401 NOTAE

373 1435 490 1471 postea
500 1431 659 1462 Metellus
671 1431 867 1463 Numidicus
878 1430 1056 1471 Jugurthae

373 1488 413 1509 ac
429 1479 647 1510 Numidarum
665 1480 832 1519 triumpho
847 1480 968 1519 clarus,
983 1479 1055 1511 Sci-

372 1528 479 1567 pionis
505 1528 640 1558 aemulus
661 1527 737 1559 fuit.
782 1529 888 1560 Quem
910 1527 1055 1558 Lucilius

372 1575 532 1614 petiverit
559 1575 746 1615 Scipionem
780 1576 920 1605 amicum
952 1575 1054 1614 ultus,

371 1622 457 1653 haud
473 1626 616 1654 constat.
646 1623 734 1654 Vide
749 1623 823 1654 Val.
839 1623 932 1654 Max.
949 1632 1013 1654 vn.
1025 1626 1055 1655 1.

372 1675 409 1702 et
424 1679 494 1711 seq.
520 1671 608 1701 Plin.
624 1680 689 1703 vn.
702 1674 754 1702 43.
772 1676 808 1702 et
821 1674 876 1703 44.

413 1721 455 1750 68
477 1719 577 1760 Lupo]
598 1720 684 1751 Pub.
707 1720 851 1751 Rutilius
867 1721 980 1762 Lupus
996 1721 1056 1751 im-

371 1766 508 1807 pietatis
519 1769 618 1799 etiam
630 1770 804 1800 arcessitus
815 1779 834 1800 a
848 1770 973 1801 Lucilio
984 1770 1055 1801 istis

371 1817 542 1847 versibus:
566 1821 575 1835 ⁴
592 1818 627 1849 Si
643 1819 769 1858 Lupus,
785 1823 843 1850 aut
858 1819 980 1858 Carbo,
997 1824 1055 1850 aut

371 1864 524 1904 Neptuni
552 1865 632 1896 filiu'
655 1866 758 1896 Divos
784 1867 868 1897 Esse
894 1871 1056 1906 putasset,

371 1917 440 1944 tam
468 1913 587 1953 impius
616 1917 674 1944 ant
710 1914 860 1954 perjuru’
895 1914 1052 1946 fuisseti'

369 1961 456 1992 Vide
472 1962 582 1993 (ticet.
597 1962 638 1992 de
655 1963 735 1994 Nat.
753 1963 794 1995 D.
809 1972 835 1995 1.
853 1973 884 1994 n.
900 1966 954 1996 63.
981 1964 1051 1995 Ru-

371 2010 462 2041 tilius
477 2011 539 2042 iste
556 2011 667 2051 Lupus
681 2012 836 2052 neglecta
851 2011 1052 2052 Aruspicum

370 2059 634 2098 obnuntiatione,
649 2059 807 2091 adversus
821 2061 952 2092 Marsos
969 2071 1052 2102 pug-

369 2115 462 2145 nans,
479 2107 550 2147 ipse
573 2116 648 2138 cum
670 2109 820 2139 exercitu
843 2110 1052 2141 contrucida-

370 2159 424 2186 tus
439 2160 500 2187 est.

409 2206 451 2235 69
474 2204 629 2236 Primores
649 2207 765 2246 populi,
786 2206 855 2247 θα]
880 2207 1052 2244 Consules,

369 2252 553 2285 Praetores.

413 2301 580 2342 Tributim]
604 2303 656 2333 De
673 2303 758 2343 Pop.
773 2304 870 2334 Rom.
892 2304 925 2334 in
946 2304 1051 2336 tribus

369 2351 422 2380 35.
446 2349 554 2381 diviso
576 2350 648 2381 Liv.
664 2353 729 2381 &c-
761 2352 833 2383 Cic.
857 2352 890 2382 in
909 2353 1050 2384 Verrem

368 2406 425 2429 ιιι.
437 2406 470 2428 n.
481 2401 530 2429 14.
544 2399 554 2415 ‘
570 2398 718 2430 Credent
730 2409 844 2431 omnes
859 2401 1004 2441 quinque
1016 2406 1052 2432 et

367 2446 507 2486 triginta
519 2447 638 2477 Tribus
653 2448 774 2478 homini
789 2449 1005 2489 gravissimo.’

408 2497 450 2526 73
481 2495 649 2535 Discincti]
684 2497 808 2528 Solutis
838 2498 984 2530 vestibus
1015 2503 1051 2530 et

368 2545 485 2576 animis
502 2544 543 2575 ab
559 2545 647 2575 omni
662 2553 751 2576 cura.

409 2593 544 2633 Ludere]
559 2593 631 2624 Cic.
645 2592 687 2624 de
699 2593 796 2625 Orat.
808 2603 847 2626 ιι.
872 2594 927 2626 Ita
939 2595 1051 2627 Catul-

366 2641 418 2671 lus
442 2642 608 2682 loquitur:
632 2642 751 2683 ‘Saepe
777 2653 818 2673 ex
839 2653 956 2675 socero
975 2654 1050 2676 meo

366 2689 476 2720 audivi
494 2700 568 2721 cum
594 2691 621 2721 is
637 2690 764 2722 diceret
785 2701 936 2723 socerum
957 2703 1050 2723 suum

367 2737 505 2770 Laeliurn
535 2747 668 2779 semper
696 2738 767 2771 fere
793 2749 866 2771 cum
891 2740 1048 2780 Scipione

1109 1430 1242 1461 solitum
1257 1429 1410 1461 rusticari
1424 1439 1432 1460 ε
1456 1437 1578 1470 eosque
1595 1427 1796 1460 incredibili-

1110 1483 1163 1510 ter
1178 1486 1413 1518 repuerascere
1428 1486 1500 1508 esse
1511 1477 1638 1515 solitos,
1648 1485 1722 1508 cum
1735 1485 1789 1508 rus

1109 1536 1151 1558 ex
1167 1527 1247 1558 urbe
1268 1531 1424 1568 tanquam
1443 1535 1462 1557 e
1479 1526 1617 1558 vinculis
1631 1526 1790 1557 evolavis-

1109 1579 1196 1606 sent.
1239 1575 1316 1606 Non
1339 1575 1446 1606 audeo
1462 1575 1575 1606 dicere
1598 1573 1641 1605 de
1668 1574 1790 1604 talibus

1108 1623 1207 1661 viris;
1243 1622 1302 1654 sed
1331 1628 1443 1654 tamen
1470 1623 1519 1654 ita
1547 1624 1631 1654 solet
1658 1631 1792 1653 narrare

1105 1670 1270 1710 Scaevola,
1285 1672 1427 1702 conchas
1442 1680 1500 1702 eos
1515 1674 1550 1702 et
1564 1669 1734 1702 umbilicos
1749 1670 1791 1701 ad

1107 1719 1258 1760 cajetam
1271 1724 1306 1750 et
1320 1720 1361 1751 ad
1376 1720 1578 1751 Laurentum
1591 1719 1703 1759 legere
1714 1727 1791 1750 con-

1107 1777 1233 1808 suesse,
1248 1773 1283 1799 et
1298 1768 1339 1799 ad
1357 1778 1487 1800 omnem
1507 1768 1605 1800 animi
1627 1766 1790 1798 remissio·

1106 1825 1194 1856 nem,
1217 1816 1395 1857 ludumque
1418 1814 1649 1847 descendere!
1682 1814 1789 1845 Vetus

1105 1865 1293 1896 Commeat.
1317 1865 1351 1895 in
1372 1866 1459 1896 hunc
1477 1865 1586 1896 locum
1601 1864 1649 1895 sic
1666 1863 1789 1895 babet:

1103 1912 1217 1952 Scipio
1234 1912 1412 1944 Africanus
1437 1917 1472 1944 et
1494 1913 1616 1945 Laelius
1637 1911 1791 1944 feruntur

1104 1967 1171 1994 tam
1191 1962 1293 1994 fuisse
1317 1963 1496 1994 familiares
1517 1968 1551 1994 et
1574 1963 1670 1994 amici
1694 1962 1790 1994 Luci-

1104 2013 1161 2052 lio,
1176 2017 1214 2044 ut
1225 2014 1366 2054 quodam
1382 2018 1534 2054 tempore
1551 2013 1656 2044 Laelio
1666 2012 1790 2044 circum

1103 2062 1209 2093 lectos
1233 2062 1371 2093 triclinii
1399 2062 1543 2102 fugienti
1565 2061 1711 2093 Lucilius
1735 2071 1788 2092 su-

1106 2111 1316 2151 perveniens,
1326 2120 1399 2141 eum
1412 2112 1547 2142 obtorta
1560 2120 1682 2152 mappa
1694 2111 1788 2152 quusi

1105 2159 1263 2191 feriturus
1279 2165 1490 2200 sequeretur.

1146 2208 1253 2239 Donec
1266 2209 1493 2248 Decoqueretur
1506 2208 1587 2248 olus]
1622 2209 1708 2239 Dum
1729 2217 1789 2248 pu·

1105 2257 1243 2288 robatur
1265 2266 1360 2287 coena
1384 2256 1523 2296 frugalis
1551 2266 1592 2286 ex
1618 2255 1784 2293 oleribus;

1104 2306 1232 2345 exlege
1247 2304 1399 2335 nimirum
1415 2305 1691 2344 sumtuaria,quae
1707 2307 1786 2335 tunc

1103 2353 1250 2393 vigebat.
1266 2352 1341 2383 vide
1359 2351 1398 2382 A.
1415 2352 1504 2383 Gen.
1519 2361 1558 2384 11.
1573 2354 1625 2383 24.
1652 2351 1653 2354 ’

1144 2404 1184 2433 74
1211 2401 1302 2440 Olus]
1325 2400 1461 2438 Malvae,
1490 2400 1590 2438 betae,
1618 2400 1785 2435 helveilae.

1103 2449 1209 2491 fungi,
1223 2450 1371 2490 aliaque3
1392 2458 1464 2489 qnae
1482 2449 1614 2489 quidem
1637 2449 1686 2480 ita
1708 2459 1784 2480 con-

1103 2498 1253 2537 diebant,
1266 2502 1302 2528 nt
1323 2497 1404 2527 nihil
1427 2502 1517 2528 esset
1533 2497 1679 2536 suavius,
1696 2502 1784 2529 teste

1105 2547 1175 2578 Cic.
1190 2547 1296 2587 Epist.
1310 2555 1375 2576 vn.
1386 2549 1438 2577 26.
1456 2546 1510 2577 ubi
1523 2547 1622 2578 etiam
1638 2546 1680 2578 de
1697 2547 1785 2588 seip-

1103 2605 1140 2626 so
1156 2597 1204 2626 ita
1219 2595 1333 2626 scribit
1348 2605 1356 2625 :
1371 2595 1380 2612 ‘
1393 2595 1448 2635 qui
1464 2605 1516 2625 me
1530 2596 1648 2627 ostreis
1663 2601 1698 2629 et
1713 2606 1783 2629 mu-

1103 2643 1190 2674 renis
1203 2641 1300 2673 facile
1311 2643 1530 2679 abstinebam,
1540 2653 1558 2674 a
1571 2643 1648 2676 beta
1659 2649 1694 2676 et
1706 2645 1784 2677 mal-

1103 2701 1143 2722 va
1155 2691 1318 2730 deceptus
1335 2691 1431 2722 sum!

1144 2743 1183 2771 ⁷5
1217 2740 1306 2778 Infra
1333 2739 1434 2772 Lucili
1460 2739 1594 2781 censum]
1635 2741 1781 2773 Lucilius
