1936 3236
588 302 862 334 CARMtNUM
898 302 994 332 Lm.
1028 301 1092 331 iv.
1122 291 1163 331 3.
1535 291 1621 332 565

329 398 486 440 Totum
507 398 704 439 muneris
723 397 807 439 hoc
830 397 897 439 tui
919 402 1001 448 est,

388 465 522 517 Quod
543 469 764 506 monstror
785 465 923 519 digito
942 463 1299 520 praetereuntium

329 531 549 574 Romanae
571 531 728 573 fidicen
749 532 858 586 lyrae
873 545 885 575 ε

386 597 522 649 Quod
542 599 664 653 spiro
689 603 734 640 et
750 598 906 652 placeo
925 597 988 653 (si
1009 594 1192 652 placeo)
1211 601 1334 639 tuum
1355 602 1438 638 est.

157 731 237 763 illud
246 741 333 763 omne
347 741 388 763 ex
402 732 481 763 dono
497 734 550 762 tuo
564 734 623 770 est,
639 731 720 771 quod
735 740 828 761 manu
841 730 1097 770 praetereuntium
1112 729 1256 761 ostendor
1266 728 1391 760 Latinae
1404 728 1482 769 lyroe
1493 729 1621 762 auctor,-

156 774 237 815 quod
251 774 322 805 civo
336 777 367 806 ee
379 774 507 815 probor,
521 775 551 806 si
567 777 670 806 tamen
684 773 810 815 probor,
823 783 843 804 α
859 776 891 804 te
904 775 951 803 est
965 771 1043 803 milii
1057 773 1177 803 datum.

769 879 868 892 oeoaee
872 877 1008 891 ‘OOONO

156 958 194 987 et
215 957 385 990 nonnullae
412 957 491 990 edd.
516 962 602 990 vett.
635 967 712 990 cum
739 957 944 990 Comb.—2l
969 957 1047 989 Vox
1072 958 1120 987 est
1144 955 1179 986 in
1206 953 1274 986 fine
1303 962 1422 985 versus
1453 950 1550 983 abest
1582 949 1624 981 ab

156 998 306 1031 Helmst.

813 1065 955 1098 NOTAE

155 1137 249 1170 verb.
292 1138 388 1170 Pisce
402 1139 504 1179 magis
522 1144 635 1172 mum.
678 1140 856 1180 Ἀφωνότε-

153 1199 207 1228 ρος
233 1189 296 1219 τῶν
321 1186 446 1227 ἰχθύων.
502 1189 643 1223 Luci-an.
675 1191 708 1221 in
741 1190 858 1232 Gallo,

155 1239 221 1270 &m

197 1290 241 1319 2⁰
266 1288 364 1328 Cycni
376 1288 500 1328 sonum]
522 1288 625 1320 Plato
636 1289 670 1319 in
680 1288 857 1319 Phaedone

155 1342 303 1370 testatur
317 1337 450 1378 cycnos
466 1339 585 1369 mortis
610 1343 766 1378 tempore
782 1347 858 1368 esse

153 1387 302 1420 maxime
326 1396 495 1418 canoros:
532 1386 622 1418 idem
650 1386 857 1418 Aristoteles

154 1445 288 1479 qnoque
309 1435 430 1467 refert.
476 1436 567 1468 Hinc
585 1435 689 1468 Ovid.
713 1442 721 1454 ¹
734 1437 857 1468 Dulcia

153 1485 292 1519 defecta
324 1486 518 1517 modulatur
554 1485 704 1517 carmina
739 1486 857 1527 lingua

154 1537 322 1577 Cantator
357 1545 485 1577 cycnus
516 1533 647 1567 funeris
677 1536 750 1577 ipse
783 1536 859 1569 sni!

152 1585 246 1618 Plin.
263 1589 384 1618 contra
401 1593 439 1616 x.
455 1587 510 1617 23.
527 1585 538 1602 ‘
549 1584 720 1626 Olorum,'
734 1585 856 1627 inquit,

151 1638 162 1655 ⁴
175 1641 286 1669 morte
302 1640 459 1667 narratur
473 1634 597 1667 flebilis
611 1642 743 1675 cantus,
758 1635 857 1676 falso,

154 1691 194 1719 ut
222 1685 384 1725 arbitror,
417 1686 548 1727 aliquot
580 1686 855 1727 experimentis!

151 1736 294 1777 Vulgari
319 1736 451 1778 pariter
481 1737 633 1777 opinioni
661 1736 857 1779 refragatur

151 1785 340 1818 Athenaeus
359 1795 414 1818 ix.
442 1788 495 1818 11.
527 1787 611 1818 Coel.
633 1786 780 1828 Rhodig.
805 1795 856 1819 ix.

150 1840 183 1869 5.
209 1836 329 1869 scribit
355 1837 451 1868 haec:
475 1836 685 1868 ‘Canentem
711 1846 857 1878 cycnum

151 1885 256 1927 pauci
271 1885 450 1926 audivere,
469 1885 605 1918 etiamsi
623 1887 794 1926 vulgatior
808 1887 857 1918 fa-

149 1946 206 1971 rna
232 1939 330 1968 tenet
354 1936 536 1976 ingruente
563 1935 659 1968 fatali
683 1943 857 1969 momento

151 1985 370 2028 εὐφωνότατον
383 1985 435 2018 καὶ
446 1986 655 2029 &Sindi-arou,
667 1997 737 2019 voce
747 1991 855 2020 cancu-

150 2047 208 2078 que
231 2037 266 2069 in
283 2037 398 2079 primic
411 2038 536 2070 valere!
581 2037 714 2070 Auctor
729 2042 857 2079 tamen,

151 2087 253 2120 variae
266 2088 472 2120 narrationis
488 2088 610 2130 primo,
624 2088 775 2120 AElianus
791 2094 856 2129 cst,

152 2137 289 2170 audisse
303 2138 506 2180 quandoque
523 2147 560 2170 se
577 2143 758 2171 canentem
774 2149 856 2181 cyc-

152 2198 246 2220 num.
288 2189 346 2221 Sic
377 2190 465 2221 enim
491 2190 560 2223 ait:
584 2190 647 2230 ἐγὼ
668 2189 701 2222 δὲ
726 2190 858 2233 ᾅδοντος

151 2236 264 2270 κύκνου
275 2239 406 2277 ἤκουσα.
442 2240 497 2271 De
514 2242 630 2283 cycnis
639 2242 711 2283 Jam
729 2251 770 2274 n.
787 2242 856 2274 Od.

151 2289 216 2321 ult.

193 2342 236 2372 22
261 2340 352 2376 Quod
366 2344 522 2372 monstror
540 2341 644 2382 digito
666 2345 856 2382 [παίει-επινι-

149 2390 246 2433 tim]
281 2391 356 2424 Cic.
382 2393 484 2424 Tusc.
499 2402 531 2424 v.
549 2395 624 2425 103.
650 2393 856 2425 ‘Levicnlus

149 2451 230 2475 une
258 2442 520 2481 Demosthenes,
551 2445 610 2486 qui
636 2444 694 2477 illo
717 2453 856 2477 susurro

911 1138 1075 1170 delectari
1103 1147 1140 1169 se
1165 1135 1306 1168 dicebat
1331 1144 1452 1176 aquam
1477 1132 1621 1164 ferentis

911 1188 1133 1227 mulierculae,
1163 1192 1202 1218 ut
1230 1195 1302 1217 mos
1328 1186 1360 1216 in
1391 1184 1531 1216 Graecia
1556 1188 1623 1222 est,

912 1238 1224 1278 insusurrantisque
1254 1235 1369 1274 alteri,
1397 1234 1453 1264 hic
1481 1238 1534 1263 est
1564 1232 1624 1262 ille

913 1287 1180 1318 Demosthenes.
1239 1284 1332 1317 Quid
1368 1283 1434 1314 hoc
1471 1282 1581 1313 levius
1593 1282 1623 1313 θ’

913 1336 1012 1367 Pers.
1036 1337 1110 1367 Sat.
1134 1344 1159 1365 1.
1189 1337 1244 1365 28.
1266 1333 1341 1364 ‘At
1364 1332 1543 1373 pulchrum
1572 1335 1626 1363 est

911 1384 1021 1424 digito
1037 1383 1236 1422 monstrari,
1251 1386 1288 1413 et
1304 1377 1428 1419 dicier,
1452 1380 1521 1412 Hie
1545 1380 1626 1411 est!

907 1432 1142 1464 Tertullianus
1156 1432 1222 1462 buc
1237 1431 1393 1462 alludens
1408 1429 1452 1461 de
1469 1429 1624 1461 velandis

910 1484 1102 1525 virginibus
1124 1492 1204 1523 cap.
1221 1483 1275 1513 14.
1296 1480 1429 1516 scribit,
1455 1480 1465 1496 ⁸
1479 1479 1626 1511 Pericli-

910 1536 975 1567 tari
992 1535 1239 1577 virginitatem,
1254 1543 1331 1565 curn
1349 1533 1466 1574 digitis
1482 1532 1623 1564 demon-

909 1586 1092 1618 strantium
1110 1584 1297 1618 titillatur.’

953 1639 994 1668 23
1032 1636 1184 1668 Romana
1208 1635 1333 1678 fidicen
1366 1633 1459 1676 lyroe]
1505 1633 1622 1675 Lyrici

910 1687 1001 1729 apud
1028 1689 1201 1719 Romanos
1229 1685 1399 1719 Carminis
1425 1690 1547 1716 auctor
1571 1689 1622 1715 at-

909 1748 975 1780 que
993 1738 1170 1778 princeps.
1201 1745 1256 1768 ιιι.
1269 1735 1338 1767 Od.
1353 1735 1500 1774 ult-jam
1517 1734 1579 1766 cit.

951 1791 994 1819 24
1020 1787 1112 1823 Quod
1141 1787 1238 1828 spiro,
1267 1784 1336 1826 fisa]
1375 1784 1455 1816 Non
1487 1788 1622 1815 tantum

911 1839 1054 1880 poeseos
1072 1838 1293 1875 facultatem,
1309 1835 1369 1866 sed
1395 1840 1432 1866 et
1448 1835 1526 1866 vitae
1543 1844 1623 1866 usu-

911 1899 984 1920 ram
1001 1889 1109 1920 Musis
1122 1887 1249 1919 debere
1262 1897 1298 1918 se
1316 1885 1512 1928 profitetur.
1531 1885 1621 1916 Vide

912 1949 971 1972 ιιι.
988 1939 1057 1972 od.
1072 1942 1106 1972 4.
1122 1938 1264 1980 strophe
1278 1940 1308 1970 7.

957 1991 1048 2026 Quod
1058 1989 1181 2031 placeo]
1202 1988 1303 2022 Quod
1317 1987 1474 2027 Augusto
1487 1990 1522 2018 et
1533 1986 1621 2018 Mae-

911 2041 1024 2073 cenati
1038 2040 1228 2082 praecipue,
1244 2043 1316 2070 tum
1329 2038 1432 2070 etiam
1446 2037 1533 2073 aliis,
1543 2047 1621 2079 pro-

911 2091 1038 2123 bantur
1061 2099 1135 2122 inea
1153 2090 1326 2130 Carmina,
1342 2088 1432 2131 quod
1448 2089 1458 2106 ‘
1474 2086 1621 2119 invidia'

911 2142 973 2173 sim
999 2142 1008 2159 ‘
1020 2140 1148 2182 major‚’
1168 2149 1209 2172 11.
1226 2139 1296 2171 Od.
1312 2142 1366 2172 20.
1386 2138 1477 2181 quod
1493 2139 1503 2155 ‘
1515 2147 1621 2180 usque

911 2201 976 2233 ego
1003 2197 1144 2232 postera
1160 2191 1325 2222 Crescam
1353 2190 1454 2221 laude
1478 2187 1626 2229 recens‚’

911 2244 977 2274 ἅτ.
993 2251 1049 2273 ιιι.
1067 2242 1138 2273 Od.
1154 2244 1208 2274 30.

953 2293 991 2324 Si
1004 2293 1126 2334 placeo]
1160 2292 1219 2324 Ita
1234 2291 1411 2324 modestiae
1428 2290 1621 2323 velificatur

910 2344 1037 2384 Poeta,
1051 2343 1148 2386 quasi
1168 2343 1394 2375 subdubitans
1417 2342 1504 2374 adeo
1522 2350 1620 2383 posse

911 2404 948 2426 se
960 2399 968 2412 ‘
987 2393 1211 2435 Principibus
1228 2393 1399 2434 placuisse
1413 2392 1517 2434 viris,'
1542 2401 1618 2432 quae

910 2447 920 2462 ‘
935 2453 1003 2476 non
1021 2444 1142 2477 ultima
1158 2445 1230 2476 laus
1246 2443 1323 2476 est!
