1904 3256
751 298 794 334 Q.
825 296 1033 327 HORATM
1065 295 1236 327 FLAcm

510 385 663 427 Nutrit
681 398 781 428 rura
801 387 950 437 Ceres,
970 387 1169 439 almaque
1189 387 1412 430 Faustitas
1429 401 1440 438 ;

513 451 723 493 Pacatum
742 453 923 493 volitant
943 465 1021 504 per
1040 464 1156 493 mare
1173 454 1333 495 navitae
1351 468 1364 505 ;

682 517 864 569 Culpari
883 517 1036 558 metuit
1057 517 1217 569 Fides;

516 582 664 622 Nullis
684 583 891 635 polluitur
910 586 1033 624 casta
1051 583 1204 624 domus
1225 585 1411 637 stupris3

516 646 617 686 Mos
637 651 679 687 et
695 648 769 688 lex
785 649 1052 689 maculosum
1072 649 1266 690 edomuit
1283 650 1407 691 nefas
1423 663 1435 701 3

518 712 768 754 Laudantur
787 714 918 754 simili
938 715 1057 766 prole
1074 727 1321 768 puerperae3

687 777 870 832 Culpam
889 779 1028 820 Poena
1048 781 1206 833 premit
1224 794 1386 822 comes.

519 842 629 892 Quis
649 843 852 886 Parthum
868 847 1055 898 paveat'l
1078 846 1178 899 quis
1193 847 1379 898 gelidum
1394 846 1582 899 Scythen
1594 847 1613 886 Ἰ
1661 846 1717 887 25

1655 521 1711 561 20

298 983 368 1010 tas.-
389 983 490 1010 nnutoe
515 981 594 1011 mari
618 978 785 1017 tranquillo
808 978 976 1016 navigant.-
989 978 1132 1018 fidelitas
1155 982 1238 1009 caret
1261 979 1448 1019 vitupemri:
1469 978 1562 1010 nullis
1580 977 1722 1018 flagitiis

299 1020 687 1058 contaminantur-samnite
709 1019 847 1058 pudicoe:
869 1019 1031 1058 disciplina
1045 1023 1075 1050 et
1091 1020 1173 1058 leges
1188 1021 1327 1051 vicerunt
1350 1024 1438 1060 turpe
1451 1021 1587 1051 crimen.-
1609 1021 1722 1049 matres

301 1063 466 1091 laudantur
481 1062 516 1092 ob
535 1062 620 1103 filios
645 1060 780 1092 similes.-
800 1069 887 1099 poena
909 1061 1048 1099 sequitur
1061 1064 1091 1091 et
1109 1062 1216 1100 plectit
1235 1062 1342 1092 scelus.
1384 1062 1528 1100 Augusto
1552 1061 1636 1092 calvo
1655 1060 1724 1099 quit

299 1102 406 1133 timeat
418 1103 570 1134 Pur-thos.
562 1102 577 1126 ’1
622 1103 700 1138 Quis
711 1101 843 1142 Scythas
848 1101 1005 1139 frigidos
997 1101 1012 1124 ’1
1035 1102 1113 1136 Quis
1126 1102 1261 1134 homines
1276 1112 1347 1143 quos
1363 1103 1470 1144 gignit
1484 1102 1627 1134 immania
1641 1101 1721 1131 Ger-

892 1193 911 1204 o
914 1192 1112 1205 enemo-oe
1115 1191 1133 1203 ο

302 1257 419 1287 eodem
435 1257 529 1288 culta.
574 1257 682 1288 Codd.
698 1257 732 1287 in
749 1261 890 1296 utroque
907 1264 1006 1286 versu
1026 1265 1154 1287 summa
1168 1256 1358 1288 constantia
1378 1266 1472 1292 nam,-
1493 1255 1558 1287 nisi
1580 1256 1668 1296 quod
1692 1255 1726 1286 111

302 1299 450 1328 Bentleii
463 1299 576 1329 Graev.
593 1303 678 1336 erat,
693 1298 809 1328 Nutrit
823 1307 870 1335 ru,
884 1297 970 1336 quod
987 1298 1061 1337 ipse
1077 1297 1160 1328 vidit
1172 1297 1276 1328 fuisse
1295 1298 1477 1336 Nutritur«,
1493 1302 1530 1328 nt
1542 1297 1644 1328 habet
1659 1306 1727 1327 om-

302 1340 381 1369 nino
398 1341 490 1378 Lips.
508 1342 536 1368 1.
554 1349 572 1369 a
584 1349 625 1369 m.
639 1349 688 1379 pr.
704 1341 713 1355 ⁶
727 1339 902 1368 Bentleius
915 1338 1025 1367 nonin
1043 1347 1091 1368 vs.
1109 1340 1160 1368 17.
1175 1338 1234 1368 sed
1249 1341 1299 1369 18.
1315 1339 1469 1368 mendum
1485 1338 1591 1368 latere
1606 1338 1728 1376 credit,

305 1381 372 1410 sola
388 1390 427 1410 ea
442 1379 484 1409 de
507 1389 618 1417 caiisa,
639 1379 727 1419 quod
750 1388 815 1408 non
843 1382 939 1418 putat
954 1387 1030 1408 rura
1043 1379 1160 1409 nutriri
1176 1383 1270 1410 recte
1286 1380 1350 1409 dici
1377 1388 1493 1418 posse;
1519 1380 1552 1409 in
1568 1388 1634 1419 quo
1651 1388 1727 1409 eum

304 1421 424 1451 inscite
440 1421 588 1459 argutari
604 1421 707 1455 dicat,
722 1420 935 1459 quicumque,
947 1428 1042 1448 sensu
1061 1419 1194 1458 poetico
1211 1419 1385 1459 proditus,
1399 1420 1472 1459 ejus
1487 1425 1600 1450 notam
1616 1420 1729 1460 legere

305 1462 398 1492 velit.
442 1462 556 1492 Minus
581 1461 682 1492 etiam
707 1462 843 1500 placent
857 1460 1068 1499 Cuningamii
1088 1461 1181 1492 culta.
1226 1461 1348 1500 Igitur,
1363 1461 1390 1491 si
1407 1461 1652 1492 emendandum
1674 1461 1730 1499 sit,

304 1503 483 1533 assentiam
500 1503 653 1543 equidem
677 1502 800 1539 Fabro,
827 1506 860 1531 et
884 1511 1016 1532 versum
1041 1504 1092 1532 18.
1114 1511 1229 1532 sanum
1245 1501 1392 1540 credam,
1412 1507 1446 1533 at
1469 1511 1518 1533 ve.
1543 1504 1594 1533 17.
1619 1503 1729 1541 legam

302 1547 416 1584 prata;
439 1545 527 1584 quod
545 1545 585 1574 ad
602 1544 804 1574 sementiam
829 1543 1038 1582 praeclarum.
1082 1543 1117 1574 Si
1140 1548 1252 1574 tamen
1268 1543 1341 1584 quis
1359 1543 1491 1582 poetam
1508 1543 1660 1574 consulto
1678 1543 1728 1573 bis

308 1586 458 1625 posuisse
485 1595 570 1624 rura,
597 1586 629 1615 in
654 1594 759 1624 eoque
785 1585 856 1622 ipso
883 1584 1082 1623 elegantiam
1106 1586 1248 1625 aliquam
1273 1588 1307 1615 et
1328 1585 1395 1614 vim
1419 1593 1491 1614 esse
1514 1584 1618 1622 dicat,
1640 1584 1732 1614 nulla

309 1627 540 1657 emendatione
566 1636 648 1665 opus
677 1625 744 1656 sit!
765 1625 854 1656 Jani.
896 1626 984 1655 Vide
999 1625 1125 1655 Weber
1150 1627 1190 1656 ad
1219 1627 1349 1656 Lucan.
1370 1634 1395 1656 1.
1416 1627 1488 1655 318.
1491 1627 1574 1656 -20
1597 1626 1607 1642 ‘
1625 1625 1732 1663 Fides,

309 1668 492 1706 majuscula
514 1668 623 1700 litera,
640 1666 893 1705 exprimendum
916 1666 1042 1696 curavi.
1045 1665 1164 1697 ’Jeme
1171 1669 1251 1697 —22
1276 1667 1354 1697 Mox
1368 1667 1512 1697 Mentel.
1515 1669 1597 1697 —24
1621 1666 1731 1705 ΡΜ,

309 1709 494 1747 majusculo
510 1708 554 1747 P,
575 1707 696 1738 Sauad
722 1707 770 1738 ita
790 1707 890 1737 etiam
913 1706 1006 1745 Jani,
1025 1706 1161 1739 Mitsch.
1177 1708 1315 1748 Bipont.
1330 1708 1471 1739 Wetzel.
1495 1712 1528 1738 et
1554 1688 1732 1738 Wakefi—

954 1812 983 1842 N
992 1811 1094 1842 OTAE

311 1889 444 1925 gustum
460 1883 623 1923 diligant:
648 1882 799 1912 nimirum
814 1886 866 1913 tot
878 1891 1011 1922 accep-r
1051 1883 1204 1923 signatur
1230 1885 1372 1925 imagine
1399 1886 1510 1916 vultus
1535 1884 1644 1915 Testis
1668 1894 1735 1915 ma-

313 1934 356 1965 tis
383 1942 442 1972 per
467 1942 542 1962 eum
563 1932 755 1962 muneribus
772 1941 811 1962 ac
826 1931 998 1962 beneficiis
1053 1937 1158 1962 ternae
1187 1939 1266 1963 nata
1302 1933 1501 1973 pudicitiae.’
1543 1933 1668 1964 Catuli.
1702 1933 1736 1962 in

313 1991 378 2012 non
395 1986 551 2021 poterant
566 1989 632 2010 non
648 1980 998 2010 vehementeramare.
1054 1981 1192 2021 Nuptiis
1219 1981 1320 2013 Juliae
1351 1986 1386 2013 et
1417 1981 1534 2013 Manlii
1561 1982 1738 2022 Torquati,

317 2031 385 2062 Per
414 2029 600 2069 Augustum
621 2028 743 2068 ubique
767 2027 897 2058 firmata
921 2037 999 2067 pax,
1054 2029 1165 2060 Carni.
1191 2038 1265 2061 LXt.
1288 2032 1360 2062 216.
1401 2031 1411 2048 ‘
1427 2031 1624 2071 Torquatus,
1648 2031 1737 2068 volo,

317 2083 408 2109 terra
423 2077 570 2117 marique
586 2077 864 2116 securitas,1eges
877 2077 1000 2107 consti·
1054 2079 1210 2116 parvulus
1225 2101 1232 2109 .
1250 2101 1258 2108 .
1273 2099 1282 2109 .
1300 2100 1308 2108 .
1327 2079 1378 2110 Sit
1401 2089 1459 2110 suo
1495 2078 1612 2110 similis
1649 2079 1738 2119 patri

319 2134 413 2166 tutte,
441 2125 534 2156 nefas
557 2125 697 2166 quodvis
728 2124 923 2163 edomitum,
950 2134 1001 2155 re-

318 2176 423 2216 pressi
449 2176 572 2211 hostes,
595 2176 658 2204 διο.
703 2173 789 2204 Vide
808 2173 909 2204 Oden
925 2183 1002 2204 xw.

320 2229 354 2256 et
371 2233 429 2254 xv.
444 2223 539 2262 hujus
555 2222 643 2252 libri.

361 2276 403 2304 22
428 2273 500 2302 Mos
515 2275 545 2302 et
559 2270 626 2310 les]
649 2279 704 2301 111.
726 2270 793 2302 011.
816 2272 868 2301 24.
890 2271 899 2287 ‘
914 2270 1002 2303 Quid

319 2324 413 2362 leges
425 2321 496 2351 sine
513 2320 659 2350 moribus
677 2321 779 2350 Vanae
797 2319 973 2359 proficiunt
988 2318 1008 2349 ?’

321 2371 409 2401 vide
443 2370 579 2400 Sueton.
608 2368 732 2399 Octav.
763 2378 836 2407 cap.
865 2371 918 2398 34.
949 2367 1006 2398 nbi

323 2419 450 2451 mentio
479 2419 562 2458 legis
589 2418 689 2450 Juliae
718 2417 785 2447 ‘de
811 2416 1006 2448 coercendis

326 2467 499 2499 adulteriis
522 2472 557 2498 et
585 2468 626 2497 de
649 2466 823 2507 pudicitia,
845 2469 897 2497 &c
901 2488 1006 2497 .....

325 2526 466 2557 cumque
483 2516 548 2546 vim
572 2515 656 2555 legis
679 2514 770 2546 eludi
786 2516 926 2545 sentiret
941 2523 1012 2545 cre-

326 2567 385 2598 bra
413 2566 698 2597 matrimoniorum
725 2565 920 2602 mutatione,
945 2566 1008 2595 &c-

329 2620 460 2654 tempus
482 2625 618 2654 sponsas
637 2614 778 2645 habendi
801 2613 1007 2645 coarctavit:

329 2664 479 2694 divortiis
496 2664 627 2694 modum
643 2663 822 2703 imposuit!

370 2715 411 2743 23
435 2712 615 2742 Laudentur
626 2712 720 2743 simili
733 2713 814 2752 prole
837 2711 1007 2751 puerperoe]

331 2762 544 2793 Martial.·vt.
559 2764 610 2791 27.
632 2762 641 2778 ⁴
658 2761 719 2792 Est
734 2762 794 2792 tibi
810 2770 883 2802 quae
907 2760 1006 2800 patrii

1054 2127 1193 2162 Manlio,
1219 2131 1254 2157 et
1278 2126 1379 2158 facile
1405 2127 1519 2158 insciis
1541 2126 1739 2159 Noscitetur

1055 2175 1096 2205 ab
1120 2175 1284 2212 omnibus,
1311 2177 1353 2206 Et
1370 2176 1562 2216 pudicitiam
1578 2184 1647 2207 suae
1662 2175 1738 2206 Ma-

1056 2223 1116 2254 tris
1132 2223 1256 2254 indicet
1273 2224 1354 2254 ore.’

1097 2274 1138 2302 24
1154 2272 1281 2311 Culpam
1288 2273 1386 2303 Poena
1394 2274 1504 2312 premit
1514 2271 1626 2312 comes]
1639 2273 1739 2304 Frus-

1056 2326 1108 2352 tra
1123 2322 1178 2351 lex
1194 2326 1286 2352 vetat
1299 2322 1416 2359 scelus,
1429 2321 1493 2351 nisi
1507 2322 1539 2351 in
1556 2322 1739 2352 sceleratos

1057 2369 1354 2400 animadvertatur.
1395 2370 1440 2400 At
1450 2370 1548 2400 Poena
1569 2379 1664 2400 comes
1683 2379 1737 2400 co-

1058 2417 1151 2448 Ercet
1170 2418 1330 2457 peccandi
1355 2418 1537 2449 libidinem.
1578 2418 1679 2449 Plato
1696 2417 1738 2448 de

1060 2467 1142 2506 Leg.
1159 2475 1193 2498 v.
1209 2466 1337 2507 Τιμωρία
1352 2466 1465 2498 ἀδικίας
1481 2466 1655 2497 ἀκόλουθος.

1099 2518 1139 2546 25
1165 2515 1242 2550 Quis
1257 2515 1408 2546 Parthum
1418 2519 1540 2556 paveat,
1562 2514 1630 2555 θα]
1652 2515 1739 2546 Vide

1059 2573 1083 2596 1.
1100 2563 1166 2595 011.
1183 2568 1234 2595 12.
1250 2565 1309 2595 sub
1325 2564 1436 2596 tint-m.
1469 2573 1494 2595 1.
1520 2565 1587 2596 od.
1612 2567 1664 2596 19.
1688 2567 1740 2596 12.

1061 2623 1118 2645 111.
1134 2614 1201 2645 Od.
1215 2618 1246 2645 5.

1105 2663 1183 2698 Quis
1193 2663 1328 2702 gelidum
1343 2663 1491 2704 Scythen]
1521 2673 1543 2694 ι.
1558 2663 1622 2694 Od.
1639 2665 1690 2694 19.
1707 2668 1742 2694 et

1061 2715 1112 2743 35.
1137 2721 1177 2743 11.
1195 2711 1262 2742 Od.
1278 2715 1310 2743 9.
1327 2713 1359 2743 in
1375 2712 1450 2744 fine.
1486 2722 1541 2744 111.
1558 2712 1625 2745 od.
1642 2715 1695 2745 24.
1709 2715 1741 2744 9.
