1890 3256
567 285 918 316 EPISTULARUM
957 285 1050 316 mn.
1085 286 1115 315 ι.
1146 276 1185 316 d.
1487 275 1600 317 1095

144 381 265 432 Quid
289 385 448 423 voveat
469 380 586 422 dulci
608 380 829 421 nutricula
849 379 991 433 majus
1012 380 1207 428 alumno,

145 447 235 499 Qui
255 461 415 502 sapere
438 452 483 490 et
500 448 582 489 fari
604 447 750 501 possit
771 460 873 501 quae
895 448 1067 497 sentiat,
1087 451 1131 488 et
1150 447 1222 488 cui

143 515 318 565 Gratia,
339 515 471 560 fama,
493 514 700 556 valetudo
722 515 946 567 contingat
965 514 1154 564 abunde,

143 582 202 624 Et
217 582 402 625 mundus
423 583 582 632 victus,
602 595 691 622 non
713 581 943 623 deficiente
964 582 1194 622 crumena?

143 649 264 692 Inter
283 661 407 703 spem
427 661 681 703 curamque,
704 650 885 690 timores
907 650 1015 691 inter
1038 654 1084 690 et
1102 649 1205 698 iras,

144 715 332 759 Omnem
352 715 481 757 crede
502 716 619 757 diem
641 716 723 757 tibi
744 715 960 757 diluxisse
980 728 1234 769 supremum
1251 728 1262 756 ε

1543 515 1598 555 10

141 871 212 894 vero
226 863 341 894 nutrix
359 865 482 895 alumno
495 864 656 895 carissimo
670 867 795 904 exoptet
809 864 928 902 melius,
940 873 1029 904 quam
1044 864 1242 904 sapientiam,
1264 868 1294 895 et
1316 874 1384 905 quoe
1399 863 1494 895 sentit
1507 872 1596 904 posse

137 905 248 946 eloqui,
268 915 384 937 necnon
404 909 439 937 ut
451 906 597 943 savorem
621 907 746 944 habeat,
777 909 807 938 et
820 906 1096 945 existimationem,
1107 908 1344 947 sanitatemque,
1357 910 1387 938 et
1400 907 1514 937 ciclum
1529 906 1596 935 lau-

139 950 216 987 enm,
226 951 259 980 et
272 948 460 989 momupium
473 959 628 989 nunquam
639 953 787 980 vacuum?
832 949 986 984 Quoniam
999 953 1102 980 autem
1114 950 1244 980 vicimus
1258 949 1341 980 inter
1354 959 1439 990 spem
1450 952 1479 980 et
1493 948 1598 979 solici-

139 990 276 1031 tudine-3,
290 991 373 1023 inter
387 992 515 1023 timores
533 995 625 1032 atque
644 991 888 1031 indignationes,
911 994 1020 1022 auctor·
1043 991 1102 1022 tibi
1117 1002 1185 1023 sum
1202 995 1238 1023 ut
1259 1000 1500 1033 unumquemque
1514 990 1597 1022 diem

748 1095 845 1107 ‘W
847 1094 988 1107 ““““

141 1172 249 1204 Zeuu.
264 1171 370 1204 Kidd.
388 1173 470 1208 Fea,
487 1173 611 1212 Bothe,
638 1177 674 1204 et
695 1172 820 1205 Jaeck.
849 1174 1000 1204 dederant
1022 1171 1119 1203 Harl.
1137 1175 1168 1203 2.
1184 1174 1216 1202 4.
1232 1175 1263 1203 5.
1279 1174 1309 1203 7.
1326 1170 1509 1211 Bamberg.
1539 1173 1593 1202 de-

139 1216 212 1246 dere
233 1214 465 1246 Schnenborn.
477 1217 511 1246 4.
543 1216 660 1247 Ceteri
684 1216 839 1247 dederint.
842 1218 905 1246 —8
930 1215 1014 1251 Quia
1036 1215 1165 1251 foveant
1180 1214 1260 1245 vat.
1276 1217 1326 1245 16.
1349 1214 1431 1246 Vat.
1450 1214 1547 1244 Rom.
1562 1215 1595 1246 8.

139 1265 160 1287 a
178 1266 222 1288 m.
238 1266 290 1296 pr.
324 1257 411 1293 Quid
435 1261 544 1289 veneat
568 1257 800 1290 Schoenboru.
825 1260 856 1289 3.
888 1258 1053 1288 matricula
1072 1258 1150 1289 Vat.
1169 1259 1197 1287 l.
1214 1267 1233 1287 a
1249 1266 1293 1288 m.
1309 1266 1361 1297 pr.
1365 1259 1430 1287 —9
1454 1255 1519 1291 Qui
1542 1265 1593 1286 sa—

137 1308 211 1339 pere
224 1299 302 1331 Vat.
322 1300 416 1330 Rom.
429 1302 460 1331 3.
476 1309 555 1331 am.
573 1310 641 1332 sec.
659 1300 741 1331 Vat.
758 1301 869 1331 Palat.
883 1303 914 1331 3.
931 1310 1011 1331 am.
1025 1310 1077 1340 pr.
1093 1300 1137 1330 al.
1159 1299 1259 1330 codd.
1284 1309 1338 1338 ap.
1361 1298 1477 1329 Lamb.
1490 1299 1558 1329 Cru

139 1346 176 1372 et
191 1341 307 1373 Benu.
325 1342 482 1382 probant.
506 1342 624 1374 Lamb.
644 1343 800 1374 Torrent.
823 1343 935 1373 Bentl.
961 1347 1147 1383 sequuntur
1172 1342 1275 1372 Baxt.
1298 1341 1444 1381 Cuniug.
1468 1308 1595 1372 881183.

139 1383 230 1415 Phil.
242 1383 382 1424 sandby
385 1384 515 1419 .Gesn.
526 1385 648 1416 Comb.
661 1384 796 1417 Wakef.
809 1385 952 1416 Wetzel.
969 1385 1078 1416 Zeun.
1095 1384 1196 1415 Kicld.
1212 1385 1291 1421 Fea,
1301 1383 1410 1414 Bothe
1412 1350 1594 1415 etJaeck.

141 1425 244 1461 Quam
257 1436 330 1466 sape
331 1436 364 1456 re
360 1394 476 1458 yHarl.
491 1429 523 1458 2.
537 1430 569 1458 4.
586 1428 643 1458 alii
658 1427 756 1458 codd.
772 1437 826 1467 ap.
840 1428 953 1458 bearn.
978 1427 1062 1461 Quin
1078 1436 1185 1466 sapere
1201 1426 1234 1456 in
1252 1425 1350 1456 Harl.
1361 1427 1392 1455 3.
1407 1430 1442 1456 et
1457 1424 1594 1456 ceteris.

136 1467 227 1500 Item
241 1468 310 1506 alii,
325 1472 355 1499 ct
371 1468 444 1507 fari
458 1472 493 1500 ut
507 1469 618 1510 possit.
665 1469 819 1500 Pulman.
836 1469 970 1500 emend.
996 1469 1075 1499 Cum
1089 1478 1207 1507 sapere.
1230 1469 1312 1499 Vat.
1331 1467 1430 1498 Rom.
1449 1469 1480 1498 3.
1504 1476 1524 1497 a
1547 1476 1591 1497 m.

138 1519 191 1550 pr.
207 1511 282 1551 quid
294 1511 423 1542 sentiat.
428 1514 509 1542 —10
532 1512 610 1543 Vnt.
626 1514 658 1542 3.
679 1517 716 1542 et
737 1511 816 1543 Vat.
833 1511 947 1543 Paiat.
961 1513 992 1542 3.
1009 1509 1162 1549 contingit
1177 1510 1308 1541 abunde.
1312 1511 1395 1539 -11
1421 1509 1466 1540 Et
1486 1509 1594 1539 modus

136 1553 374 1584 etvictusVat.
390 1556 420 1585 1.
437 1554 517 1585 Vat.
533 1554 627 1585 Rom.
639 1556 670 1586 3.
686 1557 718 1585 4.
735 1556 766 1584 7.
793 1563 870 1585 am.
888 1563 940 1602 pr.
957 1553 1037 1585 Vat.
1054 1553 1166 1583 palat.
1183 1555 1214 1583 3.
1232 1555 1263 1583 6.
1282 1552 1428 1583 Cliisian.
1446 1561 1525 1582 am.
1540 1561 1595 1591 pr.

137 1594 181 1626 al.
191 1595 292 1626 codd.
309 1604 365 1636 ap.
382 1596 498 1627 Lamb.
517 1597 648 1627 Bersm.
663 1601 698 1627 et
714 1596 831 1627 Bemi.
848 1596 904 1636 qui
927 1595 1007 1638 inde
1020 1605 1063 1626 ex
1080 1596 1171 1635 conj.
1187 1595 1359 1631 emendat,
1374 1595 1418 1624 Et
1433 1594 1593 1632 domus‚et

136 1636 249 1668 victus.
273 1638 455 1677 Bamberg.
469 1639 621 1670 crumina.
643 1638 808 1669 Boivinus
824 1647 867 1669 ex
882 1638 971 1677 conj.
987 1648 1145 1673 camoena5
1168 1637 1247 1667 inde
1267 1637 1483 1668 Sanam-12
1507 1635 1591 1666 Vat.

137 1678 234 1710 Rom.
249 1681 281 1711 8.
297 1685 332 1711 et
357 1681 443 1711 alius
466 1680 542 1712 cod.
566 1690 622 1721 ap.
648 1680 759 1712 Pulm.
775 1685 806 1711 et
821 1680 1000 1710 iram.—l3
1027 1681 1158 1710 Omnem
1184 1689 1212 1709 ι·.
1234 1680 1265 1709 d.
1292 1682 1316 1709 t.
1337 1678 1493 1709 deluaeisse
1507 1677 1591 1709 edit.

136 1719 254 1752 Princ-
281 1721 533 1754 Medici-1476.
560 1720 1591 1754 Venn.1478.1479.1481.1483.1486.149o.1495.F10r.

138 1765 233 1795 1482.
248 1763 341 1804 Lips.
359 1767 454 1796 1499.
477 1765 677 1805 Rutgersins
694 1765 756 1804 ait,
773 1774 833 1805 pro
848 1764 1006 1796 occidisse.
1053 1765 1209 1795 Muretus
1227 1763 1423 1802 conjecerat
1446 1761 1536 1793 tibid'
1552 1763 1592 1793 il-

135 1805 274 1841 luxi-‚sm
288 1807 474 1838 archaismo
488 1806 611 1848 Accio,
629 1788 1020 1847 velPaeuviodiguiorQ
1037 1811 1072 1837 ut
1086 1811 1207 1837 notant
1225 1807 1386 1845 Rutgers.
1404 1810 1440 1836 et
1454 1805 1590 1836 Talbot.

137 1847 193 1878 De
205 1847 373 1889 principio
388 1849 469 1890 diei,
481 1858 547 1881 non
560 1850 603 1881 de
619 1849 699 1890 fine,
715 1849 866 1891 loquitur
883 1849 1002 1881 Poeta.
1028 1849 1099 1881 Cic.
1106 1849 1195 1880 Phil.
1209 1857 1275 1880 xii.
1284 1853 1313 1879 5.
1333 1848 1592 1888 diluxisse,prae-

790 1957 934 1989 NOTAE

136 2028 252 2060 ferunt
268 2029 384 2071 aliqui,
398 2039 474 2061 cum
492 2031 675 2072 pauperior
684 2032 754 2072 jam
765 2030 835 2062 fac—

543 2081 599 2111 alii
636 2081 835 2122 explodunt,

137 2133 400 2171 constanterque
427 2131 557 2172 legunt,
582 2132 753 2167 dederunt‚·
778 2140 834 2171 pe-

136 2083 191 2110 tus
227 2085 319 2111 esset
356 2080 475 2112 Albius
489 2091 497 2111 ε

889 2033 961 2062 sala
988 2031 1154 2062 Corvinus
1178 2031 1263 2062 inire
1290 2030 1457 2062 Tibullum
1482 2030 1589 2062 fovit:

891 2081 1019 2120 pariter
1046 2082 1232 2112 Messalam
1258 2081 1414 2111 Tibullus
1439 2081 1591 2112 celebra-

891 2132 950 2161 vit.
994 2131 1074 2171 Ipse
1103 2132 1202 2162 testis
1229 2141 1270 2161 eo
1301 2130 1466 2161 disticho:
1495 2134 1502 2147 ⁸
1523 2131 1590 2162 Hic

136 2179 277 2211 nultima
314 2180 460 2211 licenter
496 2185 668 2221 correpta.
716 2181 761 2212 Ut
799 2186 834 2212 et
883 2181 982 2221 jacet
997 2181 1116 2212 immiti
1131 2185 1327 2212 consumtus
1343 2185 1452 2210 morte
1469 2179 1590 2210 Tibul·

136 2229 226 2270 apud
241 2231 350 2270 ipsum
367 2230 539 2262 Tibul.n.
555 2231 653 2271 Ele-g.
669 2235 701 2262 5.
725 2231 834 2262 ‘Haec
889 2231 952 2268 lus,
979 2231 1160 2262 Messalam
1188 2234 1280 2261 terra
1311 2229 1392 2260 dum
1418 2229 1589 2270 sequitur-

134 2278 275 2312 fuerunt
304 2280 408 2320 olim,’
435 2283 501 2313 διο.
529 2290 601 2322 pro,
631 2282 640 2298 ¹
661 2280 832 2312 fuerant:’

135 2329 225 2370 apud
249 2330 389 2363 Lucret.
415 2331 473 2362 lib.
505 2340 538 2362 v.
564 2335 600 2362 et
623 2331 752 2363 AEneid.
777 2340 832 2364 ιιι.

134 2381 144 2397 ⁴
161 2381 414 2418 constiterunt:
438 2382 494 2412 ulii
522 2383 622 2422 vulgo
649 2382 831 2413 ‘constite-

136 2430 245 2461 rant:’
272 2438 367 2462 certe
391 2432 608 2463 consentiunt
638 2432 681 2462 de
712 2432 830 2472 Virgil.

137 2479 210 2511 Ecl.
231 2489 281 2512 iv.
317 2483 327 2499 ‘
343 2482 449 2513 Matri
474 2483 576 2523 longa
598 2482 718 2514 decem
746 2483 831 2514 tule-

136 2535 216 2561 runt
230 2529 368 2562 fastidia
382 2532 538 2564 menses?

177 2580 491 2622 Artemquesruendi]
502 2581 712 2614 OEcouorniae
726 2581 832 2612 scien-

136 2628 216 2660 tiam
233 2634 270 2660 et
285 2630 456 2670 peritiam.

180 2681 200 2708 8
223 2678 309 2714 Quid
330 2682 440 2710 voveat
468 2680 550 2711 dulci
571 2681 739 2722 nutricula,
759 2680 830 2722 ξω]

136 2727 276 2759 Persius
290 2728 332 2759 de
344 2728 394 2759 his
409 2727 483 2760 fuse
500 2730 574 2762 Sat.
591 2740 630 2762 n.

177 2780 200 2808 9
220 2778 266 2809 Et
279 2779 329 2809 cui
343 2778 467 2820 [utque]
481 2779 563 2820 Leg.
579 2781 622 2812 al.
637 2785 667 2813 et
682 2783 743 2814 cui.

180 2829 220 2859 10
244 2827 376 2868 Gratia]
400 2828 500 2870 Apud
521 2836 704 2871 magnates.
738 2831 829 2863 Mes-

888 2291 954 2322 que
971 2281 1080 2313 mari.’

932 2330 1046 2370 Fama]
1070 2330 1172 2371 Apud
1197 2339 1322 2361 omnes.
1354 2328 1457 2361 Ovid.
1489 2329 1498 2345 ‘
1517 2329 1589 2359 Do—

886 2391 950 2412 nec
976 2387 1078 2412 erunt
1101 2381 1197 2421 ignes
1221 2389 1388 2420 arcusque
1411 2378 1590 2418 Cupidinis

885 2442 991 2472 arma,
1006 2432 1176 2463 Dicentur
1189 2431 1330 2470 numeri,
1341 2430 1432 2461 culte
1443 2429 1588 2470 Tibulle,

887 2483 948 2514 tui.

932 2536 970 2564 11
994 2533 1135 2564 Mundus
1156 2529 1272 2570 metus]
1295 2530 1427 2561 Noster
1452 2538 1493 2559 11.
1517 2529 1588 2560 Sat.

885 2585 919 2614 2.
965 2583 975 2599 ⁴
991 2581 1143 2613 Mundus
1169 2581 1236 2611 erit
1263 2580 1320 2620 qui
1350 2588 1414 2609 non
1436 2577 1588 2610 offendet

886 2630 1055 2671 sordibus,
1080 2635 1182 2670 atque
1209 2629 1249 2659 In
1277 2633 1430 2659 neutram
1452 2633 1585 2669 partem

886 2682 998 2713 cultus
1016 2679 1140 2711 misen-,³

930 2734 969 2763 12
994 2731 1083 2762 Inter
1110 2740 1192 2771 spem
1218 2739 1395 2769 caramque,
1419 2728 1488 2769 eisc]
1519 2728 1584 2759 His

884 2781 973 2813 enim
997 2781 1068 2812 vita
1095 2780 1290 2812 mortalium
1317 2784 1485 2821 perpetuo
1505 2787 1584 2809 cou-

883 2830 1045 2863 flictatur.
