1890 3256
631 297 907 330 SERMONUM
943 298 1042 331 mu.
1075 298 1126 328 ιι.
1155 289 1198 330 6.
1535 288 1648 332 1023

196 391 328 433 Unde
346 391 540 432 homines
561 404 744 444 operum
767 393 936 446 primos
955 393 1149 447 vitaeque
1168 392 1346 434 labores

196 457 448 508 Instituunt,
465 457 555 512 (sio
572 457 657 501 Dis
677 458 925 514 placitum‚)
941 466 987 502 tu
1008 460 1212 502 carminis
1233 464 1332 502 esto

196 523 470 578 Principium
490 537 500 566 :
534 523 691 567 Romae
711 539 972 578 sponsorem
995 540 1064 568 me
1085 528 1220 580 rapis.
1279 526 1315 576 ἹῘ
1330 527 1430 576 Eia,

196 589 268 631 Ne
287 591 408 644 prior
426 589 572 631 officio
592 591 828 644 quisquam
849 593 1135 646 respondeat,
1153 606 1258 646 urge
1275 607 1286 635 ε

195 656 300 698 Sive
321 655 484 711 Aquilo
503 656 620 701 radit
640 660 789 708 terras,
811 671 892 701 seu
911 659 1063 701 bruma
1084 659 1277 701 nivalem
1591 660 1656 704 25·

193 790 296 824 Pater
310 791 480 831 Matutine,
493 791 560 824 sive
575 792 687 831 mois,
702 793 798 833 June,
820 803 841 824 a
854 802 913 833 quo
927 792 1062 824 homines
1077 793 1286 824 exordiuntur
1307 794 1426 834 primos
1447 793 1571 824 labores
1589 800 1645 822 ‹zc-

193 836 290 865 taosoe
302 834 388 873 vita,
411 834 476 875 (ita
490 835 670 865 numinibus
681 834 812 875 placen)
827 838 862 866 tu
877 835 1002 865 initium
1017 835 1061 865 sis
1074 844 1218 866 versuum
1231 845 1379 867 meorum.
1427 836 1562 871 Quando
1578 834 1644 864 Ro-

192 885 252 906 ma
265 885 344 915 mm,
356 876 631 916 mafidejussorem
646 886 711 908 esse
724 877 821 915 cogis.
866 877 939 915 Eia,
954 876 1066 917 inquis,
1079 886 1210 917 propera
1220 888 1235 915 ‚²
1249 887 1287 908 ne
1300 878 1465 918 quisquam
1480 876 1645 919 officiosior

191 921 264 950 ante
276 919 468 959 respondeat.
511 919 587 950 Sive
601 918 716 959 Aquilo
740 919 878 958 stringat
905 922 1019 959 terras,
1034 920 1100 950 sive
1119 919 1225 961 hyems
1245 921 1409 951 contrahat
1433 921 1499 951 dies
1525 920 1646 950 nivosos

807 1012 822 1023 e
826 1011 920 1024 ‘eece
924 1012 1040 1024 ‘eone

192 1066 295 1100 codd.
311 1076 366 1108 ap.
381 1068 483 1100 eund.
497 1068 608 1108 gravis
621 1068 732 1099 mortis
747 1078 794 1099 me
808 1071 1040 1109 questus—21
1065 1069 1221 1102 Quatuor
1237 1078 1290 1108 ap.
1307 1068 1432 1106 Bothe,
1444 1068 1562 1108 primos
1577 1077 1647 1108 ope-

191 1113 358 1142 rtum—22
383 1110 451 1142 Alii
468 1111 569 1142 codd.
584 1111 612 1142 si
627 1111 691 1142 Dis
702 1111 853 1150 placitum
867 1112 1011 1141 esa—23
1036 1111 1167 1142 Romam
1183 1110 1317 1142 emend.
1333 1111 1526 1148 Marcilius,
1543 1115 1579 1142 et
1595 1120 1647 1142 re-

195 1153 291 1193 cepit
305 1152 420 1184 Bentl.
435 1153 467 1183 in
482 1153 537 1184 ed.
553 1162 606 1192 pr.
619 1153 765 1184 eantab.
783 1155 878 1184 1711.
893 1154 926 1183 in
939 1153 1092 1184 secunda
1107 1162 1186 1184 vero
1202 1157 1239 1183 et
1261 1152 1364 1184 tertia
1386 1152 1463 1183 edd.
1483 1152 1648 1183 Rome.—

192 1196 236 1227 24
257 1194 316 1226 ‘Si
341 1195 493 1235 legemus
516 1204 606 1234 urge,
633 1200 670 1226 ut
694 1195 822 1226 liabent
841 1203 957 1226 omnes
983 1195 1058 1225 libri
1076 1195 1218 1234 vulgati,
1241 1195 1358 1225 horum
1376 1195 1554 1226 verborum
1572 1195 1647 1226 haec

194 1236 277 1268 mihi
292 1236 427 1268 videtur
441 1236 515 1268 fore
532 1237 702 1268 sententia
717 1247 725 1268 z
751 1237 815 1268 Eia*
831 1237 956 1279 (inquit
973 1237 1156 1278 Horatius)
1172 1237 1344 1268 Matutine
1361 1246 1456 1276 urge,
1468 1241 1570 1278 atque
1588 1237 1648 1267 im-

194 1279 283 1319 pelle
300 1288 353 1310 me
370 1279 496 1311 acriter
510 1279 551 1311 ad
568 1280 631 1312 hoc
648 1278 793 1310 officium
811 1279 998 1320 spondendi
1015 1279 1114 1310 alicui
1133 1280 1243 1310 amico
1261 1281 1501 1319 praestandum,
1513 1289 1555 1310 ne
1572 1279 1648 1320 quis

193 1331 248 1352 me
263 1320 445 1354 officiosior
459 1322 598 1361 existat,
614 1326 716 1363 atque
741 1322 826 1353 lianc
848 1322 928 1352 mihi
953 1321 1088 1352 laudem
1105 1322 1293 1362 praeripiat.
1339 1322 1409 1359 Sin,
1434 1327 1472 1353 ut
1496 1321 1650 1352 nonnulli

192 1363 272 1394 libri
288 1364 523 1404 manuscripti,
538 1373 629 1404 urges
640 1375 653 1401 ;
675 1373 775 1404 quam
790 1364 991 1404 scripturam
1007 1373 1072 1403 ego
1087 1372 1294 1404 magnopere
1310 1363 1439 1404 probo;
1462 1363 1562 1404 hujus
1577 1363 1646 1394 loci

193 1405 268 1437 haec
282 1410 358 1438 erat
372 1407 565 1437 sententia:
590 1411 627 1437 tu
650 1406 821 1436 Matutine
846 1415 900 1437 me
923 1406 975 1436 sic
995 1406 1165 1436 hortando
1193 1414 1312 1445 urges:
1338 1405 1403 1443 eia,
1430 1405 1554 1436 Horati
1578 1406 1647 1437 noli

193 1448 419 1486 committere,
435 1454 474 1478 ut
491 1448 666 1489 quisquam
680 1446 790 1478 officio
806 1446 998 1478 satisfaciat
1015 1447 1120 1488 prior,
1136 1457 1236 1487 quam
1255 1453 1290 1478 tn
1307 1457 1316 1477 z
1341 1452 1455 1486 potest
1471 1451 1507 1477 et
1522 1447 1571 1478 sic
1587 1456 1647 1478 ex-

194 1489 328 1531 plicari,
349 1493 488 1521 servata.
514 1490 649 1530 vulgata
673 1494 710 1520 et
733 1489 902 1520 communi
918 1489 1103 1529 scriptura,
1130 1494 1167 1520 ut
1196 1489 1435 1528 intelligamus,
1463 1489 1646 1520 Horatium

191 1532 342 1572 seipsum
357 1532 497 1572 hortari,
512 1531 588 1563 eia:
613 1540 697 1571 urge
713 1531 803 1572 quod
821 1531 909 1571 agis,
921 1540 1004 1572 urge
1020 1530 1167 1563 officium
1185 1536 1292 1570 tuum,
1306 1531 1426 1572 nequis
1450 1534 1485 1562 te
1509 1531 1553 1562 sit
1576 1530 1647 1562 offi-

192 1574 336 1614 ciosior3
361 1574 421 1606 sed
439 1584 503 1614 ego
516 1584 610 1614 urges
625 1574 692 1614 legi
707 1573 819 1605 malo.’
840 1574 949 1605 Lamb.
995 1573 1093 1605 Harl,
1110 1576 1143 1605 2.
1159 1576 1190 1605 3.
1207 1576 1239 1605 4.
1254 1576 1286 1604 6.
1309 1582 1426 1604 omnes
1450 1573 1595 1605 Gesneri
1611 1578 1647 1605 et

193 1615 272 1650 edd.
288 1621 438 1649 recentt.
452 1626 531 1657 urge
542 1628 555 1655 ,-
577 1626 663 1648 unus
685 1616 889 1648 Bersmanni
903 1618 1091 1655 περι-25
1117 1615 1191 1647 Sive
1210 1615 1326 1656 Aquilo
1346 1619 1448 1646 terras
1467 1616 1554 1646 radit
1580 1615 1646 1647 Cu-

244 1679 250 1684 ’
849 1701 992 1733 NOTAE

193 1765 256 1798 bus
271 1765 500 1806 insigniebam
522 1763 822 1806 appellationibus,
835 1764 892 1796 lio-

192 1815 285 1847 noris
311 1816 366 1848 vel
396 1815 638 1848 assentationis
668 1825 782 1849 causa.
818 1815 893 1846 Ma·

191 1865 288 1899 crob-
322 1867 332 1884 ‘
348 1865 390 1898 In
420 1866 525 1897 sacris
548 1866 744 1897 invocamus
766 1865 892 1898 Janum

193 1907 380 1956 neminum,
389 1914 514 1947 Janum
527 1918 673 1957 patrem,
689 1914 815 1951 Janan
830 1914 890 1946 Ju-

191 1964 340 2005 nouium,
375 1965 500 1998 Janum
538 1964 731 2000 Quirinum,
766 1964 890 1997 Janum

193 2013 534 2056 Consivium‚Janum
547 2015 734 2047 Patultium
742 2019 778 2045 et
790 2015 890 2047 Clan-

194 2062 306 2103 sium‚’
321 2065 388 2095 ὅτε.
430 2063 487 2096 Sic
500 2068 536 2096 et
553 2063 676 2095 Horat.
695 2064 808 2095 Carm.
823 2065 891 2095 Sae-

195 2113 264 2144 cul.
308 2113 318 2130 ‘
336 2113 437 2145 Lenis
457 2113 599 2154 Ilithyia
627 2117 724 2144 tuere
746 2118 890 2151 matres,

193 2161 273 2193 Sive
296 2166 333 2194 tu
364 2162 495 2194 Lucina
521 2162 646 2204 probas
670 2163 798 2203 vocari,
823 2162 891 2197 Seu

197 2212 391 2244 Genitalis.’

235 2264 279 2294 22
300 2261 357 2294 Sic
377 2262 442 2293 Dis
455 2262 619 2303 placitum]
642 2261 691 2293 Ut
707 2261 891 2303 praesideas

194 2313 403 2355 temporibus
421 2319 457 2346 et
472 2314 589 2355 primis
604 2314 775 2346 hominum
798 2315 890 2346 labo-

195 2363 301 2404 ribus,
334 2364 465 2406 desque
494 2365 536 2396 iis
563 2363 647 2396 felix
680 2364 889 2405 auspicium:

196 2414 322 2456 quippe
347 2419 384 2447 tu
415 2416 424 2432 ‘
446 2415 480 2446 in
506 2414 610 2446 ltalia
637 2415 782 2456 primum
811 2415 891 2447 Diis

197 2463 326 2505 templa
340 2463 467 2503 fecisti,
488 2469 524 2495 et
539 2465 625 2496 ritus
646 2464 825 2496 instituisti
839 2474 892 2496 sa·

197 2521 354 2547 crorum:
388 2513 478 2546 unde
503 2513 538 2544 in
563 2513 748 2546 Sacrificiis
770 2513 891 2555 praefa-

196 2563 323 2595 tionem
331 2563 483 2595 meruisti
492 2563 718 2606 perpetuam.'
735 2563 890 2595 Macrob.

190 2611 264 2652 jam
276 2612 336 2644 cit.

244 2660 400 2692 Carminis
413 2663 477 2692 esto
495 2661 706 2704 Principium]
728 2664 818 2695 Fave
834 2663 893 2694 mi-

199 2710 234 2743 hi
260 2711 348 2744 hanc
372 2711 515 2743 Satiram
545 2713 747 2751 exon-aienti,
772 2714 805 2745 in
829 2723 893 2756 qua

199 2760 338 2792 nrbanae
363 2759 442 2792 vitae
457 2758 669 2795 incommoda
684 2774 703 2797 a
717 2765 892 2797 matutinis

200 2810 291 2843 horis
305 2819 499 2852 persequor.

987 1768 1029 1797 23
1053 1766 1162 1797 Roma:
1183 1773 1358 1806 sponsorem
1381 1773 1429 1795 me
1443 1763 1544 1804 rapis]
1568 1763 1645 1796 Hoc

946 1815 1090 1857 primum
1116 1818 1169 1846 est
1194 1813 1455 1853 incommodum,
1477 1812 1566 1856 quod
1583 1822 1646 1854 pro

945 1865 1020 1896 aliis
1035 1864 1206 1906 spondere
1223 1864 1419 1905 frequenter
1434 1873 1573 1895 necesse
1590 1864 1647 1904 sit,

946 1925 986 1948 ac
1002 1915 1194 1947 forensibus
1211 1915 1410 1947 tumultibus
1426 1915 1604 1946 interesse.

987 1967 1029 1996 24
1054 1965 1201 2005 Neprior
1215 1964 1330 2007 officio]
1345 1964 1399 1996 Ne
1416 1963 1506 1995 desis
1524 1964 1648 2006 amico,

945 2015 1074 2047 acriter
1087 2014 1244 2054 subveni,
1260 2013 1472 2046 laborantem
1497 2013 1532 2045 in
1553 2013 1646 2054 judi-

944 2065 997 2096 cio
1023 2069 1119 2096 tuere
1149 2069 1185 2096 et
1210 2064 1294 2105 juva
1309 2075 1317 2096 :
1342 2062 1489 2095 officium
1514 2063 1644 2104 praebe,

946 2115 1017 2146 sive
1035 2124 1095 2155 per
1111 2115 1240 2156 hyemis
1265 2114 1406 2155 frigora,
1421 2114 1493 2146 sive
1510 2124 1572 2155 per
1587 2124 1645 2148 an-

946 2164 1074 2205 gustias
1090 2163 1220 2195 dierum
1238 2163 1527 2195 brevissimarum.

986 2217 1027 2245 25
1044 2213 1174 2255 Aquilo]
1198 2213 1499 2254 Septemtrionalis
1514 2218 1646 2254 ventus,

945 2274 964 2295 a
989 2262 1287 2295 vehementissimo
1310 2264 1416 2294 instar
1438 2263 1559 2304 aquilae
1587 2274 1643 2295 vo-

944 2314 1017 2344 latu
1030 2313 1155 2351 dicius,
1167 2323 1209 2344 ex
1223 2313 1336 2344 Festo.
1360 2313 1493 2344 Graecis
1505 2313 1645 2348 Boreas,

946 2363 1007 2394 ἀπὸ
1018 2364 1074 2401 τῆς
1085 2364 1176 2403 βοῆς,
1189 2373 1208 2394 α
1220 2363 1312 2394 boatu
1323 2374 1333 2394 .·
1350 2363 1510 2404 quoniam
1521 2363 1566 2393 sit
1578 2363 1646 2394 vio-

945 2414 1029 2445 lenti
1045 2412 1145 2444 flatus
1162 2418 1196 2444 et
1211 2414 1336 2444 sonori.
1361 2413 1450 2445 Geli.
1468 2421 1508 2443 11.
1524 2414 1578 2443 22.

987 2463 1124 2503 Bruma]
1152 2462 1183 2494 A
1209 2462 1339 2493 dierum
1365 2462 1535 2492 brevitate
1561 2461 1644 2493 dici·

946 2517 1014 2554 tur,
1030 2523 1072 2544 ex
1096 2513 1249 2544 Varrone
1267 2517 1302 2543 et
1322 2512 1438 2542 Festo.
1481 2510 1551 2542 Alii
1572 2510 1643 2543 fac-

946 2567 1016 2596 tum
1032 2572 1153 2594 nomen
1175 2566 1300 2601 putant
1318 2570 1336 2591 e
1351 2558 1456 2600 βραχὺ
1469 2558 1561 2600 ἦμαρ,
1575 2561 1643 2594 bre-

946 2613 994 2644 vis
1002 2613 1080 2644 dies.
1104 2611 1261 2643 Macrob.
1277 2611 1348 2642 Sat.
1360 2620 1386 2641 1·
1407 2610 1529 2642 Isidor.
1540 2610 1597 2643 lib.
1610 2621 1643 2643 v.

947 2663 1017 2697 Jul.
1030 2662 1156 2702 Scalig.
1170 2661 1212 2692 de
1226 2662 1325 2693 Caus.
1338 2662 1377 2693 L.
1390 2661 1430 2694 L.
1440 2661 1498 2693 lib.
1511 2671 1536 2693 1.
1554 2662 1642 2693 Bru-

947 2723 1014 2752 ma,
1026 2712 1097 2744 sive
1109 2711 1292 2743 solstitium
1305 2711 1470 2752 hyemale,
1481 2720 1523 2743 ex
1535 2710 1640 2743 Ovid.

945 2763 1039 2795 Fast.
1053 2771 1078 2794 1.
1096 2765 1148 2792 est
1160 2761 1231 2792 dies
1246 2762 1255 2778 ‘
1271 2761 1380 2802 prima
1394 2761 1485 2804 novi,
1498 2760 1641 2794 veteris-

946 2821 1012 2855 que
1028 2811 1210 2844 novissima
1223 2810 1333 2844 Solis.’
