<?xml version="1.0" encoding="UTF-8"?>
<!DOCTYPE html PUBLIC "-//W3C//DTD XHTML 1.0 Transitional//EN"
    "http://www.w3.org/TR/xhtml1/DTD/xhtml1-transitional.dtd">
<html xmlns="http://www.w3.org/1999/xhtml" xml:lang="en" lang="en">
 <head>
  <title>
</title>
<meta http-equiv="Content-Type" content="text/html;charset=utf-8" />
  <meta name='ocr-system' content='tesseract 3.04.00' />
  <meta name='ocr-capabilities' content='ocr_page ocr_carea ocr_par ocr_line ocrx_word'/>
</head>
<body>
  <div class='ocr_page' id='page_1' title='image "./operazeune02horauoft_0055.png"; bbox 0 0 1904 3256; ppageno 0'>
   <div class='ocr_carea' id='block_1_1' title="bbox 608 295 1175 338">
    <p class='ocr_par' dir='ltr' id='par_1_1' title="bbox 608 295 1175 338">
     <span class='ocr_line' id='line_1_1' title="bbox 608 295 1175 338; baseline -0.005 0"><span class='ocrx_word' id='word_1_1' title='bbox 608 306 879 338; x_wconf 67' lang='grc' dir='ltr'>οΑιιΜιΝυΜ</span> <span class='ocrx_word' id='word_1_2' title='bbox 917 306 1009 336; x_wconf 77' lang='lat' dir='ltr'><strong>mn.</strong></span> <span class='ocrx_word' id='word_1_3' title='bbox 1041 306 1104 337; x_wconf 80' lang='grc' dir='ltr'><strong>ιν.</strong></span> <span class='ocrx_word' id='word_1_4' title='bbox 1134 295 1175 337; x_wconf 84' lang='grc'><strong>8.</strong></span> 
     </span>
    </p>
   </div>
   <div class='ocr_carea' id='block_1_2' title="bbox 332 401 1617 784">
    <p class='ocr_par' dir='ltr' id='par_1_2' title="bbox 333 401 1305 454">
     <span class='ocr_line' id='line_1_2' title="bbox 333 401 1305 454; baseline -0.002 -12"><span class='ocrx_word' id='word_1_5' title='bbox 333 401 595 453; x_wconf 85' lang='lat' dir='ltr'><strong>Graiorum3</strong></span> <span class='ocrx_word' id='word_1_6' title='bbox 624 414 768 454; x_wconf 90' lang='lat' dir='ltr'><strong>neque</strong></span> <span class='ocrx_word' id='word_1_7' title='bbox 789 404 836 442; x_wconf 81' lang='lat' dir='ltr'><strong>tu</strong></span> <span class='ocrx_word' id='word_1_8' title='bbox 857 401 1056 454; x_wconf 83' lang='lat' dir='ltr'><strong>pessima</strong></span> <span class='ocrx_word' id='word_1_9' title='bbox 1075 411 1305 441; x_wconf 88' lang='lat' dir='ltr'><strong>munerum</strong></span> 
     </span>
    </p>

    <p class='ocr_par' dir='ltr' id='par_1_3' title="bbox 333 464 1617 587">
     <span class='ocr_line' id='line_1_3' title="bbox 335 464 1617 516; baseline -0.004 -8"><span class='ocrx_word' id='word_1_10' title='bbox 335 468 509 516; x_wconf 84' lang='lat' dir='ltr'><strong>Ferres,</strong></span> <span class='ocrx_word' id='word_1_11' title='bbox 529 466 663 508; x_wconf 89' lang='lat' dir='ltr'><strong>divite</strong></span> <span class='ocrx_word' id='word_1_12' title='bbox 683 481 752 508; x_wconf 88' lang='lat' dir='ltr'><strong>me</strong></span> <span class='ocrx_word' id='word_1_13' title='bbox 772 467 944 508; x_wconf 87' lang='lat' dir='ltr'><strong>scilicet</strong></span> <span class='ocrx_word' id='word_1_14' title='bbox 964 467 1122 508; x_wconf 87' lang='lat' dir='ltr'><strong>artium</strong></span> <span class='ocrx_word' id='word_1_15' title='bbox 1588 464 1617 503; x_wconf 83' lang='lat'>5</span> 
     </span>
     <span class='ocr_line' id='line_1_4' title="bbox 333 532 1387 587; baseline -0.003 -13"><span class='ocrx_word' id='word_1_16' title='bbox 333 532 463 583; x_wconf 84' lang='lat' dir='ltr'><strong>Quas</strong></span> <span class='ocrx_word' id='word_1_17' title='bbox 493 532 856 574; x_wconf 27' lang='lat' dir='ltr'><strong>autsParrhasius</strong></span> <span class='ocrx_word' id='word_1_18' title='bbox 876 533 1070 587; x_wconf 86' lang='lat' dir='ltr'><strong>protulit,</strong></span> <span class='ocrx_word' id='word_1_19' title='bbox 1092 535 1166 574; x_wconf 85' lang='lat' dir='ltr'><strong>aut</strong></span> <span class='ocrx_word' id='word_1_20' title='bbox 1187 532 1387 585; x_wconf 81' lang='lat' dir='ltr'><strong>Scopas3</strong></span> 
     </span>
    </p>

    <p class='ocr_par' dir='ltr' id='par_1_4' title="bbox 334 599 1136 652">
     <span class='ocr_line' id='line_1_5' title="bbox 334 599 1136 652; baseline 0.001 -13"><span class='ocrx_word' id='word_1_21' title='bbox 334 599 426 640; x_wconf 91' lang='lat' dir='ltr'><strong>Hic</strong></span> <span class='ocrx_word' id='word_1_22' title='bbox 449 611 577 648; x_wconf 83' lang='lat' dir='ltr'><strong>saxo,</strong></span> <span class='ocrx_word' id='word_1_23' title='bbox 597 599 777 652; x_wconf 85' lang='lat' dir='ltr'><strong>liquidis</strong></span> <span class='ocrx_word' id='word_1_24' title='bbox 797 600 873 641; x_wconf 85' lang='lat' dir='ltr'><strong>ille</strong></span> <span class='ocrx_word' id='word_1_25' title='bbox 896 600 1136 650; x_wconf 89' lang='lat' dir='ltr'><strong>coloribus,</strong></span> 
     </span>
    </p>

    <p class='ocr_par' dir='ltr' id='par_1_5' title="bbox 334 658 1387 720">
     <span class='ocr_line' id='line_1_6' title="bbox 334 658 1387 720; baseline -0.001 -14"><span class='ocrx_word' id='word_1_26' title='bbox 334 658 486 706; x_wconf 78' lang='lat' dir='ltr'><strong>solers</strong></span> <span class='ocrx_word' id='word_1_27' title='bbox 506 678 623 707; x_wconf 92' lang='lat' dir='ltr'><strong>nunc</strong></span> <span class='ocrx_word' id='word_1_28' title='bbox 642 665 863 707; x_wconf 86' lang='lat' dir='ltr'><strong>hominem</strong></span> <span class='ocrx_word' id='word_1_29' title='bbox 885 679 1063 720; x_wconf 88' lang='lat' dir='ltr'><strong>ponere,</strong></span> <span class='ocrx_word' id='word_1_30' title='bbox 1083 679 1200 707; x_wconf 90' lang='lat' dir='ltr'><strong>nunc</strong></span> <span class='ocrx_word' id='word_1_31' title='bbox 1228 666 1387 707; x_wconf 82' lang='lat' dir='ltr'><strong>Deum.</strong></span> 
     </span>
    </p>

    <p class='ocr_par' dir='ltr' id='par_1_6' title="bbox 332 731 1272 784">
     <span class='ocr_line' id='line_1_7' title="bbox 332 731 1272 784; baseline 0.002 -13"><span class='ocrx_word' id='word_1_32' title='bbox 332 731 420 772; x_wconf 89' lang='lat' dir='ltr'><strong>Sed</strong></span> <span class='ocrx_word' id='word_1_33' title='bbox 438 744 524 772; x_wconf 89' lang='lat' dir='ltr'><strong>non</strong></span> <span class='ocrx_word' id='word_1_34' title='bbox 543 731 641 773; x_wconf 86' lang='lat' dir='ltr'><strong>haec</strong></span> <span class='ocrx_word' id='word_1_35' title='bbox 661 733 767 773; x_wconf 90' lang='lat' dir='ltr'><strong>mihi</strong></span> <span class='ocrx_word' id='word_1_36' title='bbox 787 733 880 784; x_wconf 84' lang='lat' dir='ltr'><strong>vis;</strong></span> <span class='ocrx_word' id='word_1_37' title='bbox 911 745 992 773; x_wconf 89' lang='lat' dir='ltr'><strong>nec</strong></span> <span class='ocrx_word' id='word_1_38' title='bbox 1014 733 1096 773; x_wconf 89' lang='lat' dir='ltr'><strong>tibi</strong></span> <span class='ocrx_word' id='word_1_39' title='bbox 1117 733 1272 774; x_wconf 87' lang='lat' dir='ltr'><strong>talium</strong></span> 
     </span>
    </p>
   </div>
   <div class='ocr_carea' id='block_1_3' title="bbox 331 797 1617 851">
    <p class='ocr_par' dir='ltr' id='par_1_7' title="bbox 331 797 1617 851">
     <span class='ocr_line' id='line_1_8' title="bbox 331 797 1617 851; baseline -0.002 -13"><span class='ocrx_word' id='word_1_40' title='bbox 331 797 427 838; x_wconf 87' lang='lat' dir='ltr'><strong>Res</strong></span> <span class='ocrx_word' id='word_1_41' title='bbox 446 801 513 839; x_wconf 87' lang='lat' dir='ltr'><strong>est</strong></span> <span class='ocrx_word' id='word_1_42' title='bbox 531 804 608 839; x_wconf 88' lang='lat' dir='ltr'><strong>aut</strong></span> <span class='ocrx_word' id='word_1_43' title='bbox 630 798 804 840; x_wconf 85' lang='lat' dir='ltr'><strong>animus</strong></span> <span class='ocrx_word' id='word_1_44' title='bbox 825 798 1077 839; x_wconf 83' lang='lat' dir='ltr'><strong>deliciarum</strong></span> <span class='ocrx_word' id='word_1_45' title='bbox 1098 810 1243 851; x_wconf 84' lang='lat' dir='ltr'><strong>egens.</strong></span> <span class='ocrx_word' id='word_1_46' title='bbox 1560 797 1617 837; x_wconf 84' lang='lat'><strong>10</strong></span> 
     </span>
    </p>
   </div>
   <div class='ocr_carea' id='block_1_4' title="bbox 159 913 1618 1081">
    <p class='ocr_par' dir='ltr' id='par_1_8' title="bbox 159 913 1618 1081">
     <span class='ocr_line' id='line_1_9' title="bbox 159 913 1612 954; baseline 0 -10"><span class='ocrx_word' id='word_1_47' title='bbox 159 913 310 954; x_wconf 71' lang='lat' dir='ltr'><strong>tripodas,</strong></span> <span class='ocrx_word' id='word_1_48' title='bbox 334 913 517 946; x_wconf 78' lang='lat' dir='ltr'><strong>Graecorum</strong></span> <span class='ocrx_word' id='word_1_49' title='bbox 529 918 723 946; x_wconf 73' lang='lat' dir='ltr'><strong>strenuorum</strong></span> <span class='ocrx_word' id='word_1_50' title='bbox 737 924 863 946; x_wconf 77' lang='lat' dir='ltr'><strong>munera</strong></span> <span class='ocrx_word' id='word_1_51' title='bbox 875 926 887 951; x_wconf 91' lang='lat'><strong>,·</strong></span> <span class='ocrx_word' id='word_1_52' title='bbox 909 918 944 946; x_wconf 77' lang='lat' dir='ltr'><strong>lu</strong></span> <span class='ocrx_word' id='word_1_53' title='bbox 958 924 1030 946; x_wconf 82' lang='lat' dir='ltr'><strong>vero</strong></span> <span class='ocrx_word' id='word_1_54' title='bbox 1045 924 1105 946; x_wconf 83' lang='lat' dir='ltr'><strong>mm</strong></span> <span class='ocrx_word' id='word_1_55' title='bbox 1119 914 1247 946; x_wconf 80' lang='lat' dir='ltr'><strong>minima</strong></span> <span class='ocrx_word' id='word_1_56' title='bbox 1262 914 1428 954; x_wconf 47' lang='lat' dir='ltr'><strong>accipere&amp;</strong></span> <span class='ocrx_word' id='word_1_57' title='bbox 1443 913 1473 944; x_wconf 83' lang='lat' dir='ltr'><strong>si</strong></span> <span class='ocrx_word' id='word_1_58' title='bbox 1487 915 1612 953; x_wconf 80' lang='lat' dir='ltr'><strong>opulen-</strong></span> 
     </span>
     <span class='ocr_line' id='line_1_10' title="bbox 159 956 1615 997; baseline -0.001 -11"><span class='ocrx_word' id='word_1_59' title='bbox 159 958 212 986; x_wconf 75' lang='lat' dir='ltr'><strong>tus</strong></span> <span class='ocrx_word' id='word_1_60' title='bbox 223 956 330 994; x_wconf 83' lang='lat' dir='ltr'><strong>sorem</strong></span> <span class='ocrx_word' id='word_1_61' title='bbox 343 956 464 988; x_wconf 75' lang='lat' dir='ltr'><strong>artibus</strong></span> <span class='ocrx_word' id='word_1_62' title='bbox 481 967 557 997; x_wconf 80' lang='lat' dir='ltr'><strong>quas</strong></span> <span class='ocrx_word' id='word_1_63' title='bbox 570 958 713 997; x_wconf 74' lang='lat' dir='ltr'><strong>provexit</strong></span> <span class='ocrx_word' id='word_1_64' title='bbox 729 959 778 989; x_wconf 82' lang='lat' dir='ltr'><strong>vel</strong></span> <span class='ocrx_word' id='word_1_65' title='bbox 794 958 983 988; x_wconf 71' lang='lat' dir='ltr'><strong>Parrhasius</strong></span> <span class='ocrx_word' id='word_1_66' title='bbox 999 958 1046 988; x_wconf 77' lang='lat' dir='ltr'><strong>vel</strong></span> <span class='ocrx_word' id='word_1_67' title='bbox 1062 957 1177 997; x_wconf 73' lang='lat' dir='ltr'><strong>Scopas</strong></span> <span class='ocrx_word' id='word_1_68' title='bbox 1188 967 1200 993; x_wconf 91' lang='lat'><em>;</em></span> <span class='ocrx_word' id='word_1_69' title='bbox 1229 958 1311 988; x_wconf 79' lang='lat' dir='ltr'><strong>alter</strong></span> <span class='ocrx_word' id='word_1_70' title='bbox 1333 957 1446 995; x_wconf 77' lang='lat' dir='ltr'><strong>lapide,</strong></span> <span class='ocrx_word' id='word_1_71' title='bbox 1462 956 1615 986; x_wconf 74' lang='lat' dir='ltr'><strong>coloribus</strong></span> 
     </span>
     <span class='ocr_line' id='line_1_11' title="bbox 159 998 1614 1040; baseline -0.001 -12"><span class='ocrx_word' id='word_1_72' title='bbox 159 998 241 1029; x_wconf 74' lang='lat' dir='ltr'><strong>alter</strong></span> <span class='ocrx_word' id='word_1_73' title='bbox 248 998 371 1038; x_wconf 69' lang='lat' dir='ltr'><strong>peritus</strong></span> <span class='ocrx_word' id='word_1_74' title='bbox 389 999 534 1040; x_wconf 63' lang='lat' dir='ltr'><strong>effingere</strong></span> <span class='ocrx_word' id='word_1_75' title='bbox 548 1001 635 1030; x_wconf 83' lang='lat' dir='ltr'><strong>modo</strong></span> <span class='ocrx_word' id='word_1_76' title='bbox 650 1000 752 1031; x_wconf 80' lang='lat' dir='ltr'><strong>virum</strong></span> <span class='ocrx_word' id='word_1_77' title='bbox 766 1001 853 1030; x_wconf 75' lang='lat' dir='ltr'><strong>modo</strong></span> <span class='ocrx_word' id='word_1_78' title='bbox 871 1000 987 1031; x_wconf 80' lang='lat' dir='ltr'><strong>Deum.</strong></span> <span class='ocrx_word' id='word_1_79' title='bbox 1041 1000 1087 1030; x_wconf 77' lang='lat' dir='ltr'><strong>At</strong></span> <span class='ocrx_word' id='word_1_80' title='bbox 1103 999 1179 1030; x_wconf 72' lang='lat' dir='ltr'><strong>milei</strong></span> <span class='ocrx_word' id='word_1_81' title='bbox 1190 998 1331 1036; x_wconf 77' lang='lat' dir='ltr'><strong>facultas</strong></span> <span class='ocrx_word' id='word_1_82' title='bbox 1344 999 1407 1028; x_wconf 76' lang='lat' dir='ltr'><strong>istu</strong></span> <span class='ocrx_word' id='word_1_83' title='bbox 1422 1007 1482 1028; x_wconf 77' lang='lat' dir='ltr'><strong>non</strong></span> <span class='ocrx_word' id='word_1_84' title='bbox 1505 998 1590 1028; x_wconf 75' lang='lat' dir='ltr'><strong>adest</strong></span> <span class='ocrx_word' id='word_1_85' title='bbox 1603 1008 1614 1027; x_wconf 84' lang='lat'><strong>.-</strong></span> 
     </span>
     <span class='ocr_line' id='line_1_12' title="bbox 159 1040 1618 1081; baseline 0 -11"><span class='ocrx_word' id='word_1_86' title='bbox 159 1049 215 1071; x_wconf 73' lang='grc' dir='ltr'><strong>πει·</strong></span> <span class='ocrx_word' id='word_1_87' title='bbox 229 1049 279 1071; x_wconf 86' lang='lat' dir='ltr'><strong>res</strong></span> <span class='ocrx_word' id='word_1_88' title='bbox 293 1043 346 1072; x_wconf 76' lang='lat' dir='ltr'><strong>tua</strong></span> <span class='ocrx_word' id='word_1_89' title='bbox 353 1040 540 1081; x_wconf 73' lang='lat' dir='ltr'><strong>familiaris,</strong></span> <span class='ocrx_word' id='word_1_90' title='bbox 552 1042 600 1073; x_wconf 85' lang='lat' dir='ltr'><strong>vel</strong></span> <span class='ocrx_word' id='word_1_91' title='bbox 611 1042 733 1073; x_wconf 74' lang='lat' dir='ltr'><strong>animus</strong></span> <span class='ocrx_word' id='word_1_92' title='bbox 747 1045 820 1073; x_wconf 78' lang='lat' dir='ltr'><strong>tuus</strong></span> <span class='ocrx_word' id='word_1_93' title='bbox 834 1042 977 1081; x_wconf 77' lang='lat' dir='ltr'><strong>indigent</strong></span> <span class='ocrx_word' id='word_1_94' title='bbox 992 1041 1065 1072; x_wconf 75' lang='lat' dir='ltr'><strong>istis</strong></span> <span class='ocrx_word' id='word_1_95' title='bbox 1084 1041 1218 1073; x_wconf 79' lang='lat' dir='ltr'><strong>deliciis.</strong></span> <span class='ocrx_word' id='word_1_96' title='bbox 1267 1041 1416 1071; x_wconf 79' lang='lat' dir='ltr'><strong>Versibus</strong></span> <span class='ocrx_word' id='word_1_97' title='bbox 1430 1040 1593 1071; x_wconf 80' lang='lat' dir='ltr'><strong>delectaris</strong></span> <span class='ocrx_word' id='word_1_98' title='bbox 1608 1050 1618 1069; x_wconf 84' lang='lat'>:</span> 
     </span>
    </p>
   </div>
   <div class='ocr_carea' id='block_1_5' title="bbox 766 1126 1006 1138">
    <p class='ocr_par' dir='ltr' id='par_1_9' title="bbox 766 1126 1006 1138">
     <span class='ocr_line' id='line_1_13' title="bbox 766 1126 1006 1138; baseline 0 0"><span class='ocrx_word' id='word_1_99' title='bbox 766 1126 1006 1138; x_wconf 59' lang='grc' dir='ltr'><strong>οοοοοοοοοο</strong></span> 
     </span>
    </p>
   </div>
   <div class='ocr_carea' id='block_1_6' title="bbox 159 1177 1619 1679">
    <p class='ocr_par' dir='ltr' id='par_1_10' title="bbox 159 1177 1619 1679">
     <span class='ocr_line' id='line_1_14' title="bbox 161 1177 1612 1221; baseline -0.001 -13"><span class='ocrx_word' id='word_1_100' title='bbox 161 1177 332 1210; x_wconf 81' lang='lat' dir='ltr'><strong>Kidd.—4</strong></span> <span class='ocrx_word' id='word_1_101' title='bbox 354 1177 499 1211; x_wconf 86' lang='lat' dir='ltr'><strong>Mediol.</strong></span> <span class='ocrx_word' id='word_1_102' title='bbox 529 1182 624 1211; x_wconf 79' lang='lat'><strong>1477.</strong></span> <span class='ocrx_word' id='word_1_103' title='bbox 646 1179 780 1219; x_wconf 77' lang='lat' dir='ltr'><strong>pessima</strong></span> <span class='ocrx_word' id='word_1_104' title='bbox 802 1183 1006 1213; x_wconf 58' lang='lat' dir='ltr'><strong>murtena—6</strong></span> <span class='ocrx_word' id='word_1_105' title='bbox 1026 1180 1172 1221; x_wconf 86' lang='lat' dir='ltr'><strong>Cuning.</strong></span> <span class='ocrx_word' id='word_1_106' title='bbox 1200 1179 1333 1210; x_wconf 90' lang='lat' dir='ltr'><strong>emend.</strong></span> <span class='ocrx_word' id='word_1_107' title='bbox 1380 1179 1467 1214; x_wconf 80' lang='lat' dir='ltr'><strong>Quas</strong></span> <span class='ocrx_word' id='word_1_108' title='bbox 1495 1181 1550 1208; x_wconf 79' lang='lat' dir='ltr'><strong>aut</strong></span> <span class='ocrx_word' id='word_1_109' title='bbox 1571 1177 1612 1207; x_wconf 90' lang='lat' dir='ltr'><strong>P.</strong></span> 
     </span>
     <span class='ocr_line' id='line_1_15' title="bbox 160 1219 1615 1263; baseline -0.001 -13"><span class='ocrx_word' id='word_1_110' title='bbox 160 1219 373 1259; x_wconf 56' lang='lat' dir='ltr'><strong>maximin—7</strong></span> <span class='ocrx_word' id='word_1_111' title='bbox 397 1219 439 1251; x_wconf 86' lang='lat' dir='ltr'><strong>In</strong></span> <span class='ocrx_word' id='word_1_112' title='bbox 468 1221 669 1262; x_wconf 87' lang='lat' dir='ltr'><strong>quibusdam</strong></span> <span class='ocrx_word' id='word_1_113' title='bbox 692 1227 777 1254; x_wconf 87' lang='lat' dir='ltr'><strong>vett.</strong></span> <span class='ocrx_word' id='word_1_114' title='bbox 798 1223 930 1263; x_wconf 85' lang='lat' dir='ltr'><strong>pingere</strong></span> <span class='ocrx_word' id='word_1_115' title='bbox 958 1232 1020 1263; x_wconf 87' lang='lat' dir='ltr'><strong>pro</strong></span> <span class='ocrx_word' id='word_1_116' title='bbox 1045 1232 1174 1262; x_wconf 81' lang='lat' dir='ltr'><strong>ponere,</strong></span> <span class='ocrx_word' id='word_1_117' title='bbox 1191 1231 1235 1252; x_wconf 86' lang='lat' dir='ltr'><strong>ex</strong></span> <span class='ocrx_word' id='word_1_118' title='bbox 1264 1222 1386 1262; x_wconf 84' lang='lat' dir='ltr'>glossa.</span> <span class='ocrx_word' id='word_1_119' title='bbox 1431 1220 1520 1250; x_wconf 86' lang='lat' dir='ltr'><strong>Vide</strong></span> <span class='ocrx_word' id='word_1_120' title='bbox 1536 1219 1615 1250; x_wconf 85' lang='lat' dir='ltr'><strong>Nic.</strong></span> 
     </span>
     <span class='ocr_line' id='line_1_16' title="bbox 162 1261 1619 1295; baseline -0.001 -3"><span class='ocrx_word' id='word_1_121' title='bbox 162 1261 284 1293; x_wconf 82' lang='lat' dir='ltr'><strong>Heius.</strong></span> <span class='ocrx_word' id='word_1_122' title='bbox 301 1262 345 1294; x_wconf 83' lang='lat' dir='ltr'><strong>ad</strong></span> <span class='ocrx_word' id='word_1_123' title='bbox 362 1261 467 1293; x_wconf 85' lang='lat' dir='ltr'><strong>Ovid.</strong></span> <span class='ocrx_word' id='word_1_124' title='bbox 490 1262 568 1294; x_wconf 85' lang='lat' dir='ltr'>Art.</span> <span class='ocrx_word' id='word_1_125' title='bbox 586 1262 663 1294; x_wconf 91' lang='lat' dir='ltr'><strong>Am.</strong></span> <span class='ocrx_word' id='word_1_126' title='bbox 680 1272 736 1294; x_wconf 88' lang='grc' dir='ltr'><strong>ιιι.</strong></span> <span class='ocrx_word' id='word_1_127' title='bbox 752 1267 828 1295; x_wconf 80' lang='grc'><strong>401.</strong></span> <span class='ocrx_word' id='word_1_128' title='bbox 841 1269 876 1294; x_wconf 87' lang='lat' dir='ltr'><strong>et</strong></span> <span class='ocrx_word' id='word_1_129' title='bbox 893 1265 1009 1294; x_wconf 85' lang='lat' dir='ltr'><strong>Burm.</strong></span> <span class='ocrx_word' id='word_1_130' title='bbox 1026 1265 1068 1295; x_wconf 84' lang='lat' dir='ltr'><strong>ad</strong></span> <span class='ocrx_word' id='word_1_131' title='bbox 1084 1264 1187 1295; x_wconf 89' lang='lat' dir='ltr'><strong>Ovid.</strong></span> <span class='ocrx_word' id='word_1_132' title='bbox 1205 1264 1294 1294; x_wconf 86' lang='lat' dir='ltr'><strong>Met.</strong></span> <span class='ocrx_word' id='word_1_133' title='bbox 1313 1272 1349 1294; x_wconf 86' lang='lat' dir='ltr'><strong>x.</strong></span> <span class='ocrx_word' id='word_1_134' title='bbox 1363 1265 1503 1294; x_wconf 82' lang='lat'><strong>516.-—8</strong></span> <span class='ocrx_word' id='word_1_135' title='bbox 1525 1262 1534 1278; x_wconf 91' lang='lat'>‘</span> <span class='ocrx_word' id='word_1_136' title='bbox 1550 1261 1619 1291; x_wconf 82' lang='lat' dir='ltr'><strong>Sol-</strong></span> 
     </span>
     <span class='ocr_line' id='line_1_17' title="bbox 161 1303 1614 1346; baseline -0.001 -12"><span class='ocrx_word' id='word_1_137' title='bbox 161 1303 223 1334; x_wconf 81' lang='lat' dir='ltr'><strong>lers</strong></span> <span class='ocrx_word' id='word_1_138' title='bbox 237 1303 466 1342; x_wconf 81' lang='lat' dir='ltr'><strong>scribendum,</strong></span> <span class='ocrx_word' id='word_1_139' title='bbox 482 1310 518 1336; x_wconf 89' lang='lat' dir='ltr'><strong>ut</strong></span> <span class='ocrx_word' id='word_1_140' title='bbox 533 1304 588 1335; x_wconf 88' lang='lat' dir='ltr'><strong>hic</strong></span> <span class='ocrx_word' id='word_1_141' title='bbox 603 1305 705 1335; x_wconf 86' lang='lat' dir='ltr'><strong>etiam</strong></span> <span class='ocrx_word' id='word_1_142' title='bbox 723 1309 790 1336; x_wconf 88' lang='lat' dir='ltr'><strong>tres</strong></span> <span class='ocrx_word' id='word_1_143' title='bbox 804 1305 951 1336; x_wconf 89' lang='lat' dir='ltr'><strong>Blandd.</strong></span> <span class='ocrx_word' id='word_1_144' title='bbox 966 1307 1070 1346; x_wconf 83' lang='lat' dir='ltr'><strong>Cruq.</strong></span> <span class='ocrx_word' id='word_1_145' title='bbox 1088 1306 1213 1346; x_wconf 82' lang='lat' dir='ltr'><strong>aliique</strong></span> <span class='ocrx_word' id='word_1_146' title='bbox 1231 1305 1309 1336; x_wconf 89' lang='lat' dir='ltr'><strong>boui</strong></span> <span class='ocrx_word' id='word_1_147' title='bbox 1325 1304 1424 1336; x_wconf 87' lang='lat' dir='ltr'><strong>codd.</strong></span> <span class='ocrx_word' id='word_1_148' title='bbox 1469 1304 1592 1334; x_wconf 85' lang='lat' dir='ltr'>Festus</span> <span class='ocrx_word' id='word_1_149' title='bbox 1606 1313 1614 1333; x_wconf 77' lang='lat' dir='ltr'><em>z</em></span> 
     </span>
     <span class='ocr_line' id='line_1_18' title="bbox 161 1344 1614 1386; baseline 0 -11"><span class='ocrx_word' id='word_1_150' title='bbox 161 1344 266 1376; x_wconf 69' lang='lat' dir='ltr'><strong>‘Solle</strong></span> <span class='ocrx_word' id='word_1_151' title='bbox 281 1345 374 1377; x_wconf 85' lang='lat' dir='ltr'><strong>Osce</strong></span> <span class='ocrx_word' id='word_1_152' title='bbox 401 1345 528 1377; x_wconf 87' lang='lat' dir='ltr'><strong>dicitur</strong></span> <span class='ocrx_word' id='word_1_153' title='bbox 550 1346 596 1386; x_wconf 83' lang='lat' dir='ltr'><strong>id,</strong></span> <span class='ocrx_word' id='word_1_154' title='bbox 616 1346 706 1386; x_wconf 88' lang='lat' dir='ltr'><strong>quod</strong></span> <span class='ocrx_word' id='word_1_155' title='bbox 722 1355 782 1377; x_wconf 89' lang='lat' dir='ltr'><strong>nos</strong></span> <span class='ocrx_word' id='word_1_156' title='bbox 799 1351 908 1378; x_wconf 89' lang='lat' dir='ltr'><strong>totum</strong></span> <span class='ocrx_word' id='word_1_157' title='bbox 931 1357 1114 1384; x_wconf 81' lang='lat' dir='ltr'><strong>vocamus3</strong></span> <span class='ocrx_word' id='word_1_158' title='bbox 1136 1348 1243 1386; x_wconf 58' lang='lat' dir='ltr'><strong>sollers</strong></span> <span class='ocrx_word' id='word_1_159' title='bbox 1270 1347 1384 1382; x_wconf 70' lang='lat' dir='ltr'><strong>etiam,</strong></span> <span class='ocrx_word' id='word_1_160' title='bbox 1401 1346 1432 1375; x_wconf 86' lang='lat' dir='ltr'><strong>in</strong></span> <span class='ocrx_word' id='word_1_161' title='bbox 1459 1346 1548 1376; x_wconf 92' lang='lat' dir='ltr'><strong>omni</strong></span> <span class='ocrx_word' id='word_1_162' title='bbox 1578 1354 1614 1375; x_wconf 85' lang='lat' dir='ltr'><strong>re</strong></span> 
     </span>
     <span class='ocr_line' id='line_1_19' title="bbox 163 1386 1615 1426; baseline -0.001 -9"><span class='ocrx_word' id='word_1_163' title='bbox 163 1386 348 1426; x_wconf 61' lang='lat' dir='ltr'><strong>prudens?</strong></span> <span class='ocrx_word' id='word_1_164' title='bbox 383 1387 491 1426; x_wconf 84' lang='lat' dir='ltr'><strong>quasi,</strong></span> <span class='ocrx_word' id='word_1_165' title='bbox 521 1391 612 1418; x_wconf 89' lang='lat' dir='ltr'><strong>totus</strong></span> <span class='ocrx_word' id='word_1_166' title='bbox 643 1388 675 1416; x_wconf 90' lang='lat' dir='ltr'><strong>in</strong></span> <span class='ocrx_word' id='word_1_167' title='bbox 704 1387 803 1418; x_wconf 63' lang='lat' dir='ltr'><strong>arte!</strong></span> <span class='ocrx_word' id='word_1_168' title='bbox 826 1388 983 1418; x_wconf 79' lang='lat' dir='ltr'><strong>Jani.—9</strong></span> <span class='ocrx_word' id='word_1_169' title='bbox 1006 1389 1108 1418; x_wconf 90' lang='lat' dir='ltr'><strong>Multi</strong></span> <span class='ocrx_word' id='word_1_170' title='bbox 1131 1389 1233 1418; x_wconf 86' lang='lat' dir='ltr'>codd.</span> <span class='ocrx_word' id='word_1_171' title='bbox 1262 1394 1299 1418; x_wconf 85' lang='lat' dir='ltr'><strong>ut</strong></span> <span class='ocrx_word' id='word_1_172' title='bbox 1327 1388 1427 1418; x_wconf 85' lang='lat' dir='ltr'><strong>Harl.</strong></span> <span class='ocrx_word' id='word_1_173' title='bbox 1443 1389 1564 1418; x_wconf 74' lang='lat'><strong>2.3.4.</strong></span> <span class='ocrx_word' id='word_1_174' title='bbox 1583 1390 1615 1417; x_wconf 84' lang='grc'><strong>6.</strong></span> 
     </span>
     <span class='ocr_line' id='line_1_20' title="bbox 162 1427 1617 1468; baseline 0 -10"><span class='ocrx_word' id='word_1_175' title='bbox 162 1427 534 1459; x_wconf 79' lang='lat' dir='ltr'><strong>PulnianniGemblac.</strong></span> <span class='ocrx_word' id='word_1_176' title='bbox 551 1430 577 1458; x_wconf 89' lang='grc' dir='ltr'><strong>Ι.</strong></span> <span class='ocrx_word' id='word_1_177' title='bbox 589 1431 622 1459; x_wconf 86' lang='grc'><strong>2.</strong></span> <span class='ocrx_word' id='word_1_178' title='bbox 639 1428 768 1460; x_wconf 87' lang='lat' dir='ltr'><strong>Beller.</strong></span> <span class='ocrx_word' id='word_1_179' title='bbox 780 1432 817 1459; x_wconf 85' lang='lat' dir='ltr'><strong>et</strong></span> <span class='ocrx_word' id='word_1_180' title='bbox 833 1429 966 1460; x_wconf 87' lang='lat' dir='ltr'><strong>Diesth.</strong></span> <span class='ocrx_word' id='word_1_181' title='bbox 984 1429 1082 1460; x_wconf 87' lang='lat' dir='ltr'><strong>Gott.</strong></span> <span class='ocrx_word' id='word_1_182' title='bbox 1100 1429 1193 1468; x_wconf 88' lang='lat' dir='ltr'><strong>Lips.</strong></span> <span class='ocrx_word' id='word_1_183' title='bbox 1211 1431 1241 1459; x_wconf 94' lang='lat' dir='ltr'><strong>l.</strong></span> <span class='ocrx_word' id='word_1_184' title='bbox 1259 1432 1289 1460; x_wconf 84' lang='grc'><strong>3.</strong></span> <span class='ocrx_word' id='word_1_185' title='bbox 1308 1429 1389 1459; x_wconf 88' lang='lat' dir='ltr'><strong>item</strong></span> <span class='ocrx_word' id='word_1_186' title='bbox 1408 1428 1526 1459; x_wconf 79' lang='lat' dir='ltr'><strong>Zarot.</strong></span> <span class='ocrx_word' id='word_1_187' title='bbox 1543 1428 1617 1458; x_wconf 90' lang='lat' dir='ltr'><strong>Me-</strong></span> 
     </span>
     <span class='ocr_line' id='line_1_21' title="bbox 161 1469 1616 1511; baseline -0.001 -11"><span class='ocrx_word' id='word_1_188' title='bbox 161 1469 242 1501; x_wconf 85' lang='lat' dir='ltr'><strong>diol.</strong></span> <span class='ocrx_word' id='word_1_189' title='bbox 265 1473 348 1510; x_wconf 87' lang='lat' dir='ltr'><strong>tres,</strong></span> <span class='ocrx_word' id='word_1_190' title='bbox 361 1469 467 1501; x_wconf 82' lang='lat' dir='ltr'><strong>Basil.</strong></span> <span class='ocrx_word' id='word_1_191' title='bbox 485 1469 622 1500; x_wconf 82' lang='lat' dir='ltr'><strong>Fabric·</strong></span> <span class='ocrx_word' id='word_1_192' title='bbox 634 1469 726 1501; x_wconf 91' lang='lat' dir='ltr'><strong>Mur.</strong></span> <span class='ocrx_word' id='word_1_193' title='bbox 742 1470 905 1501; x_wconf 88' lang='lat' dir='ltr'><strong>Torrent.</strong></span> <span class='ocrx_word' id='word_1_194' title='bbox 922 1471 1083 1511; x_wconf 83' lang='lat' dir='ltr'><strong>Rutgers.</strong></span> <span class='ocrx_word' id='word_1_195' title='bbox 1109 1470 1220 1502; x_wconf 84' lang='lat' dir='ltr'><strong>Bond.</strong></span> <span class='ocrx_word' id='word_1_196' title='bbox 1236 1471 1363 1510; x_wconf 87' lang='lat' dir='ltr'><strong>Delph.</strong></span> <span class='ocrx_word' id='word_1_197' title='bbox 1380 1474 1416 1501; x_wconf 86' lang='lat' dir='ltr'><strong>et</strong></span> <span class='ocrx_word' id='word_1_198' title='bbox 1439 1470 1616 1500; x_wconf 82' lang='lat' dir='ltr'><strong>Schrevel.</strong></span> 
     </span>
     <span class='ocr_line' id='line_1_22' title="bbox 159 1510 1617 1554; baseline 0 -12"><span class='ocrx_word' id='word_1_199' title='bbox 159 1521 221 1542; x_wconf 74' lang='lat' dir='ltr'><strong>non</strong></span> <span class='ocrx_word' id='word_1_200' title='bbox 244 1511 316 1543; x_wconf 74' lang='lat' dir='ltr'><strong>eibi.</strong></span> <span class='ocrx_word' id='word_1_201' title='bbox 375 1510 565 1552; x_wconf 85' lang='lat' dir='ltr'><strong>Antiquiss.</strong></span> <span class='ocrx_word' id='word_1_202' title='bbox 604 1511 727 1543; x_wconf 90' lang='lat' dir='ltr'><strong>Bland.</strong></span> <span class='ocrx_word' id='word_1_203' title='bbox 743 1512 913 1554; x_wconf 57' lang='lat' dir='ltr'><strong>{Cruquii,</strong></span> <span class='ocrx_word' id='word_1_204' title='bbox 941 1513 1008 1544; x_wconf 91' lang='lat' dir='ltr'><strong>duo</strong></span> <span class='ocrx_word' id='word_1_205' title='bbox 1037 1513 1253 1550; x_wconf 87' lang='lat' dir='ltr'><strong>Bersmanni,</strong></span> <span class='ocrx_word' id='word_1_206' title='bbox 1279 1512 1462 1543; x_wconf 83' lang='lat' dir='ltr'><strong>Pulmanni</strong></span> <span class='ocrx_word' id='word_1_207' title='bbox 1499 1511 1617 1542; x_wconf 83' lang='lat' dir='ltr'><strong>Hunn.</strong></span> 
     </span>
     <span class='ocr_line' id='line_1_23' title="bbox 160 1552 1619 1595; baseline 0.001 -11"><span class='ocrx_word' id='word_1_208' title='bbox 160 1553 310 1584; x_wconf 75' lang='lat' dir='ltr'><strong>Bentleii</strong></span> <span class='ocrx_word' id='word_1_209' title='bbox 333 1552 447 1584; x_wconf 82' lang='lat' dir='ltr'><strong>Groev.</strong></span> <span class='ocrx_word' id='word_1_210' title='bbox 470 1553 592 1594; x_wconf 84' lang='lat' dir='ltr'><strong>Regin.</strong></span> <span class='ocrx_word' id='word_1_211' title='bbox 618 1558 653 1584; x_wconf 91' lang='lat' dir='ltr'><strong>et</strong></span> <span class='ocrx_word' id='word_1_212' title='bbox 670 1553 741 1593; x_wconf 89' lang='lat' dir='ltr'><strong>alii,</strong></span> <span class='ocrx_word' id='word_1_213' title='bbox 756 1555 850 1594; x_wconf 88' lang='lat' dir='ltr'><strong>Lips.</strong></span> <span class='ocrx_word' id='word_1_214' title='bbox 866 1558 899 1586; x_wconf 77' lang='lat'><strong>2.</strong></span> <span class='ocrx_word' id='word_1_215' title='bbox 915 1557 948 1586; x_wconf 79' lang='grc'><strong>4.</strong></span> <span class='ocrx_word' id='word_1_216' title='bbox 972 1556 1072 1586; x_wconf 83' lang='lat' dir='ltr'><strong>Dess.</strong></span> <span class='ocrx_word' id='word_1_217' title='bbox 1089 1557 1121 1586; x_wconf 83' lang='lat'><strong>2.</strong></span> <span class='ocrx_word' id='word_1_218' title='bbox 1151 1555 1296 1595; x_wconf 84' lang='lat' dir='ltr'><strong>Franeq.</strong></span> <span class='ocrx_word' id='word_1_219' title='bbox 1319 1555 1464 1585; x_wconf 84' lang='lat' dir='ltr'><strong>Mentel.</strong></span> <span class='ocrx_word' id='word_1_220' title='bbox 1482 1553 1568 1585; x_wconf 85' lang='lat' dir='ltr'><strong>Altt.</strong></span> <span class='ocrx_word' id='word_1_221' title='bbox 1586 1557 1619 1585; x_wconf 87' lang='lat'><strong>1.</strong></span> 
     </span>
     <span class='ocr_line' id='line_1_24' title="bbox 160 1595 1615 1638; baseline -0.001 -10"><span class='ocrx_word' id='word_1_222' title='bbox 160 1597 193 1628; x_wconf 76' lang='lat'><strong>2.</strong></span> <span class='ocrx_word' id='word_1_223' title='bbox 222 1595 415 1631; x_wconf 80' lang='lat' dir='ltr'><strong>Helmstad.</strong></span> <span class='ocrx_word' id='word_1_224' title='bbox 453 1595 592 1627; x_wconf 86' lang='lat' dir='ltr'><strong>Venett.</strong></span> <span class='ocrx_word' id='word_1_225' title='bbox 616 1595 760 1628; x_wconf 88' lang='lat' dir='ltr'><strong>Locher.</strong></span> <span class='ocrx_word' id='word_1_226' title='bbox 786 1596 930 1629; x_wconf 84' lang='lat' dir='ltr'><strong>Ascens.</strong></span> <span class='ocrx_word' id='word_1_227' title='bbox 957 1597 1076 1629; x_wconf 90' lang='lat' dir='ltr'><strong>Lamb.</strong></span> <span class='ocrx_word' id='word_1_228' title='bbox 1104 1597 1207 1638; x_wconf 89' lang='lat' dir='ltr'><strong>Cruq.</strong></span> <span class='ocrx_word' id='word_1_229' title='bbox 1237 1597 1320 1629; x_wconf 79' lang='lat' dir='ltr'><strong>Fab.</strong></span> <span class='ocrx_word' id='word_1_230' title='bbox 1346 1598 1473 1628; x_wconf 89' lang='lat' dir='ltr'><strong>Dacer.</strong></span> <span class='ocrx_word' id='word_1_231' title='bbox 1498 1597 1615 1627; x_wconf 86' lang='lat' dir='ltr'><strong>Bentl.</strong></span> 
     </span>
     <span class='ocr_line' id='line_1_25' title="bbox 162 1636 1616 1679; baseline 0 -10"><span class='ocrx_word' id='word_1_232' title='bbox 162 1637 262 1672; x_wconf 79' lang='lat' dir='ltr'><strong>Bsxt.</strong></span> <span class='ocrx_word' id='word_1_233' title='bbox 278 1637 425 1678; x_wconf 84' lang='lat' dir='ltr'><strong>Cuning.</strong></span> <span class='ocrx_word' id='word_1_234' title='bbox 449 1638 577 1670; x_wconf 83' lang='lat' dir='ltr'><strong>sanad.</strong></span> <span class='ocrx_word' id='word_1_235' title='bbox 593 1636 711 1670; x_wconf 87' lang='lat' dir='ltr'><strong>Jones.</strong></span> <span class='ocrx_word' id='word_1_236' title='bbox 726 1638 819 1679; x_wconf 83' lang='lat' dir='ltr'><strong>Jani,</strong></span> <span class='ocrx_word' id='word_1_237' title='bbox 846 1639 988 1670; x_wconf 88' lang='lat' dir='ltr'><strong>Mitsch.</strong></span> <span class='ocrx_word' id='word_1_238' title='bbox 1005 1639 1148 1671; x_wconf 85' lang='lat' dir='ltr'><strong>Wetzel.</strong></span> <span class='ocrx_word' id='word_1_239' title='bbox 1166 1638 1304 1671; x_wconf 77' lang='lat' dir='ltr'><strong>Wakef.</strong></span> <span class='ocrx_word' id='word_1_240' title='bbox 1321 1639 1440 1671; x_wconf 89' lang='lat' dir='ltr'><strong>Comb.</strong></span> <span class='ocrx_word' id='word_1_241' title='bbox 1458 1644 1492 1670; x_wconf 85' lang='lat' dir='ltr'><strong>et</strong></span> <span class='ocrx_word' id='word_1_242' title='bbox 1511 1638 1616 1669; x_wconf 78' lang='lat' dir='ltr'><strong>Kidd.</strong></span> 
     </span>
    </p>
   </div>
   <div class='ocr_carea' id='block_1_7' title="bbox 818 1702 959 1734">
    <p class='ocr_par' dir='ltr' id='par_1_11' title="bbox 818 1702 959 1734">
     <span class='ocr_line' id='line_1_26' title="bbox 818 1702 959 1734; baseline -0.007 0"><span class='ocrx_word' id='word_1_243' title='bbox 818 1702 959 1734; x_wconf 78' lang='lat' dir='ltr'>NOTAE</span> 
     </span>
    </p>
   </div>
   <div class='ocr_carea' id='block_1_8' title="bbox 161 1763 867 2802">
    <p class='ocr_par' dir='ltr' id='par_1_12' title="bbox 161 1763 865 2055">
     <span class='ocr_line' id='line_1_27' title="bbox 161 1763 864 1805; baseline -0.001 -9"><span class='ocrx_word' id='word_1_244' title='bbox 161 1763 404 1797; x_wconf 85' lang='lat' dir='ltr'><strong>firmitudinem</strong></span> <span class='ocrx_word' id='word_1_245' title='bbox 418 1765 519 1796; x_wconf 90' lang='lat' dir='ltr'><strong>animi</strong></span> <span class='ocrx_word' id='word_1_246' title='bbox 537 1775 577 1797; x_wconf 88' lang='lat' dir='ltr'><strong>ac</strong></span> <span class='ocrx_word' id='word_1_247' title='bbox 594 1765 698 1797; x_wconf 91' lang='lat' dir='ltr'><strong>robur</strong></span> <span class='ocrx_word' id='word_1_248' title='bbox 713 1764 864 1805; x_wconf 87' lang='lat' dir='ltr'><strong>corporis</strong></span> 
     </span>
     <span class='ocr_line' id='line_1_28' title="bbox 162 1815 864 1856; baseline -0.001 -9"><span class='ocrx_word' id='word_1_249' title='bbox 162 1815 356 1848; x_wconf 81' lang='lat' dir='ltr'><strong>stabilitate</strong></span> <span class='ocrx_word' id='word_1_250' title='bbox 369 1825 428 1847; x_wconf 84' lang='lat' dir='ltr'><strong>sua</strong></span> <span class='ocrx_word' id='word_1_251' title='bbox 443 1817 552 1856; x_wconf 89' lang='lat' dir='ltr'><strong>tripus</strong></span> <span class='ocrx_word' id='word_1_252' title='bbox 568 1815 762 1848; x_wconf 83' lang='lat' dir='ltr'><strong>exhibebat.</strong></span> <span class='ocrx_word' id='word_1_253' title='bbox 786 1815 864 1846; x_wconf 87' lang='lat' dir='ltr'><strong>Vir-</strong></span> 
     </span>
     <span class='ocr_line' id='line_1_29' title="bbox 162 1865 864 1905; baseline 0 -9"><span class='ocrx_word' id='word_1_254' title='bbox 162 1866 221 1905; x_wconf 83' lang='lat' dir='ltr'><strong>gil.</strong></span> <span class='ocrx_word' id='word_1_255' title='bbox 238 1865 370 1897; x_wconf 81' lang='lat' dir='ltr'><strong>AEneid.</strong></span> <span class='ocrx_word' id='word_1_256' title='bbox 384 1874 436 1897; x_wconf 77' lang='lat' dir='ltr'><strong>lx.</strong></span> <span class='ocrx_word' id='word_1_257' title='bbox 473 1865 482 1882; x_wconf 91' lang='lat'>‘</span> <span class='ocrx_word' id='word_1_258' title='bbox 499 1866 588 1896; x_wconf 82' lang='lat' dir='ltr'><strong>Bina</strong></span> <span class='ocrx_word' id='word_1_259' title='bbox 610 1865 698 1897; x_wconf 86' lang='lat' dir='ltr'><strong>dabo</strong></span> <span class='ocrx_word' id='word_1_260' title='bbox 720 1869 864 1905; x_wconf 81' lang='lat' dir='ltr'><strong>argento</strong></span> 
     </span>
     <span class='ocr_line' id='line_1_30' title="bbox 163 1914 865 1956; baseline -0.003 -9"><span class='ocrx_word' id='word_1_261' title='bbox 163 1914 322 1956; x_wconf 77' lang='lat' dir='ltr'><strong>perfecta</strong></span> <span class='ocrx_word' id='word_1_262' title='bbox 342 1919 447 1956; x_wconf 80' lang='lat' dir='ltr'><strong>atque</strong></span> <span class='ocrx_word' id='word_1_263' title='bbox 472 1924 592 1955; x_wconf 86' lang='lat' dir='ltr'><strong>aspera</strong></span> <span class='ocrx_word' id='word_1_264' title='bbox 613 1915 717 1956; x_wconf 88' lang='lat' dir='ltr'><strong>signis</strong></span> <span class='ocrx_word' id='word_1_265' title='bbox 733 1915 865 1946; x_wconf 86' lang='lat' dir='ltr'><strong>Pocula</strong></span> 
     </span>
     <span class='ocr_line' id='line_1_31' title="bbox 225 1963 863 2005; baseline -0.003 -8.177"><span class='ocrx_word' id='word_1_266' title='bbox 225 1965 270 1996; x_wconf 86' lang='lat' dir='ltr'><strong>Et</strong></span> <span class='ocrx_word' id='word_1_267' title='bbox 285 1964 435 2005; x_wconf 74' lang='lat' dir='ltr'><strong>tripodas</strong></span> <span class='ocrx_word' id='word_1_268' title='bbox 451 1963 626 2005; x_wconf 83' lang='lat' dir='ltr'><strong>geminos.’</strong></span> <span class='ocrx_word' id='word_1_269' title='bbox 670 1964 757 1996; x_wconf 82' lang='lat' dir='ltr'><strong>Vide</strong></span> <span class='ocrx_word' id='word_1_270' title='bbox 778 1963 863 1995; x_wconf 89' lang='lat' dir='ltr'><strong>Coel.</strong></span> 
     </span>
     <span class='ocr_line' id='line_1_32' title="bbox 163 2014 480 2055; baseline 0 -8"><span class='ocrx_word' id='word_1_271' title='bbox 163 2014 309 2055; x_wconf 77' lang='lat' dir='ltr'><strong>Rhodig.</strong></span> <span class='ocrx_word' id='word_1_272' title='bbox 328 2023 411 2046; x_wconf 84' lang='lat' dir='ltr'><strong>vm.</strong></span> <span class='ocrx_word' id='word_1_273' title='bbox 427 2017 480 2047; x_wconf 88' lang='lat'><strong>15.</strong></span> 
     </span>
    </p>

    <p class='ocr_par' dir='ltr' id='par_1_13' title="bbox 164 2063 867 2802">
     <span class='ocr_line' id='line_1_33' title="bbox 204 2063 863 2106; baseline -0.003 -10"><span class='ocrx_word' id='word_1_274' title='bbox 204 2067 226 2096; x_wconf 79' lang='lat'><strong>6</strong></span> <span class='ocrx_word' id='word_1_275' title='bbox 249 2064 455 2106; x_wconf 74' lang='lat' dir='ltr'><strong>Parrhasius]</strong></span> <span class='ocrx_word' id='word_1_276' title='bbox 490 2064 653 2096; x_wconf 80' lang='lat' dir='ltr'><strong>Florebat</strong></span> <span class='ocrx_word' id='word_1_277' title='bbox 682 2063 738 2095; x_wconf 87' lang='lat' dir='ltr'><strong>hic</strong></span> <span class='ocrx_word' id='word_1_278' title='bbox 774 2073 863 2095; x_wconf 80' lang='lat' dir='ltr'><strong>anno</strong></span> 
     </span>
     <span class='ocr_line' id='line_1_34' title="bbox 164 2113 864 2154; baseline -0.001 -10"><span class='ocrx_word' id='word_1_279' title='bbox 164 2118 244 2145; x_wconf 78' lang='lat' dir='ltr'><strong>ante</strong></span> <span class='ocrx_word' id='word_1_280' title='bbox 271 2114 442 2145; x_wconf 86' lang='lat' dir='ltr'><strong>Christum</strong></span> <span class='ocrx_word' id='word_1_281' title='bbox 467 2116 543 2145; x_wconf 79' lang='grc'><strong>400.</strong></span> <span class='ocrx_word' id='word_1_282' title='bbox 580 2113 703 2144; x_wconf 83' lang='lat' dir='ltr'><strong>Pictor</strong></span> <span class='ocrx_word' id='word_1_283' title='bbox 723 2113 864 2154; x_wconf 86' lang='lat' dir='ltr'><strong>insignis</strong></span> 
     </span>
     <span class='ocr_line' id='line_1_35' title="bbox 166 2161 864 2203; baseline -0.001 -9"><span class='ocrx_word' id='word_1_284' title='bbox 166 2161 310 2194; x_wconf 84' lang='lat' dir='ltr'><strong>Zeuxidi</strong></span> <span class='ocrx_word' id='word_1_285' title='bbox 338 2166 547 2200; x_wconf 59' lang='lat' dir='ltr'><strong>constamus,</strong></span> <span class='ocrx_word' id='word_1_286' title='bbox 577 2163 587 2180; x_wconf 89' lang='lat'>‘</span> <span class='ocrx_word' id='word_1_287' title='bbox 603 2171 743 2203; x_wconf 87' lang='lat' dir='ltr'><strong>quorum</strong></span> <span class='ocrx_word' id='word_1_288' title='bbox 771 2162 864 2203; x_wconf 88' lang='lat' dir='ltr'><strong>prior</strong></span> 
     </span>
     <span class='ocr_line' id='line_1_36' title="bbox 164 2210 865 2253; baseline 0.001 -11"><span class='ocrx_word' id='word_1_289' title='bbox 164 2212 327 2242; x_wconf 90' lang='lat' dir='ltr'><strong>luminum</strong></span> <span class='ocrx_word' id='word_1_290' title='bbox 344 2210 606 2253; x_wconf 78' lang='lat' dir='ltr'><strong>umbrarumque</strong></span> <span class='ocrx_word' id='word_1_291' title='bbox 628 2212 797 2243; x_wconf 87' lang='lat' dir='ltr'><strong>invenisse</strong></span> <span class='ocrx_word' id='word_1_292' title='bbox 813 2222 865 2243; x_wconf 86' lang='lat' dir='ltr'><strong>ra·</strong></span> 
     </span>
     <span class='ocr_line' id='line_1_37' title="bbox 165 2261 865 2301; baseline 0 -8"><span class='ocrx_word' id='word_1_293' title='bbox 165 2262 306 2301; x_wconf 80' lang='lat' dir='ltr'><strong>tionem,</strong></span> <span class='ocrx_word' id='word_1_294' title='bbox 331 2261 499 2293; x_wconf 78' lang='lat' dir='ltr'><strong>secundus</strong></span> <span class='ocrx_word' id='word_1_295' title='bbox 529 2262 735 2294; x_wconf 79' lang='lat' dir='ltr'><strong>examinasse</strong></span> <span class='ocrx_word' id='word_1_296' title='bbox 757 2262 865 2293; x_wconf 84' lang='lat' dir='ltr'><strong>subti-</strong></span> 
     </span>
     <span class='ocr_line' id='line_1_38' title="bbox 164 2310 865 2353; baseline 0 -10"><span class='ocrx_word' id='word_1_297' title='bbox 164 2312 229 2343; x_wconf 86' lang='lat' dir='ltr'><strong>lius</strong></span> <span class='ocrx_word' id='word_1_298' title='bbox 245 2312 352 2343; x_wconf 87' lang='lat' dir='ltr'><strong>lineas</strong></span> <span class='ocrx_word' id='word_1_299' title='bbox 364 2310 646 2353; x_wconf 82' lang='lat' dir='ltr'><strong>traditur,’inquit</strong></span> <span class='ocrx_word' id='word_1_300' title='bbox 660 2312 744 2344; x_wconf 88' lang='lat' dir='ltr'><strong>Fab.</strong></span> <span class='ocrx_word' id='word_1_301' title='bbox 758 2312 865 2345; x_wconf 83' lang='lat' dir='ltr'><strong>Quin-</strong></span> 
     </span>
     <span class='ocr_line' id='line_1_39' title="bbox 166 2361 865 2395; baseline 0.001 -2"><span class='ocrx_word' id='word_1_302' title='bbox 166 2361 218 2393; x_wconf 88' lang='lat' dir='ltr'><strong>til.</strong></span> <span class='ocrx_word' id='word_1_303' title='bbox 234 2370 303 2393; x_wconf 84' lang='lat' dir='ltr'><strong>xn.</strong></span> <span class='ocrx_word' id='word_1_304' title='bbox 320 2364 374 2393; x_wconf 90' lang='grc'><strong>10.</strong></span> <span class='ocrx_word' id='word_1_305' title='bbox 407 2361 539 2393; x_wconf 78' lang='lat' dir='ltr'><strong>Plinius</strong></span> <span class='ocrx_word' id='word_1_306' title='bbox 551 2366 665 2394; x_wconf 88' lang='lat' dir='ltr'><strong>autem</strong></span> <span class='ocrx_word' id='word_1_307' title='bbox 682 2371 798 2394; x_wconf 85' lang='lat' dir='ltr'>xxxv.</span> <span class='ocrx_word' id='word_1_308' title='bbox 814 2365 865 2395; x_wconf 91' lang='grc'><strong>10.</strong></span> 
     </span>
     <span class='ocr_line' id='line_1_40' title="bbox 166 2410 864 2445; baseline -0.001 -2"><span class='ocrx_word' id='word_1_309' title='bbox 166 2411 177 2428; x_wconf 79' lang='lat'>⁸</span> <span class='ocrx_word' id='word_1_310' title='bbox 195 2411 393 2443; x_wconf 84' lang='lat' dir='ltr'><strong>Parrhasius</strong></span> <span class='ocrx_word' id='word_1_311' title='bbox 406 2410 623 2442; x_wconf 75' lang='lat' dir='ltr'><strong>descendisse</strong></span> <span class='ocrx_word' id='word_1_312' title='bbox 638 2412 671 2443; x_wconf 90' lang='lat' dir='ltr'><strong>in</strong></span> <span class='ocrx_word' id='word_1_313' title='bbox 691 2416 864 2445; x_wconf 75' lang='lat' dir='ltr'><strong>certamen</strong></span> 
     </span>
     <span class='ocr_line' id='line_1_41' title="bbox 166 2460 864 2493; baseline 0.003 -2"><span class='ocrx_word' id='word_1_314' title='bbox 166 2469 244 2492; x_wconf 82' lang='lat' dir='ltr'><strong>eum</strong></span> <span class='ocrx_word' id='word_1_315' title='bbox 267 2460 421 2492; x_wconf 82' lang='lat' dir='ltr'><strong>Zeuxide</strong></span> <span class='ocrx_word' id='word_1_316' title='bbox 446 2461 602 2492; x_wconf 84' lang='lat' dir='ltr'><strong>traditur.</strong></span> <span class='ocrx_word' id='word_1_317' title='bbox 646 2462 784 2493; x_wconf 88' lang='lat' dir='ltr'><strong>Etcum</strong></span> <span class='ocrx_word' id='word_1_318' title='bbox 809 2462 864 2493; x_wconf 86' lang='lat' dir='ltr'><strong>ille</strong></span> 
     </span>
     <span class='ocr_line' id='line_1_42' title="bbox 167 2509 866 2552; baseline 0.003 -11"><span class='ocrx_word' id='word_1_319' title='bbox 167 2509 347 2542; x_wconf 84' lang='lat' dir='ltr'><strong>detulisset</strong></span> <span class='ocrx_word' id='word_1_320' title='bbox 362 2519 443 2542; x_wconf 81' lang='lat' dir='ltr'><strong>uvas</strong></span> <span class='ocrx_word' id='word_1_321' title='bbox 459 2511 567 2552; x_wconf 88' lang='lat' dir='ltr'><strong>pictas</strong></span> <span class='ocrx_word' id='word_1_322' title='bbox 579 2515 676 2543; x_wconf 88' lang='lat' dir='ltr'><strong>tanto</strong></span> <span class='ocrx_word' id='word_1_323' title='bbox 692 2521 866 2552; x_wconf 84' lang='lat' dir='ltr'><strong>successu,</strong></span> 
     </span>
     <span class='ocr_line' id='line_1_43' title="bbox 169 2560 865 2603; baseline 0.004 -12"><span class='ocrx_word' id='word_1_324' title='bbox 169 2564 206 2592; x_wconf 78' lang='lat' dir='ltr'><strong>nt</strong></span> <span class='ocrx_word' id='word_1_325' title='bbox 229 2560 263 2591; x_wconf 92' lang='lat' dir='ltr'><strong>in</strong></span> <span class='ocrx_word' id='word_1_326' title='bbox 291 2570 424 2592; x_wconf 82' lang='lat' dir='ltr'><strong>scenam</strong></span> <span class='ocrx_word' id='word_1_327' title='bbox 449 2570 530 2593; x_wconf 84' lang='lat' dir='ltr'><strong>aves</strong></span> <span class='ocrx_word' id='word_1_328' title='bbox 554 2561 765 2603; x_wconf 82' lang='lat' dir='ltr'><strong>advolarent,</strong></span> <span class='ocrx_word' id='word_1_329' title='bbox 794 2562 865 2602; x_wconf 86' lang='lat' dir='ltr'><strong>ipse</strong></span> 
     </span>
     <span class='ocr_line' id='line_1_44' title="bbox 170 2608 866 2651; baseline 0.004 -11"><span class='ocrx_word' id='word_1_330' title='bbox 170 2608 328 2641; x_wconf 82' lang='lat' dir='ltr'><strong>detulisse</strong></span> <span class='ocrx_word' id='word_1_331' title='bbox 345 2611 486 2642; x_wconf 90' lang='lat' dir='ltr'><strong>linteum</strong></span> <span class='ocrx_word' id='word_1_332' title='bbox 504 2610 634 2651; x_wconf 86' lang='lat' dir='ltr'><strong>pictum</strong></span> <span class='ocrx_word' id='word_1_333' title='bbox 651 2612 700 2643; x_wconf 80' lang='lat' dir='ltr'><strong>ita</strong></span> <span class='ocrx_word' id='word_1_334' title='bbox 719 2612 866 2643; x_wconf 86' lang='lat' dir='ltr'><strong>veritate</strong></span> 
     </span>
     <span class='ocr_line' id='line_1_45' title="bbox 171 2661 867 2702; baseline 0.006 -14"><span class='ocrx_word' id='word_1_335' title='bbox 171 2665 427 2699; x_wconf 65' lang='lat' dir='ltr'><strong>repra-emata,</strong></span> <span class='ocrx_word' id='word_1_336' title='bbox 443 2665 481 2692; x_wconf 90' lang='lat' dir='ltr'><strong>ut</strong></span> <span class='ocrx_word' id='word_1_337' title='bbox 504 2661 629 2692; x_wconf 83' lang='lat' dir='ltr'><strong>Zeuxis</strong></span> <span class='ocrx_word' id='word_1_338' title='bbox 645 2662 762 2693; x_wconf 87' lang='lat' dir='ltr'><strong>alitum</strong></span> <span class='ocrx_word' id='word_1_339' title='bbox 773 2661 867 2702; x_wconf 90' lang='lat' dir='ltr'><strong>judi-</strong></span> 
     </span>
     <span class='ocr_line' id='line_1_46' title="bbox 173 2706 866 2751; baseline 0.009 -15"><span class='ocrx_word' id='word_1_340' title='bbox 173 2706 228 2737; x_wconf 87' lang='lat' dir='ltr'><strong>cio</strong></span> <span class='ocrx_word' id='word_1_341' title='bbox 242 2711 373 2745; x_wconf 75' lang='lat' dir='ltr'><strong>tumens</strong></span> <span class='ocrx_word' id='word_1_342' title='bbox 392 2709 566 2751; x_wconf 84' lang='lat' dir='ltr'><strong>flagitaret</strong></span> <span class='ocrx_word' id='word_1_343' title='bbox 582 2711 718 2742; x_wconf 84' lang='lat' dir='ltr'><strong>tandem</strong></span> <span class='ocrx_word' id='word_1_344' title='bbox 734 2714 866 2742; x_wconf 78' lang='lat' dir='ltr'><strong>remoto</strong></span> 
     </span>
     <span class='ocr_line' id='line_1_47' title="bbox 174 2755 866 2802; baseline 0.009 -17"><span class='ocrx_word' id='word_1_345' title='bbox 174 2755 280 2787; x_wconf 85' lang='lat' dir='ltr'><strong>linteo</strong></span> <span class='ocrx_word' id='word_1_346' title='bbox 294 2758 427 2790; x_wconf 82' lang='lat' dir='ltr'><strong>ostendi</strong></span> <span class='ocrx_word' id='word_1_347' title='bbox 442 2761 621 2801; x_wconf 84' lang='lat' dir='ltr'><strong>picturam,</strong></span> <span class='ocrx_word' id='word_1_348' title='bbox 634 2766 749 2802; x_wconf 87' lang='lat' dir='ltr'><strong>atque,</strong></span> <span class='ocrx_word' id='word_1_349' title='bbox 766 2760 866 2791; x_wconf 87' lang='lat' dir='ltr'><strong>intel-</strong></span> 
     </span>
    </p>
   </div>
   <div class='ocr_carea' id='block_1_9' title="bbox 174 2805 866 2853">
    <p class='ocr_par' dir='ltr' id='par_1_14' title="bbox 174 2805 866 2853">
     <span class='ocr_line' id='line_1_48' title="bbox 174 2805 866 2853; baseline 0.009 -17"><span class='ocrx_word' id='word_1_350' title='bbox 174 2805 267 2837; x_wconf 86' lang='lat' dir='ltr'><strong>lecto</strong></span> <span class='ocrx_word' id='word_1_351' title='bbox 282 2814 410 2847; x_wconf 82' lang='lat' dir='ltr'><strong>errore,</strong></span> <span class='ocrx_word' id='word_1_352' title='bbox 420 2809 566 2849; x_wconf 85' lang='lat' dir='ltr'><strong>palmam</strong></span> <span class='ocrx_word' id='word_1_353' title='bbox 580 2810 799 2853; x_wconf 76' lang='lat' dir='ltr'><strong>concederet,</strong></span> <span class='ocrx_word' id='word_1_354' title='bbox 818 2810 866 2842; x_wconf 86' lang='lat' dir='ltr'><strong>in-</strong></span> 
     </span>
    </p>
   </div>
   <div class='ocr_carea' id='block_1_10' title="bbox 917 1764 1620 2859">
    <p class='ocr_par' dir='ltr' id='par_1_15' title="bbox 917 1764 1620 2194">
     <span class='ocr_line' id='line_1_49' title="bbox 919 1764 1617 1806; baseline 0 -10"><span class='ocrx_word' id='word_1_355' title='bbox 919 1774 1030 1805; x_wconf 87' lang='lat' dir='ltr'><strong>genuo</strong></span> <span class='ocrx_word' id='word_1_356' title='bbox 1044 1765 1189 1806; x_wconf 82' lang='lat' dir='ltr'><strong>pudore,</strong></span> <span class='ocrx_word' id='word_1_357' title='bbox 1204 1764 1362 1806; x_wconf 87' lang='lat' dir='ltr'><strong>quoniam</strong></span> <span class='ocrx_word' id='word_1_358' title='bbox 1378 1764 1450 1804; x_wconf 87' lang='lat' dir='ltr'><strong>ipse</strong></span> <span class='ocrx_word' id='word_1_359' title='bbox 1466 1765 1617 1797; x_wconf 78' lang='lat' dir='ltr'><strong>volucres</strong></span> 
     </span>
     <span class='ocr_line' id='line_1_50' title="bbox 919 1813 1620 1854; baseline 0.001 -10"><span class='ocrx_word' id='word_1_360' title='bbox 919 1813 1108 1854; x_wconf 74' lang='lat' dir='ltr'><strong>fefellisset,</strong></span> <span class='ocrx_word' id='word_1_361' title='bbox 1125 1814 1326 1845; x_wconf 86' lang='lat' dir='ltr'><strong>Parrhasius</strong></span> <span class='ocrx_word' id='word_1_362' title='bbox 1341 1818 1454 1845; x_wconf 89' lang='lat' dir='ltr'><strong>autem</strong></span> <span class='ocrx_word' id='word_1_363' title='bbox 1478 1824 1514 1845; x_wconf 89' lang='lat' dir='ltr'><strong>se</strong></span> <span class='ocrx_word' id='word_1_364' title='bbox 1538 1815 1620 1846; x_wconf 86' lang='lat' dir='ltr'><strong>arti-</strong></span> 
     </span>
     <span class='ocr_line' id='line_1_51' title="bbox 918 1863 1619 1902; baseline -0.003 -7"><span class='ocrx_word' id='word_1_365' title='bbox 918 1863 1017 1895; x_wconf 89' lang='lat' dir='ltr'><strong>ficem</strong></span> <span class='ocrx_word' id='word_1_366' title='bbox 1033 1886 1042 1896; x_wconf 90' lang='lat'><strong>.</strong></span> <span class='ocrx_word' id='word_1_367' title='bbox 1057 1886 1065 1895; x_wconf 93' lang='lat'><strong>.</strong></span> <span class='ocrx_word' id='word_1_368' title='bbox 1080 1885 1089 1896; x_wconf 87' lang='lat'><strong>.</strong></span> <span class='ocrx_word' id='word_1_369' title='bbox 1105 1887 1114 1895; x_wconf 88' lang='lat'><strong>.</strong></span> <span class='ocrx_word' id='word_1_370' title='bbox 1130 1863 1332 1895; x_wconf 85' lang='lat' dir='ltr'><strong>Parrhasius</strong></span> <span class='ocrx_word' id='word_1_371' title='bbox 1362 1863 1488 1902; x_wconf 81' lang='lat' dir='ltr'><strong>Ephesi</strong></span> <span class='ocrx_word' id='word_1_372' title='bbox 1519 1867 1619 1894; x_wconf 87' lang='lat' dir='ltr'><strong>natus</strong></span> 
     </span>
     <span class='ocr_line' id='line_1_52' title="bbox 918 1912 1618 1954; baseline -0.003 -10"><span class='ocrx_word' id='word_1_373' title='bbox 918 1913 1046 1953; x_wconf 87' lang='lat' dir='ltr'><strong>primus</strong></span> <span class='ocrx_word' id='word_1_374' title='bbox 1068 1912 1298 1954; x_wconf 84' lang='lat' dir='ltr'><strong>symmetriam</strong></span> <span class='ocrx_word' id='word_1_375' title='bbox 1326 1913 1472 1953; x_wconf 84' lang='lat' dir='ltr'><strong>picturae</strong></span> <span class='ocrx_word' id='word_1_376' title='bbox 1500 1912 1618 1944; x_wconf 84' lang='lat' dir='ltr'><strong>dedit:</strong></span> 
     </span>
     <span class='ocr_line' id='line_1_53' title="bbox 917 1962 1618 2004; baseline -0.001 -10"><span class='ocrx_word' id='word_1_377' title='bbox 917 1963 1046 2004; x_wconf 87' lang='lat' dir='ltr'><strong>primus</strong></span> <span class='ocrx_word' id='word_1_378' title='bbox 1077 1963 1228 2004; x_wconf 85' lang='lat' dir='ltr'><strong>argutias</strong></span> <span class='ocrx_word' id='word_1_379' title='bbox 1255 1964 1381 2002; x_wconf 77' lang='lat' dir='ltr'><strong>vultus,</strong></span> <span class='ocrx_word' id='word_1_380' title='bbox 1414 1962 1618 2003; x_wconf 81' lang='lat' dir='ltr'><strong>elegantiam</strong></span> 
     </span>
     <span class='ocr_line' id='line_1_54' title="bbox 917 2011 1617 2055; baseline -0.004 -11"><span class='ocrx_word' id='word_1_381' title='bbox 917 2013 1046 2055; x_wconf 82' lang='lat' dir='ltr'><strong>capilli,</strong></span> <span class='ocrx_word' id='word_1_382' title='bbox 1063 2017 1279 2045; x_wconf 80' lang='lat' dir='ltr'><strong>venustatem</strong></span> <span class='ocrx_word' id='word_1_383' title='bbox 1295 2013 1376 2052; x_wconf 89' lang='lat' dir='ltr'><strong>oris,</strong></span> <span class='ocrx_word' id='word_1_384' title='bbox 1401 2011 1617 2043; x_wconf 84' lang='lat' dir='ltr'><strong>confessione</strong></span> 
     </span>
     <span class='ocr_line' id='line_1_55' title="bbox 917 2062 1620 2102; baseline -0.003 -8"><span class='ocrx_word' id='word_1_385' title='bbox 917 2062 1099 2102; x_wconf 79' lang='lat' dir='ltr'><strong>artificum,</strong></span> <span class='ocrx_word' id='word_1_386' title='bbox 1122 2063 1155 2094; x_wconf 90' lang='lat' dir='ltr'><strong>in</strong></span> <span class='ocrx_word' id='word_1_387' title='bbox 1182 2063 1277 2094; x_wconf 88' lang='lat' dir='ltr'><strong>lineis</strong></span> <span class='ocrx_word' id='word_1_388' title='bbox 1291 2062 1454 2094; x_wconf 82' lang='lat' dir='ltr'><strong>extremis</strong></span> <span class='ocrx_word' id='word_1_389' title='bbox 1472 2062 1620 2102; x_wconf 84' lang='lat' dir='ltr'><strong>palmam</strong></span> 
     </span>
     <span class='ocr_line' id='line_1_56' title="bbox 918 2110 1617 2153; baseline -0.001 -9"><span class='ocrx_word' id='word_1_390' title='bbox 918 2112 1087 2153; x_wconf 89' lang='lat' dir='ltr'><strong>adeptus,&#39;</strong></span> <span class='ocrx_word' id='word_1_391' title='bbox 1111 2115 1175 2144; x_wconf 68' lang='grc' dir='ltr'><strong>διο.</strong></span> <span class='ocrx_word' id='word_1_392' title='bbox 1212 2112 1302 2143; x_wconf 86' lang='lat' dir='ltr'><strong>Vide</strong></span> <span class='ocrx_word' id='word_1_393' title='bbox 1319 2110 1446 2143; x_wconf 85' lang='lat' dir='ltr'><strong>Athen.</strong></span> <span class='ocrx_word' id='word_1_394' title='bbox 1474 2120 1540 2143; x_wconf 88' lang='lat' dir='ltr'><strong>xn.</strong></span> <span class='ocrx_word' id='word_1_395' title='bbox 1565 2115 1617 2143; x_wconf 83' lang='lat' dir='ltr'><strong>ll.</strong></span> 
     </span>
     <span class='ocr_line' id='line_1_57' title="bbox 918 2162 1176 2194; baseline 0.004 -1"><span class='ocrx_word' id='word_1_396' title='bbox 918 2167 952 2193; x_wconf 88' lang='lat' dir='ltr'><strong>et</strong></span> <span class='ocrx_word' id='word_1_397' title='bbox 969 2162 1029 2193; x_wconf 84' lang='lat' dir='ltr'><strong>lib.</strong></span> <span class='ocrx_word' id='word_1_398' title='bbox 1047 2171 1107 2194; x_wconf 83' lang='lat' dir='ltr'><strong>xv.</strong></span> <span class='ocrx_word' id='word_1_399' title='bbox 1124 2165 1176 2194; x_wconf 88' lang='grc'><strong>10.</strong></span> 
     </span>
    </p>

    <p class='ocr_par' dir='ltr' id='par_1_16' title="bbox 918 2211 1619 2691">
     <span class='ocr_line' id='line_1_58' title="bbox 960 2211 1618 2253; baseline -0.002 -10"><span class='ocrx_word' id='word_1_400' title='bbox 960 2212 1093 2253; x_wconf 81' lang='lat' dir='ltr'><strong>Scopas]</strong></span> <span class='ocrx_word' id='word_1_401' title='bbox 1111 2212 1265 2244; x_wconf 86' lang='lat' dir='ltr'><strong>Eximius</strong></span> <span class='ocrx_word' id='word_1_402' title='bbox 1278 2212 1336 2243; x_wconf 82' lang='lat' dir='ltr'><strong>ille</strong></span> <span class='ocrx_word' id='word_1_403' title='bbox 1349 2212 1532 2243; x_wconf 83' lang='lat' dir='ltr'><strong>statuarius</strong></span> <span class='ocrx_word' id='word_1_404' title='bbox 1545 2211 1618 2242; x_wconf 84' lang='lat' dir='ltr'><strong>vix-</strong></span> 
     </span>
     <span class='ocr_line' id='line_1_59' title="bbox 919 2262 1618 2294; baseline -0.001 -1"><span class='ocrx_word' id='word_1_405' title='bbox 919 2262 947 2293; x_wconf 87' lang='lat' dir='ltr'><strong>it</strong></span> <span class='ocrx_word' id='word_1_406' title='bbox 964 2271 1051 2293; x_wconf 86' lang='lat' dir='ltr'><strong>anno</strong></span> <span class='ocrx_word' id='word_1_407' title='bbox 1068 2267 1147 2293; x_wconf 87' lang='lat' dir='ltr'><strong>ante</strong></span> <span class='ocrx_word' id='word_1_408' title='bbox 1168 2262 1336 2294; x_wconf 83' lang='lat' dir='ltr'><strong>Christum</strong></span> <span class='ocrx_word' id='word_1_409' title='bbox 1352 2264 1427 2294; x_wconf 78' lang='lat'><strong>430.</strong></span> <span class='ocrx_word' id='word_1_410' title='bbox 1444 2266 1503 2293; x_wconf 86' lang='lat' dir='ltr'><strong>aut</strong></span> <span class='ocrx_word' id='word_1_411' title='bbox 1520 2262 1618 2292; x_wconf 87' lang='lat' dir='ltr'><strong>circi-</strong></span> 
     </span>
     <span class='ocr_line' id='line_1_60' title="bbox 919 2312 1619 2343; baseline 0 0"><span class='ocrx_word' id='word_1_412' title='bbox 919 2316 985 2343; x_wconf 86' lang='lat' dir='ltr'><strong>ter.</strong></span> <span class='ocrx_word' id='word_1_413' title='bbox 1031 2312 1219 2343; x_wconf 87' lang='lat' dir='ltr'><strong>Pausanias</strong></span> <span class='ocrx_word' id='word_1_414' title='bbox 1242 2312 1276 2343; x_wconf 91' lang='lat' dir='ltr'><strong>in</strong></span> <span class='ocrx_word' id='word_1_415' title='bbox 1296 2312 1451 2343; x_wconf 83' lang='lat' dir='ltr'><strong>Corinth.</strong></span> <span class='ocrx_word' id='word_1_416' title='bbox 1478 2312 1527 2343; x_wconf 89' lang='lat' dir='ltr'><strong>ait</strong></span> <span class='ocrx_word' id='word_1_417' title='bbox 1551 2313 1619 2343; x_wconf 85' lang='lat' dir='ltr'><strong>Pa-</strong></span> 
     </span>
     <span class='ocr_line' id='line_1_61' title="bbox 919 2360 1618 2404; baseline 0.001 -13"><span class='ocrx_word' id='word_1_418' title='bbox 919 2362 1006 2392; x_wconf 87' lang='lat' dir='ltr'><strong>rium</strong></span> <span class='ocrx_word' id='word_1_419' title='bbox 1022 2360 1128 2393; x_wconf 81' lang='lat' dir='ltr'><strong>fnisse</strong></span> <span class='ocrx_word' id='word_1_420' title='bbox 1152 2362 1309 2404; x_wconf 80' lang='lat' dir='ltr'><strong>Scopam,</strong></span> <span class='ocrx_word' id='word_1_421' title='bbox 1325 2368 1360 2394; x_wconf 90' lang='lat' dir='ltr'><strong>et</strong></span> <span class='ocrx_word' id='word_1_422' title='bbox 1375 2363 1467 2393; x_wconf 86' lang='lat' dir='ltr'><strong>saxei</strong></span> <span class='ocrx_word' id='word_1_423' title='bbox 1485 2363 1618 2394; x_wconf 83' lang='lat' dir='ltr'><strong>Hercu-</strong></span> 
     </span>
     <span class='ocr_line' id='line_1_62' title="bbox 918 2410 1615 2452; baseline 0.003 -12"><span class='ocrx_word' id='word_1_424' title='bbox 918 2410 960 2440; x_wconf 91' lang='lat' dir='ltr'><strong>lis</strong></span> <span class='ocrx_word' id='word_1_425' title='bbox 976 2411 1130 2442; x_wconf 86' lang='lat' dir='ltr'><strong>meminit</strong></span> <span class='ocrx_word' id='word_1_426' title='bbox 1152 2411 1195 2442; x_wconf 87' lang='lat' dir='ltr'><strong>ab</strong></span> <span class='ocrx_word' id='word_1_427' title='bbox 1212 2421 1253 2443; x_wconf 92' lang='lat' dir='ltr'><strong>eo</strong></span> <span class='ocrx_word' id='word_1_428' title='bbox 1269 2412 1393 2445; x_wconf 76' lang='lat' dir='ltr'><strong>eaelati.</strong></span> <span class='ocrx_word' id='word_1_429' title='bbox 1439 2413 1518 2452; x_wconf 86' lang='lat' dir='ltr'><strong>Ejus</strong></span> <span class='ocrx_word' id='word_1_430' title='bbox 1535 2421 1615 2452; x_wconf 90' lang='lat' dir='ltr'><strong>quo-</strong></span> 
     </span>
     <span class='ocr_line' id='line_1_63' title="bbox 918 2460 1616 2502; baseline 0 -11"><span class='ocrx_word' id='word_1_431' title='bbox 918 2470 984 2502; x_wconf 86' lang='lat' dir='ltr'><strong>que</strong></span> <span class='ocrx_word' id='word_1_432' title='bbox 1010 2461 1228 2493; x_wconf 88' lang='lat' dir='ltr'><strong>celebrantur</strong></span> <span class='ocrx_word' id='word_1_433' title='bbox 1241 2463 1358 2493; x_wconf 84' lang='lat' dir='ltr'><strong>Venus</strong></span> <span class='ocrx_word' id='word_1_434' title='bbox 1386 2467 1422 2493; x_wconf 90' lang='lat' dir='ltr'><strong>et</strong></span> <span class='ocrx_word' id='word_1_435' title='bbox 1446 2460 1616 2499; x_wconf 75' lang='lat' dir='ltr'><strong>Phaeton,</strong></span> 
     </span>
     <span class='ocr_line' id='line_1_64' title="bbox 919 2510 1617 2552; baseline -0.003 -10"><span class='ocrx_word' id='word_1_436' title='bbox 919 2520 994 2552; x_wconf 86' lang='lat' dir='ltr'><strong>quae</strong></span> <span class='ocrx_word' id='word_1_437' title='bbox 1022 2510 1186 2552; x_wconf 83' lang='lat' dir='ltr'><strong>imagines</strong></span> <span class='ocrx_word' id='word_1_438' title='bbox 1224 2511 1312 2552; x_wconf 88' lang='lat' dir='ltr'><strong>apud</strong></span> <span class='ocrx_word' id='word_1_439' title='bbox 1352 2510 1617 2542; x_wconf 81' lang='lat' dir='ltr'><strong>Samothraciam</strong></span> 
     </span>
     <span class='ocr_line' id='line_1_65' title="bbox 920 2560 1616 2601; baseline 0 -10"><span class='ocrx_word' id='word_1_440' title='bbox 920 2560 1079 2601; x_wconf 86' lang='lat' dir='ltr'><strong>religiose</strong></span> <span class='ocrx_word' id='word_1_441' title='bbox 1107 2566 1266 2593; x_wconf 84' lang='lat' dir='ltr'><strong>servatae.</strong></span> <span class='ocrx_word' id='word_1_442' title='bbox 1312 2562 1402 2592; x_wconf 86' lang='lat' dir='ltr'><strong>Plin.</strong></span> <span class='ocrx_word' id='word_1_443' title='bbox 1428 2569 1559 2591; x_wconf 75' lang='lat' dir='ltr'><strong>xxxvi.</strong></span> <span class='ocrx_word' id='word_1_444' title='bbox 1585 2563 1616 2591; x_wconf 87' lang='lat'><strong>5.</strong></span> 
     </span>
     <span class='ocr_line' id='line_1_66' title="bbox 920 2608 1618 2651; baseline 0 -10"><span class='ocrx_word' id='word_1_445' title='bbox 920 2610 1026 2641; x_wconf 88' lang='lat' dir='ltr'><strong>multa</strong></span> <span class='ocrx_word' id='word_1_446' title='bbox 1042 2610 1108 2641; x_wconf 86' lang='lat' dir='ltr'><strong>alia</strong></span> <span class='ocrx_word' id='word_1_447' title='bbox 1123 2610 1166 2642; x_wconf 88' lang='lat' dir='ltr'><strong>ab</strong></span> <span class='ocrx_word' id='word_1_448' title='bbox 1182 2619 1222 2640; x_wconf 91' lang='lat' dir='ltr'><strong>eo</strong></span> <span class='ocrx_word' id='word_1_449' title='bbox 1248 2611 1344 2650; x_wconf 86' lang='lat' dir='ltr'><strong>signa</strong></span> <span class='ocrx_word' id='word_1_450' title='bbox 1363 2610 1501 2651; x_wconf 86' lang='lat' dir='ltr'><strong>egregie</strong></span> <span class='ocrx_word' id='word_1_451' title='bbox 1522 2608 1618 2641; x_wconf 83' lang='lat' dir='ltr'><strong>facta</strong></span> 
     </span>
     <span class='ocr_line' id='line_1_67' title="bbox 920 2662 1098 2691; baseline -0.006 0"><span class='ocrx_word' id='word_1_452' title='bbox 920 2662 1098 2691; x_wconf 87' lang='lat' dir='ltr'><strong>memorat.</strong></span> 
     </span>
    </p>

    <p class='ocr_par' dir='ltr' id='par_1_17' title="bbox 919 2709 1620 2859">
     <span class='ocr_line' id='line_1_68' title="bbox 962 2709 1617 2741; baseline 0.003 -2"><span class='ocrx_word' id='word_1_453' title='bbox 962 2711 983 2739; x_wconf 86' lang='grc'>9</span> <span class='ocrx_word' id='word_1_454' title='bbox 1006 2709 1075 2740; x_wconf 82' lang='lat' dir='ltr'><strong>Nec</strong></span> <span class='ocrx_word' id='word_1_455' title='bbox 1090 2709 1148 2740; x_wconf 77' lang='lat' dir='ltr'><strong>tibi</strong></span> <span class='ocrx_word' id='word_1_456' title='bbox 1161 2710 1272 2741; x_wconf 81' lang='lat' dir='ltr'><strong>talium</strong></span> <span class='ocrx_word' id='word_1_457' title='bbox 1292 2710 1352 2741; x_wconf 83' lang='lat' dir='ltr'><strong>Res</strong></span> <span class='ocrx_word' id='word_1_458' title='bbox 1366 2713 1479 2741; x_wconf 74' lang='lat' dir='ltr'><strong>estant</strong></span> <span class='ocrx_word' id='word_1_459' title='bbox 1493 2710 1617 2741; x_wconf 75' lang='lat' dir='ltr'><strong>animus</strong></span> 
     </span>
     <span class='ocr_line' id='line_1_69' title="bbox 919 2760 1615 2802; baseline 0.006 -12"><span class='ocrx_word' id='word_1_460' title='bbox 919 2760 1098 2791; x_wconf 75' lang='lat' dir='ltr'><strong>deliciarum</strong></span> <span class='ocrx_word' id='word_1_461' title='bbox 1108 2761 1215 2801; x_wconf 79' lang='lat' dir='ltr'><strong>egens]</strong></span> <span class='ocrx_word' id='word_1_462' title='bbox 1231 2762 1360 2793; x_wconf 90' lang='lat' dir='ltr'><strong>Domus</strong></span> <span class='ocrx_word' id='word_1_463' title='bbox 1373 2766 1431 2794; x_wconf 80' lang='lat' dir='ltr'><strong>tua</strong></span> <span class='ocrx_word' id='word_1_464' title='bbox 1443 2771 1510 2793; x_wconf 92' lang='lat' dir='ltr'><strong>non</strong></span> <span class='ocrx_word' id='word_1_465' title='bbox 1522 2768 1615 2802; x_wconf 79' lang='lat' dir='ltr'><strong>eget,</strong></span> 
     </span>
     <span class='ocr_line' id='line_1_70' title="bbox 922 2809 1620 2859; baseline 0.007 -19"><span class='ocrx_word' id='word_1_466' title='bbox 922 2809 1023 2842; x_wconf 89' lang='lat' dir='ltr'><strong>immo</strong></span> <span class='ocrx_word' id='word_1_467' title='bbox 1053 2809 1204 2842; x_wconf 84' lang='lat' dir='ltr'><strong>abundat</strong></span> <span class='ocrx_word' id='word_1_468' title='bbox 1237 2811 1362 2843; x_wconf 85' lang='lat' dir='ltr'><strong>talibus</strong></span> <span class='ocrx_word' id='word_1_469' title='bbox 1396 2813 1620 2859; x_wconf 70' lang='lat' dir='ltr'><strong>ornamentis,</strong></span> 
     </span>
    </p>
   </div>
  </div>
 </body>
</html>
