1936 3236
755 310 798 346 Q.
829 308 1031 339 HORA'rn
1066 305 1237 336 FLAGOE

513 400 784 453 Sanguinem,
805 413 881 452 per
901 412 1010 452 quos
1030 397 1222 439 cecidere
1235 397 1359 451 justa

516 465 659 507 Morte
679 464 896 514 Centauri,
917 464 1076 504 cecidit
1094 463 1326 504 tremendae

1652 465 1706 504 15

842 531 1037 571 Flamma
1057 529 1306 579 Chimaerae3

520 595 636 643 Sive,
654 609 763 648 quos
783 595 891 636 Elea
909 596 1086 636 domum
1104 594 1270 635 reducit

512 660 666 700 Palma
686 661 899 709 coelestes,
921 661 1166 713 pugilemve
1182 672 1397 717 ¹equumve

514 726 648 774 Dicit,
667 731 711 765 et
730 730 898 767 centum
917 727 1087 778 potiore
1108 725 1244 778 signis

849 790 1031 831 Munere
1051 791 1209 840 donat;

1651 790 1706 830 20

515 856 673 896 Flebili
693 868 865 908 sponsae
876 856 1136 909 juvenemve
1153 858 1322 907 raptum

516 919 692 972 Plorat3
722 924 763 961 et
783 921 895 962 vires
916 921 1188 972 animumque
1207 932 1371 960 mores-

290 1072 359 1093 rum
364 1064 460 1105 filios,
476 1075 494 1095 a
509 1066 614 1104 quihus
628 1067 776 1097 Centauri
789 1066 928 1105 legitima
942 1067 1021 1098 caede
1031 1067 1180 1107 prostrati
1194 1069 1276 1107 sunt,
1291 1070 1383 1106 atque
1397 1067 1552 1098 extinctus
1565 1069 1609 1097 est
1625 1065 1709 1104 ignis

295 1105 458 1135 Claimaerae
471 1107 628 1137 horrendoe
638 1118 650 1144 ;
671 1108 734 1138 site
749 1108 852 1137 laudat
868 1117 917 1138 eos
930 1109 983 1147 qui
997 1110 1116 1138 domum
1130 1109 1255 1138 redeunt
1272 1109 1346 1138 Elea
1361 1108 1490 1139 victoria
1504 1108 1646 1147 gloriosi,
1660 1116 1710 1139 ca-

292 1145 396 1184 nitque
410 1148 457 1177 vel
476 1148 610 1186 pugilem
632 1149 678 1178 vel
700 1149 842 1187 equitem,
858 1153 887 1178 et
902 1150 1013 1179 (Ionum
1028 1149 1072 1179 eis
1095 1149 1204 1179 tribuit
1218 1149 1412 1179 excellentius
1427 1149 1539 1179 statuis
1553 1149 1687 1179 centenis
1697 1157 1711 1183 ;

290 1186 356 1216 sive
370 1187 460 1227 deflet
475 1190 689 1219 adolescentem
702 1192 796 1219 morte
810 1189 944 1219 ablatum
958 1193 1059 1228 nuptae
1072 1193 1199 1228 moestae,
1209 1189 1352 1228 illiusque
1364 1190 1509 1220 virtutem
1521 1190 1711 1228 animumque

887 1299 1120 1312 eeeeeeeeeeee

294 1384 397 1415 Kidd.
413 1394 535 1423 regesve
547 1396 557 1416 .-
580 1390 632 1416 est
649 1385 853 1423 distributio,
870 1390 907 1416 ut
924 1395 972 1418 vs.
986 1389 1036 1417 18.
1059 1389 1147 1417 canet
1161 1385 1293 1426 Lips.4.
1309 1390 1343 1416 et
1361 1386 1455 1417 Dess.
1466 1389 1581 1418 2.—18
1597 1387 1607 1403 ‘
1618 1385 1711 1417 Male

294 1431 372 1464 post
392 1427 526 1457 coelestes
541 1427 636 1458 colon
653 1432 781 1467 ponunt
795 1427 871 1458 edd.
888 1428 976 1467 vulg.
993 1433 1151 1468 tanquam
1167 1436 1252 1458 nova
1274 1429 1442 1458 sententia
1465 1429 1521 1467 sit,
1543 1429 1727 1468 pugilemve·

292 1475 436 1505 equumve
451 1468 538 1499 dicit.
585 1469 724 1499 Rectius
739 1469 851 1500 Bentl.
871 1469 1013 1509 Cuning.
1035 1474 1070 1499 et
1085 1469 1206 1500 Sanad.
1223 1469 1271 1499 uti
1288 1469 1371 1500 nos.’
1390 1469 1477 1500 Jani.
1519 1470 1712 1508 pag-itemque

293 1507 386 1547 Lips.
401 1511 432 1540 3.
459 1509 591 1540 Venett.
617 1509 757 1541 Locher.
782 1515 818 1540 et
844 1511 1070 1540 Ascens.—l9
1094 1510 1189 1541 Dicet
1216 1510 1306 1549 Lips.
1328 1513 1358 1542 1.
1393 1511 1489 1541 Dicat
1514 1512 1614 1542 Dess.
1637 1513 1713 1540 2.-

293 1551 332 1578 21
350 1549 443 1580 Unus
454 1550 665 1588 Bersmanni,
682 1551 773 1590 Lips.
787 1553 817 1582 2.
841 1552 938 1582 Dess.
953 1555 984 1582 2.
1009 1551 1152 1583 Helmst.
1165 1557 1199 1582 et
1212 1552 1306 1582 Harl.
1321 1554 1351 1582 2.
1366 1554 1396 1582 3.
1412 1554 1443 1582 4.
1457 1552 1714 1592 juvenemque.—

293 1591 334 1620 22
346 1590 436 1630 Lips.
450 1593 481 1623 4.
497 1592 679 1623 animumve.
703 1593 797 1624 Unus
807 1593 1014 1632 Bersmanni,
1027 1598 1060 1624 et
1074 1593 1167 1633 Lips.
1183 1595 1213 1624 3.
1229 1596 1260 1624 4.
1275 1603 1384 1633 mores,
1398 1594 1519 1625 omisso
1534 1603 1602 1634 que.
1625 1593 1711 1624 Vide

935 1691 1072 1722 NOTAE

293 1790 358 1816 tur.
391 1783 455 1814 Vel
470 1782 624 1823 designat
638 1783 747 1815 Poeta
761 1789 876 1816 noster
891 1785 977 1816 Her·
1027 1794 1142 1815 corum
1155 1784 1345 1817 celebritas.
1368 1783 1456 1816 Vide
1471 1778 1576 1817 1.'0d.
1590 1788 1620 1818 1.
1632 1789 1662 1818 3.
1679 1791 1714 1818 et

295 1833 400 1864 culem
428 1831 535 1870 Jovis,
563 1836 600 1862 et
631 1832 797 1864 Theseum
826 1834 977 1874 Neptuni

293 1881 391 1916 filios,
406 1880 485 1911 item
507 1880 693 1911 Pirithoum
710 1891 728 1912 a
741 1882 855 1913 Marte
876 1891 979 1922 genus

294 1930 502 1961 trahentem:
525 1930 534 1946 ⁶
553 1938 613 1969 per
636 1939 717 1969 quos
739 1930 901 1962 Centauri
922 1939 979 1961 ce-

295 1977 428 2010 cidere.’
462 1977 549 2008 Vide
573 1986 599 2008 1.
625 1977 693 2009 Od.
717 1981 768 2010 18.
793 1988 847 2010 11¹.
863 1979 981 2010 Od.4.

294 2026 346 2057 De
364 2025 530 2057 Chimaera
553 2034 613 2065 per
639 2025 934 2066 Bellerophontem
960 2037 979 2058 a

295 2075 456 2115 Neptuno
474 2074 625 2115 adjutum
653 2075 776 2114 deleta,
791 2085 816 2108 1.
833 2076 900 2107 Od.
925 2079 978 2108 27.

295 2122 461 2154 Pindarus
476 2127 588 2154 autem
605 2123 740 2164 Olymp.
758 2124 825 2156 Od.
843 2134 925 2156 xm.

338 2174 376 2201 17
399 2171 472 2203 Sive
501 2181 572 2211 quos
610 2172 697 2211 Elea,
729 2173 796 2213 ὁτι]
835 2174 977 2207 Quando

295 2221 408 2252 laudat
422 2221 565 2252 victores
582 2221 615 2251 in
633 2221 872 2253 certaminibus
888 2223 977 2263 apud

295 2269 424 2301 Elidem
453 2269 676 2310 Peloponnesi
708 2270 890 2310 regionem,
919 2281 978 2302 seu

295 2318 463 2359 pugilatu3
493 2318 632 2350 Pindar.
655 2319 792 2360 Olymp-
823 2319 890 2352 Od.
914 2329 979 2352 vu.

296 2376 329 2398 x.
346 2375 397 2399 xi.
412 2377 470 2398 seu
486 2377 645 2408 equorum
670 2377 780 2407 cursu,
805 2368 886 2400 ibid.
910 2366 978 2401 Od.

296 2425 319 2447 1.
335 2420 370 2448 et
385 2415 465 2447 alibi
480 2416 592 2447 multis
605 2417 698 2448 locis.
721 2417 979 2458 Virgil.Georg.

296 2473 320 2495 1.
333 2468 383 2495 59.
407 2464 417 2481 ‘
432 2465 583 2497 Eliadum
598 2466 724 2506 palmas
735 2465 744 2480 '
757 2467 862 2499 mittit
878 2471 886 2484 ‘
899 2467 979 2508 Epi-

297 2521 352 2542 rus
368 2513 549 2552 equarum.'
583 2514 708 2554 Georg.
725 2523 779 2546 ιιι.
799 2517 873 2546 202.
895 2516 905 2534 ‘
924 2515 976 2546 Ad

299 2561 372 2592 Elei
387 2557 490 2592 metas
505 2568 540 2594 et
555 2563 698 2594 maxima
713 2564 822 2604 campi
836 2564 978 2596 Sudabit

296 2610 416 2649 spatia.
432 2614 466 2640 et
478 2619 609 2649 spumas
625 2615 702 2651 aget
724 2621 781 2642 ore
797 2611 978 2643 cruentas-¹

298 2658 368 2688 Elis
383 2662 418 2688 et
433 2658 523 2697 Pisa,
535 2668 609 2698 quae
630 2665 666 2691 et
687 2661 857 2701 Olympia,
880 2661 978 2692 urbes

298 2712 375 2739 sunt
399 2708 504 2739 Elidis
530 2709 695 2748 regionis:
719 2711 842 2742 ibidem
865 2711 977 2743 fanum

298 2757 393 2790 Jovis
409 2757 568 2798 Olympii,
591 2762 627 2789 et
649 2758 802 2791 ludorum
825 2760 978 2802 Olympi-

1029 1841 1099 1873 seq.
1114 1833 1197 1864 Not.

1072 1883 1112 1911 18
1136 1879 1293 1919 Caelestes]
1316 1879 1382 1911 Od.
1396 1889 1419 1911 ι.
1434 1881 1444 1899 ‘
1456 1881 1639 1923 Palmaque
1655 1892 1714 1914 no·

1029 1929 1106 1960 bilis
1117 1951 1125 1961 .
1138 1950 1145 1959 .
1157 1951 1165 1961 .
1178 1930 1289 1960 evehit
1304 1929 1347 1960 ad
1359 1929 1475 1961 Deos!
1505 1930 1623 1962 Gloria
1636 1931 1714 1962 sub-

1029 1978 1123 2010 limes
1152 1978 1249 2020 quasi
1277 1979 1397 2010 coelum
1424 1979 1582 2021 Deosque
1612 1980 1714 2012 attin-

1028 2032 1127 2068 gunt.

1074 2078 1244 2118 Equumve]
1261 2078 1374 2119 Equus
1385 2079 1470 2119 ipse,
1479 2079 1536 2121 qui
1547 2079 1714 2111 velociore

1030 2135 1128 2158 cursu
1151 2137 1191 2158 ac
1224 2126 1425 2167 pernicitate
1450 2137 1511 2159 sua
1539 2128 1713 2159 victoriam

1030 2179 1221 2216 pepererat,
1247 2176 1470 2207 coronabatur
1499 2177 1611 2216 etiam,
1637 2185 1714 2207 nec·

1029 2233 1095 2255 non
1118 2223 1263 2255 carmine
1289 2223 1416 2264 pariter
1440 2228 1478 2256 ut
1503 2234 1606 2266 eques
1627 2226 1714 2257 cele-

1028 2272 1116 2303 brari
1145 2276 1375 2304 consueverat.
1409 2273 1544 2304 Piudar-
1573 2273 1712 2315 olymp.

1029 2321 1096 2353 od.
1113 2330 1138 2352 1.
1154 2320 1256 2361 Pyth.
1275 2320 1343 2352 Od.
1361 2329 1419 2352 111.

1073 2373 1113 2400 19
1135 2369 1262 2400 Potior-e
1275 2369 1391 2410 signis]
1405 2369 1492 2402 Vide
1503 2374 1630 2411 postea,
1645 2370 1713 2403 Od.

1029 2428 1111 2450 vin.
1128 2418 1225 2458 hujus
1241 2418 1329 2450 libri.

1069 2470 1108 2499 21
1138 2468 1247 2499 Flebili
1264 2477 1380 2507 sponsoe
1393 2467 1571 2505 juvenemne
1591 2473 1714 2511 raptum

1030 2517 1154 2558 Plorat]
1176 2517 1244 2548 Seu
1269 2526 1343 2548 cum
1370 2518 1473 2550 struit
1496 2522 1531 2550 et
1545 2521 1715 2560 componit

1029 2566 1245 2607 Epitaphium
1269 2566 1382 2607 sponsi
1402 2571 1509 2598 morte
1533 2574 1713 2608 praematu-

1030 2625 1068 2647 ra
1093 2616 1249 2655 extincti,
1271 2625 1469 2657 sponsaeque
1499 2617 1624 2648 luctum
1657 2617 1714 2650 de.

1029 2664 1158 2695 scribit.

1070 2716 1111 2744 22
1136 2714 1240 2745 Mores
1257 2714 1384 2755 ‘aureos]
1409 2713 1539 2752 Castus,
1568 2719 1715 2758 sanctos,

1031 2762 1196 2803 antiquos,
1213 2763 1326 2805 quales
1342 2768 1444 2795 aetate
1460 2772 1573 2799 aurea.
