1904 3256
370 271 452 313 710

832 287 876 323 Q.
906 283 1112 315 HORATH
1147 283 1317 313 FLACCI

1012 373 1150 406 NOTAE

416 441 453 468 15
481 436 569 467 Unde
593 436 650 467 tibi
672 436 817 472 reditum,
839 434 909 473 ἅμα]
933 434 1057 466 Achilli

374 486 529 526 praedicit
556 485 678 516 Chiron
705 488 941 523 praematuram
967 483 1056 523 apud

371 535 536 575 Trojanos
559 537 719 564 mortem:
749 530 837 572 quod
860 536 970 571 norat,
997 541 1055 562 seu

373 593 416 615 ex
426 581 630 620 Astrologia,
639 580 732 620 cnjus
743 583 817 610 erat
826 580 1057 620 peritissimus,

373 642 431 663 seu
457 642 473 662 a
501 629 654 667 Thetide,
669 638 743 668 quae
762 628 852 668 apud
872 629 1055 660 Homerum

374 680 495 712 Achilli
511 679 580 710 filio
595 677 700 709 fatum
724 687 819 708 suum
841 678 1055 718 praenuntiat.

373 730 504 761 Ibidem
521 737 599 758 vero
615 726 816 758 describitur
833 727 903 766 ipse
927 736 962 756 se
978 736 1056 757 con-

374 778 474 810 solari
495 777 570 807 vino
585 779 620 806 et
641 779 742 806 cantu
764 776 971 807 heroicarum
993 777 1056 807 vir-

374 831 495 858 tutum.
540 823 638 856 Quod
653 824 730 855 inde
752 824 859 856 Poeta
875 830 990 856 noster
1006 830 1059 857 est

375 876 525 907 imitatus
541 874 600 904 hac
616 873 703 904 Ode.

418 922 610 962 Subtemine]
655 922 850 962 Subtemen,
882 923 973 954 filum
1005 931 1058 956 est

377 973 466 1014 quod
503 971 636 1002 stamini
672 970 873 1002 subtexitur.
936 973 1060 1004 Catull.

378 1023 489 1054 earm.
504 1021 547 1051 de
564 1019 699 1060 Nuptiis
716 1020 810 1051 Pelei
833 1030 871 1052 ac
885 1022 1060 1053 Thetidis:

376 1071 536 1110 ‘Curi-ite,
546 1069 707 1100 ducentes
716 1069 915 1110 subtemina,
926 1071 1063 1110 currite,

377 1119 469 1151 fusi!
505 1120 560 1150 De
580 1118 697 1149 Parcis
720 1117 791 1149 fata
811 1120 979 1158 uentibus,
995 1121 1063 1150 vol-

380 1168 544 1208 ventibus,
579 1168 915 1209 dispensantibusque
959 1179 1062 1200 annos

381 1218 458 1248 vitae
475 1217 678 1256 mortalium,
693 1216 770 1248 vide
786 1226 826 1248 11.
839 1217 906 1249 Od.
921 1221 953 1250 3.

421 1269 461 1296 18
477 1266 634 1304 Deformis
654 1266 858 1307 oegrimmu‘ae]
883 1266 1064 1300 Deformes

1110 435 1218 466 reddit
1244 436 1403 475 aegritudo
1431 437 1541 469 animi.
1588 438 1659 470 Cic.
1686 440 1790 478 Attic‚
1812 442 1817 445 χ

1109 485 1214 524 Epist.
1239 494 1306 517 xu.
1331 489 1381 517 37.
1402 487 1411 503 ‘
1428 487 1562 518 Ferrem
1588 488 1747 528 graviter,
1762 489 1791 519 si

1109 543 1202 564 novae
1216 535 1415 572 aegrimoniae
1433 537 1524 566 locus
1540 536 1654 567 esset.'

1150 583 1297 614 Dulcibus
1310 584 1466 624 alloquiis]
1494 584 1594 623 Vide,
1610 585 1728 624 lector,
1754 589 1791 616 ut.

1108 631 1165 662 has
1183 640 1280 662 voces
1304 633 1394 662 velut
1413 633 1586 672 appositas
1610 632 1650 663 ad
1668 642 1792 672 praece·

1109 680 1223 711 dentia
1257 682 1266 698 ‘
1281 682 1355 711 νίιιο
1392 686 1557 722 cantuque
1570 681 1578 694 ¹
1616 681 1794 722 intelligas.

1111 730 1121 746 ‘
1137 728 1308 769 Alloqniass
1326 729 1491 760 veteribus
1511 730 1631 761 solatia
1652 735 1686 760 et
1702 730 1793 760 leva-

1109 778 1197 807 mina
1222 777 1432 810 dicebautnr.
1469 779 1582 810 Graec.
1611 778 1793 819 παραμυθία.

1111 827 1216 857 Varro
1232 826 1274 857 de
1290 827 1387 866 Ling.
1405 827 1481 857 Lat.
1497 827 1555 858 lib.
1571 836 1607 858 v.
1622 828 1713 858 circa
1726 837 1794 858 me·

1110 875 1210 905 dium.
1232 876 1241 892 ‘
1257 875 1447 906 Allocutnm
1461 876 1615 906 mulieres
1628 875 1676 906 ire
1690 876 1794 913 aiunt,

1112 934 1186 956 cum
1209 929 1288 955 eunt
1306 924 1347 954 ad
1364 925 1502 964 aliquam
1518 925 1664 955 locutum
1680 933 1796 955 conso·

1114 973 1203 1004 landi
1219 973 1339 1004 cansa!
1369 974 1444 1004 Val.
1461 973 1552 1004 Max.
1566 981 1608 1004 1¹.
1623 976 1654 1004 7.
1667 976 1698 1004 6.
1713 977 1722 990 ’
1739 973 1795 1004 In-

1113 1027 1207 1054 certa
1223 1023 1410 1063 gr‘atulandi
1425 1023 1530 1063 prius,
1545 1032 1587 1052 an
1608 1021 1797 1063 alloquendi

1115 1071 1222 1103 officio
1247 1071 1464 1112 fungeretur)
1499 1072 1650 1112 sapient.
1669 1079 1750 1102 vm.
1765 1073 1798 1101 9.

1112 1120 1123 1139 ¹
1138 1121 1310 1160 Sapientia
1329 1130 1457 1151 mecum
1482 1120 1738 1151 communicabit
1754 1119 1798 1149 de

1115 1169 1232 1200 bonis:
1257 1174 1292 1198 et
1316 1169 1382 1199 erit
1405 1169 1560 1200 allocutio
1581 1168 1796 1210 cogitationis

1117 1227 1156 1248 ac
1172 1217 1265 1248 taedii
1281 1217 1370 1250 mei!

932 1422 1059 1464 ODE
1106 1422 1246 1464 XIV.

878 1519 943 1549 An
976 1520 1308 1550 MAEGENA'I‘EM.

382 1605 565 1636 Maecenati
579 1613 638 1635 suo
653 1605 816 1645 quaerenti
831 1605 919 1644 quod
937 1605 1069 1637 lambos
1082 1606 1220 1646 (dudum
1238 1607 1436 1646 promissum
1450 1606 1550 1647 opus)
1561 1615 1626 1637 non
1640 1605 1804 1646 absolvat,

589 1656 773 1695 respondet
789 1656 850 1686 sibi
866 1666 932 1687 non
947 1657 1051 1688 licere
1067 1667 1127 1698 per
1139 1657 1297 1689 Amorem
1313 1663 1483 1698 potentem
1501 1660 1621 1690 Deum.

496 1729 691 1770 Momns
712 1731 865 1771 inertia
885 1743 959 1772 cur
978 1734 1140 1772 tantam
1160 1731 1374 1773 diffuderit
1391 1732 1490 1772 imis

552 1795 823 1836 Oblivionem
844 1797 1062 1847 sensibus,

496 1860 666 1902 Pocula
686 1861 874 1902 Lenaeos
893 1865 938 1902 ut
958 1863 994 1902 si
1014 1863 1220 1904 ducentia
1241 1876 1420 1904 somnos

552 1925 715 1967 Arente
736 1927 863 1967 sance
884 1927 1105 1976 traxerim,

430 2035 551 2074 Optime
564 2035 728 2074 Maecenas,
746 2036 894 2077 interficis
913 2045 971 2075 me,
993 2037 1152 2076 quaerendo
1169 2037 1293 2076 samius,
1313 2047 1404 2077 quare
1425 2037 1522 2068 otiosa
1542 2036 1667 2076 ignavia
1685 2034 1805 2067 intimis

384 2077 563 2115 praecordiis
577 2078 734 2108 induxerit
757 2079 847 2108 talem
861 2077 1049 2118 oblivionem,
1071 2079 1155 2108 velut
1179 2079 1208 2108 si
1220 2083 1348 2117 gutture
1369 2078 1522 2109 sitibundo
1542 2077 1694 2110 hauserim
1714 2085 1806 2117 aquas

978 2170 1095 2184 oooooo

1098 2171 1214 2184 rrrrrr

429 2233 535 2264 Deest
551 2233 696 2264 Editioni
711 2233 836 2266 Sanad.
858 2234 964 2265 Vetus
979 2234 1086 2265 codex
1099 2232 1186 2274 apud
1196 2232 1353 2263 'rm-rent.
1369 2233 1454 2263 hanc
1463 2231 1563 2263 habet
1571 2229 1803 2278 Epigraphenf

390 2275 527 2306 Excusat
547 2285 578 2305 se
602 2276 781 2312 Maecenati,
804 2286 946 2306 accusans
966 2276 1114 2306 desidiam
1138 2276 1297 2306 suam—3
1322 2273 1436 2304 Codex
1453 2274 1627 2319 Galeanus
1648 2271 1805 2320 Bentleii,

389 2317 437 2346 uti
464 2316 492 2347 si
522 2317 684 2352 «incentiva,-
706 2317 854 2356 Magdal.
869 2318 994 2348 Battel.
1010 2322 1044 2348 et
1064 2317 1199 2348 Locher.
1213 2325 1268 2355 ap.
1282 2315 1383 2345 eund.
1397 2315 1492 2345 veluti
1504 2315 1665 2349 ducentum·
1688 2313 1807 2352 Regin.

391 2367 410 2388 a
427 2367 468 2390 m.
484 2367 535 2398 pr.
549 2359 706 2389 Petrens.
719 2363 756 2389 et
773 2358 870 2389 Bodl.
886 2358 1036 2398 ejusdem
1052 2357 1215 2398 Bentleii,
1236 2360 1271 2388 ut
1284 2356 1312 2387 si
1325 2356 1478 2394 ducentia,
1491 2354 1579 2396 qnod
1594 2355 1806 2386 retinendum

1032 2441 1171 2474 NOTAE

432 2503 509 2535 Ode
523 2507 576 2534 est
591 2502 726 2534 Dicolos
742 2503 956 2544 Distrophos.
998 2504 1070 2535 Pri-

390 2563 464 2585 mus
492 2554 632 2594 quisque
670 2562 783 2584 versus
819 2559 871 2585 est
908 2555 1073 2586 Hernicus

394 2604 622 2634 Hexameter:
646 2603 809 2634 secundus
833 2607 885 2634 est
908 2603 1075 2635 lambiens

393 2652 556 2683 Dimeter.

437 2703 453 2730 ι
478 2701 584 2731 Mollis
597 2700 711 2731 inertia
725 2710 790 2739 cnr,
804 2700 874 2740 εμπ]
898 2701 971 2732 Non
988 2699 1074 2731 desi-

395 2749 448 2780 dia
464 2750 523 2780 sed
540 2758 650 2780 amore
667 2758 702 2780 sc
719 2749 861 2781 detineri
877 2750 935 2781 ait.

1168 2507 1186 2535 3
1210 2504 1322 2535 Pocula
1343 2502 1482 2540 Letheos,
1511 2501 1579 2541 ξω]
1603 2500 1808 2541 Metonymia

1124 2553 1267 2593 subjecti
1283 2561 1343 2592 pro
1365 2551 1538 2591 adjuncto,
1560 2554 1597 2579 ut
1612 2548 1691 2579 alibi
1706 2557 1808 2589 saepe.

1123 2603 1245 2634 Sensus
1261 2605 1333 2633 est:
1358 2601 1470 2631 videor
1496 2607 1615 2638 nempe
1640 2597 1701 2629 tibi
1727 2597 1808 2629 han-

1123 2652 1207 2682 sisse
1222 2650 1328 2690 majus
1355 2649 1510 2689 poculum
1534 2656 1553 2678 e
1582 2646 1687 2678 Lethe
1708 2644 1809 2678 fluvio

1125 2699 1326 2738 Inferorum,
1348 2698 1404 2738 qni
1430 2706 1538 2728 rerum
1561 2695 1706 2727 omnium
1729 2694 1809 2726 obli-

1127 2748 1255 2780 vionem
1273 2747 1419 2779 inducit:
1436 2746 1487 2777 vel
1501 2743 1703 2787 soporiferas
1713 2752 1809 2784 quas-
