1890 3256
614 259 890 290 sannionum
926 259 1022 291 ms.
1055 259 1107 290 11.
1135 249 1178 290 8.
1517 248 1630 290 1059

178 354 374 397 Stridere
397 359 567 397 secreta
583 354 752 396 divisos
773 366 876 395 aure
895 366 1113 396 susurros.

177 422 213 471 ἿῘ
237 421 397 463 Nullos
417 422 487 463 his
507 420 685 462 mallem
706 418 838 462 ludos
862 423 1112 475 spectasse:
1145 419 1224 461 sed
1245 419 1323 460 illa

178 487 352 539 Redde,
369 501 465 541 age,
485 499 585 540 quae
606 486 816 540 deinceps
836 487 985 528 risisti.
1044 486 1079 536 ἹῘ
1100 485 1315 528 Vibidius
1336 486 1439 527 dum
1573 487 1630 528 80

178 554 356 606 Quaerit
375 554 431 596 de
451 554 616 608 pueris,
636 565 738 594 num
758 553 816 594 sit
835 566 1010 607 quoque
1031 553 1177 595 fracta
1196 554 1368 606 lagena,

177 621 314 673 Quod
334 621 427 663 sibi-
441 620 640 674 poscenti
659 633 745 661 non
764 620 920 662 dentur
940 621 1126 674 pocula;
1162 620 1353 674 dumque

176 687 361 729 Ridetur
379 688 494 729 fictis
514 701 666 737 rerum,
689 687 930 729 Balatrone
950 687 1174 738 secundo3

179 754 436 806 Nasidieue,
457 754 577 796 redis
597 757 780 796 mutatae
798 753 969 803 frontis,
991 759 1038 795 ut
1058 757 1150 795 arte

179 821 498 864 Emendaturus
515 822 757 863 fortunam:
789 819 944 861 deinde
966 821 1107 862 secuti
1577 822 1635 864 85

178 887 444 930 Mazonomo
463 888 590 942 pueri
610 899 769 940 magno
791 885 1017 940 discerpta
1033 887 1222 929 ferentes

171 995 254 1036 petit
267 995 418 1036 crepidas.
461 995 543 1026 Mox
562 995 597 1026 in
618 994 752 1034 singulis
765 995 845 1026 toris
859 995 1032 1035 aspexisses
1046 996 1126 1027 clam
1139 997 1180 1027 ad
1194 1005 1298 1027 aurem
1312 996 1392 1038 fieri
1406 996 1636 1028 susurrationes

176 1038 327 1070 diuersas.
373 1039 468 1069 Certe
481 1038 583 1068 nullos
596 1037 688 1069 velim
700 1038 788 1068 ludos
802 1041 952 1077 spectasse
965 1037 1068 1078 potins
1082 1048 1174 1077 quam
1187 1039 1274 1069 istos.
1321 1038 1465 1070 Hons'r.
1490 1039 1536 1070 Ae
1551 1039 1636 1077 reser-

177 1089 215 1111 ea
224 1089 296 1121 quoe
309 1083 416 1120 pastea
427 1079 535 1118 jocum
548 1079 607 1110 tibi
621 1080 742 1110 dedere.
789 1079 1018 1111 [innuamus.
1042 1080 1194 1119 Risimus,
1208 1082 1282 1111 dum
1294 1080 1435 1118 famulos
1457 1081 1635 1120 interroga-

177 1122 226 1153 vit
247 1122 404 1161 Vibidius,
419 1132 459 1152 an
471 1121 583 1160 fracta
597 1121 691 1152 etiam
706 1122 818 1160 lagena
832 1122 888 1158 sit,
902 1124 982 1162 quod
1000 1122 1174 1162 postulanti
1186 1123 1246 1153 sibi
1258 1123 1367 1162 pocula
1381 1133 1441 1154 non
1463 1123 1636 1163 praeberen-

178 1168 242 1196 tur.
286 1164 374 1196 Dum
395 1173 466 1195 uero
486 1163 639 1204 eovtflatur
653 1164 736 1194 risus
750 1173 767 1194 e
781 1164 938 1195 simulatis
952 1163 1055 1200 rebus,
1071 1165 1242 1196 Balatrone
1257 1165 1502 1202 obsec-undamn
1524 1175 1562 1196 en
1587 1175 1637 1197 re·

178 1206 317 1238 vertitur
333 1206 525 1238 Nasidienus
545 1209 666 1237 mutata
678 1206 802 1245 fronte,
827 1207 915 1246 quasi
939 1206 1066 1246 ingenio
1091 1210 1291 1247 reparatum
1315 1208 1504 1246 infortunia.
1549 1207 1637 1239 Pone

179 1249 384 1290 sequebantur
397 1248 516 1287 famuli
540 1249 575 1279 in
592 1249 777 1289 praegrandi
802 1249 888 1280 lance
910 1253 1070 1289 gestantes
1093 1249 1228 1281 membra
1249 1251 1343 1289 gruis
1365 1250 1481 1290 divisa,
1501 1250 1635 1291 plurimo

791 1334 808 1345 ρ
812 1331 867 1343 OOC
870 1331 1025 1344 OMOOOO

180 1390 212 1419 2.
239 1397 260 1419 a
282 1397 332 1420 vm.
356 1397 408 1428 pr.
430 1388 567 1428 quodque
588 1388 720 1420 videres.
767 1387 915 1419 chisian.
938 1390 971 1418 2.
996 1397 1016 1419 a
1038 1397 1083 1418 m.
1106 1391 1175 1419 sec.
1205 1397 1390 1429 quocumque
1419 1397 1462 1419 ex
1493 1388 1639 1429 gloss.—

179 1432 223 1461 ⁷9
244 1430 324 1461 Vat.
350 1434 381 1461 5.
416 1439 436 1460 a
462 1439 506 1460 m.
538 1439 590 1471 pr.
623 1434 660 1461 et
690 1429 771 1460 Vat.
805 1429 916 1460 Palat.
941 1432 975 1461 6.
1006 1430 1093 1461 ludos
1114 1430 1335 1462 mallem—82
1360 1430 1506 1461 Plurimi
1533 1429 1636 1462 codd.

181 1481 236 1512 ap.
261 1472 375 1508 feam,
403 1471 460 1503 alii
487 1481 543 1513 ap.
571 1471 700 1503 Valart.
726 1475 763 1502 et
789 1471 890 1502 Harl.
918 1474 950 1503 3.
974 1474 1006 1503 6.
1043 1481 1105 1503 non
1132 1473 1343 1504 dantum—83
1368 1472 1451 1503 Vnt.
1479 1472 1579 1504 Rom.
1607 1475 1640 1503 8.

179 1515 219 1545 ab
248 1514 516 1546 Batauam—85
553 1513 622 1546 Hic
651 1523 768 1545 versus
804 1512 904 1545 deest
936 1514 972 1544 in
1009 1514 1216 1546 Zarot.—-86
1247 1515 1330 1546 Vet.
1368 1514 1487 1546 Comb.
1519 1516 1640 1554 magni.

179 1556 309 1588 vna.
332 1567 352 1588 a
370 1566 414 1588 m.
436 1567 489 1598 pr.
510 1557 588 1588 Vat.
611 1559 665 1588 12.
689 1565 710 1587 a
732 1565 776 1587 m.
799 1565 852 1596 pr.
876 1559 912 1587 et
934 1555 1092 1596 Angelic.
1116 1566 1136 1587 a
1159 1567 1204 1587 m.
1228 1566 1280 1596 pr.
1298 1558 1445 1588 discreta.
1489 1557 1639 1587 Chisian.

181 1601 215 1630 2.
236 1608 256 1630 a
281 1608 326 1630 m.
353 1608 420 1631 sec.
447 1599 611 1639 discripta.
651 1598 787 1640 Gryph.
813 1600 909 1629 1566.
934 1598 1099 1638 descripta.
1147 1598 1320 1630 ‘Discreta
1346 1597 1566 1639 signiticaret,
1589 1597 1640 1629 sn-

183 1639 251 1672 isse
277 1641 382 1673 allata
410 1642 446 1672 in
480 1641 594 1683 ampla
630 1645 668 1672 et
699 1649 823 1681 magua
857 1640 953 1672 lance
984 1640 1136 1672 membra
1166 1641 1264 1672 unius
1292 1641 1382 1681 gruis
1405 1645 1514 1681 secta,
1536 1646 1640 1682 atque

843 1725 874 1756 N
881 1724 985 1757 OTAE

182 1787 336 1820 vestibus
366 1798 448 1830 quas
474 1798 494 1820 a
522 1798 560 1820 re
583 1788 768 1823 coeuatoria
792 1787 887 1820 dixe·

183 1841 276 1870 runt.
297 1837 442 1869 Petrou.
453 1838 463 1854 ‘
478 1838 676 1870 Coenatoria
690 1838 889 1879 repetimus,

182 1892 219 1920 et
241 1888 277 1919 iu
302 1887 494 1928 proximam
511 1887 632 1919 cellam
647 1887 743 1919 ducti
762 1897 888 1927 sumus,

941 1789 1053 1820 soleis.
1097 1789 1171 1821 Has
1197 1790 1299 1821 etiam
1324 1789 1546 1831 appellabant
1569 1799 1643 1821 cre·

942 1838 1041 1878 pidas
1067 1843 1104 1870 et
1133 1839 1329 1879 crepidulas
1359 1849 1379 1870 a
1403 1839 1532 1871 Graeca
1558 1849 1642 1871 voce

940 1887 1092 1927 κρηπίδες.
1116 1888 1208 1920 Gell.
1224 1897 1308 1920 xm.
1322 1891 1375 1920 20.

183 1938 218 1970 in
234 1947 300 1979 qua
322 1942 393 1968 tres
414 1937 496 1968 lecti
515 1936 614 1968 strati
635 1936 757 1968 erant.’
800 1937 886 1968 Tum

184 1987 289 2018 etiam
317 1986 429 2018 soleas
455 1985 600 2027 pedibus
623 1986 820 2026 demebaut,
843 1996 887 2018 ue

184 2036 312 2068 lectum
338 2035 487 2076 lectique
517 2036 669 2075 stragula
698 2040 735 2066 et
764 2036 887 2067 toralia

186 2089 469 2126 couspurcnrent.
490 2085 642 2118 Martial.
656 2094 715 2117 ιιι.
728 2088 782 2116 50.
797 2085 807 2102 ‘
818 2085 887 2116 De-

187 2137 285 2178 posui
299 2136 421 2173 soleas,
437 2134 578 2167 affertur
600 2135 752 2175 protinus
768 2135 887 2174 ingens

186 2187 285 2219 Inter
313 2187 463 2218 lactucas
488 2194 743 2226 oxygarumque
773 2182 885 2217 liber-³

175 2235 267 2270 'Quo
295 2245 375 2268 vero
404 2236 518 2276 pergit
548 2234 754 2266 Nasidienus
785 2235 886 2266 soleis

187 2286 367 2319 resumtis?
390 2285 580 2318 convivium
604 2286 788 2317 aulaeorum
805 2295 886 2318 casu

187 2341 224 2368 et
238 2337 346 2367 multo
362 2336 501 2375 pulvere
517 2335 729 2377 inquinatum
745 2337 817 2367 vult
833 2345 887 2367 re-

188 2394 321 2426 parare,
350 2385 546 2418 Balatronis
574 2395 728 2417 sermone
754 2386 888 2418 scilicet

185 2439 320 2467 erectus
344 2439 380 2466 et
407 2435 482 2477 ipse
506 2440 697 2476 reparatus.
740 2435 829 2467 Vide
852 2435 888 2468 J.

187 2483 282 2524 Lips.
297 2483 418 2525 Antiq.
434 2486 530 2517 Lect.
546 2486 605 2517 lib.
623 2494 682 2518 111.

230 2533 353 2574 Soleus]
376 2535 605 2567 calceamenti
629 2544 735 2576 genus
754 2535 889 2575 plantas

191 2587 311 2623 tegens
324 2582 462 2623 pedum,
476 2594 642 2616 annexum
656 2585 823 2616 teretibus
834 2585 891 2616 ha·

194 2632 290 2665 benis
301 2636 417 2664 cetera
431 2643 536 2674 prope
548 2636 639 2666 nuda
651 2634 890 2667 vincientibus.

193 2681 338 2714 Factum
350 2691 484 2719 nomen,
495 2683 585 2724 quod
602 2685 708 2716 solum
720 2685 891 2716 duntaxat

195 2741 257 2762 seu
272 2731 422 2772 plantam
437 2733 648 2774 obtegerent.
692 2736 803 2767 Porro
823 2737 891 2767 cal·

196 2781 265 2814 eeis
281 2786 414 2816 veteres
429 2782 511 2815 foris
534 2783 730 2826 utebantur,
747 2789 783 2818 at
802 2785 890 2818 domi

983 1940 1024 1969 78
1040 1938 1184 1969 Str-idere
1197 1942 1328 1975 secreta,
1343 1939 1414 1979 ξω]
1431 1938 1530 1970 Alter
1543 1939 1644 1971 alteri

939 1988 1148 2020 insusurrat:
1179 1989 1299 2030 Ecquo
1325 1989 1440 2030 pergit
1460 1989 1540 2020 ille?
1560 1989 1642 2031 quid

940 2037 1100 2068 molitur?
1117 2037 1288 2079 Observa,
1299 2039 1435 2074 Lector,
1453 2039 1486 2069 in
1498 2039 1560 2071 boc
1571 2049 1645 2070 ver-

941 2097 979 2118 su
995 2085 1266 2128 frequentiorem
1292 2089 1428 2120 literam
1442 2088 1465 2120 S
1483 2089 1572 2120 belle
1589 2099 1643 2120 su-

941 2144 1055 2166 surros
1070 2137 1333 2176 exprimentem.

984 2187 1024 2216 83
1051 2185 1154 2216 Fictis
1179 2185 1298 2226 rerum]
1322 2186 1473 2217 Ridendi
1497 2190 1644 2227 praetex-

942 2237 998 2265 tus
1023 2233 1228 2274 fingebatur,
1243 2244 1287 2265 ne
1310 2245 1346 2266 se
1370 2235 1519 2267 derideri
1542 2237 1644 2268 Nasi-

942 2283 1062 2315 dienus
1078 2283 1289 2324 adverteret,
1306 2294 1382 2316 cum
1398 2287 1544 2317 maxime
1555 2286 1644 2316 ride-

942 2337 1050 2364 retur.
1073 2342 1113 2364 ιι.
1131 2333 1206 2365 Sat.
1227 2337 1258 2366 2.
1279 2337 1289 2352 ⁴
1306 2335 1410 2366 Vanis
1433 2344 1545 2366 rerum
1569 2344 1644 2366 cor·

942 2382 1088 2423 ruptus.'

985 2433 1158 2465 Balatrone
1171 2433 1317 2474 secundo]
1336 2433 1511 2465 Secundas
1529 2436 1645 2473 partes

943 2488 1081 2523 agente,
1098 2483 1272 2514 Vibidium
1296 2483 1493 2524 adjuvante,
1509 2482 1552 2513 ad
1575 2491 1644 2513 mo—

943 2533 1091 2564 vendum
1107 2533 1221 2563 risum.

987 2587 1028 2615 84
1044 2584 1181 2616 Mutatoe
1186 2582 1324 2622 frontis]
1349 2582 1475 2614 Hilaris
1490 2592 1509 2614 e
1524 2586 1645 2614 moesto

943 2635 1068 2675 factus,
1085 2635 1166 2666 laeto
1182 2634 1294 2666 animo
1308 2634 1463 2665 laetitiam
1476 2634 1645 2666 instaura-

945 2691 1052 2717 turus.

988 2738 1030 2766 86
1063 2733 1262 2773 Mazonomo]
1311 2733 1431 2765 Genus
1462 2737 1514 2765 est
1542 2734 1646 2765 lancis

945 2795 1096 2827 magnae:
1122 2784 1248 2817 dicitur
1261 2782 1323 2815 ἀπὸ
1341 2785 1397 2816 τοῦ
1416 2783 1519 2823 νέμειν
1533 2782 1645 2824 μάζας.
