1904 3256
349 288 433 328 624
818 301 862 337 Q.
893 298 1098 329 HoRA‘rn
1133 297 1301 327 FLAcct

902 449 1029 491 ODE
1076 449 1215 515 XIV.

866 558 932 587 AD
965 556 1254 587 AUGUS'I'UM.

353 645 426 676 Etsi
443 643 585 684 Augusti
596 643 694 683 Jussu
710 643 781 674 haec
797 642 873 674 Ode
890 643 1077 683 composita
1092 643 1136 674 sit
1152 643 1185 674 in
1207 643 1364 674 honorem
1381 641 1513 673 Claudii
1528 640 1652 673 Tiberii
1669 640 1776 672 Nero·

394 697 458 735 nis,
473 697 530 737 qui
545 695 642 726 fratri
657 704 716 726 suo
740 695 854 725 Druso
866 694 1043 725 Vindelico
1066 694 1155 725 bello
1178 693 1385 725 conficiendo
1408 693 1542 734 adjutor
1567 691 1690 729 fuerat,
1707 692 1776 722 Au-

392 752 508 788 gustus
532 752 644 779 tamen
665 747 739 787 ipse
754 745 825 777 fere
849 750 1021 787 utramque
1047 746 1166 786 implet
1191 746 1360 786 paginam.
1405 745 1556 776 Noverat
1572 749 1647 776 uter
1668 743 1776 775 carior

391 799 503 831 fuerat
515 799 682 841 Augusto.

575 872 697 922 QUAE
719 885 824 914 cura
843 873 1034 922 Patmm,
1056 885 1211 926 quaeve
1234 872 1483 923 Quiritium,

572 938 720 979 Plenis
739 938 948 979 honorum
968 939 1217 979 muneribus
1236 942 1352 988 tuas,

629 1002 844 1056 Auguste,
874 1004 1053 1045 virtutes
1073 1005 1117 1045 in
1136 1017 1276 1046 aevum

685 1069 771 1109 Per
789 1069 938 1109 titulos
953 1081 1255 1122 memoresque
1274 1070 1414 1110 fastos

575 1135 802 1175 AEternett
862 1133 918 1181 O,
938 1146 1026 1186 qua
1044 1134 1114 1174 sol
1133 1134 1393 1174 habitabiles
1544 1125 1548 1130 ’
1749 1133 1778 1171 5

578 1199 776 1239 Illustrat
795 1211 910 1247 oras,
930 1199 1120 1242 maxime
1139 1198 1379 1251 principum
1396 1211 1407 1248 ;

629 1263 770 1314 Quem
789 1263 896 1315 legis
915 1267 1113 1316 expertes
1133 1262 1301 1304 Latinae

685 1329 904 1369 Vindelici
924 1328 1116 1369 didicere
1137 1341 1286 1380 nuper,

397 1448 486 1483 Quod
500 1447 694 1482 Senatorum,
714 1446 762 1477 vel
776 1447 854 1485 quod
876 1445 988 1485 Populi
1012 1445 1143 1476 Romam·
1161 1445 1296 1476 studium
1317 1446 1426 1486 amplis
1439 1445 1584 1477 honorum
1597 1447 1685 1478 donis
1698 1450 1779 1485 titas,

353 1489 506 1528 Augum,
517 1489 649 1519 virtutes
671 1488 705 1518 in
727 1488 942 1527 sempiternum
953 1490 1104 1527 propaget
1122 1496 1177 1526 per·
1196 1487 1411 1527 inscriptiones
1435 1491 1464 1518 et
1480 1487 1583 1526 santos
1603 1488 1778 1519 memoriam

351 1531 574 1562 custodientes?
595 1540 612 1560 o
636 1529 766 1560 maxime
794 1528 984 1567 Principum,
1008 1537 1191 1568 quacumque
1214 1528 1268 1559 Sol
1293 1528 1470 1560 habitabiles
1491 1532 1590 1560 terras
1613 1529 1778 1567 illuminat,

351 1582 439 1612 quem
466 1571 620 1603 Vindelici
641 1571 774 1610 Imperio
793 1571 931 1601 Romano
955 1571 1086 1600 nondum
1105 1569 1223 1600 subditi
1247 1573 1406 1601 senserunt
1425 1574 1570 1610 quantum
1594 1580 1628 1602 re
1649 1570 1779 1602 militari

947 1652 1005 1663 ΟΝ
1009 1652 1161 1664 eoo-0000&
1166 1653 1184 1664 0

396 1706 473 1737 Ode
489 1706 620 1737 decima
634 1705 778 1746 septima
792 1705 886 1736 Libri
903 1705 1012 1746 quinti
1027 1706 1060 1736 in
1076 1706 1139 1737 Ed.
1153 1706 1277 1737 Sanad.
1309 1706 1501 1747 Epigraphe
1513 1705 1549 1736 in
1561 1705 1702 1736 Mentel.
1727 1705 1779 1736 Aa

352 1749 476 1779 Plebem
500 1748 605 1779 laudes
619 1747 767 1787 Augusti.
811 1747 936 1778 Venet.
955 1749 1048 1779 1492.
1072 1748 1212 1779 Locher.
1226 1753 1261 1779 et
1273 1748 1416 1779 Ascens.
1439 1747 1615 1786 Augustam
1636 1745 1778 1777 celebrat.

354 1793 415 1820 -l
440 1790 583 1829 Cuning.
607 1790 695 1828 conj.
718 1798 823 1828 quaene
851 1789 1098 1824 Quiritium—4
1120 1790 1230 1831 Vulgo
1253 1789 1368 1827 fastos.
1410 1789 1476 1820 Sed
1501 1787 1606 1826 faetus
1631 1787 1778 1819 Bentleii

354 1830 470 1862 Graev.
496 1840 574 1860 am.
599 1839 668 1860 sec.
694 1830 803 1860 codex
826 1830 1004 1861 Petavian.
1030 1840 1086 1870 ap.
1110 1831 1187 1862 Nic.
1210 1831 1329 1862 Heins.
1351 1831 1392 1861 ad
1415 1830 1587 1862 Claudian.
1604 1837 1654 1860 ιν.
1678 1829 1778 1860 Cous.

356 1871 487 1902 Honor.
508 1874 579 1902 155.
605 1872 686 1902 item
711 1871 795 1901 Exc.
820 1871 895 1900 Sax.
917 1872 1014 1902 Dess.
1032 1875 1063 1902 2.
1088 1872 1230 1912 Franeq.
1247 1873 1359 1902 Bentl.
1382 1868 1522 1910 Coniugi
1537 1871 1627 1909 Jani,
1643 1871 1779 1910 Bipont.

355 1913 499 1943 Wetzel.
517 1917 550 1943 et
567 1912 671 1944 Kidd.
714 1912 792 1942 Vid.
810 1912 890 1942 Var.
907 1913 1017 1943 Lectt.
1039 1913 1081 1943 ad
1108 1921 1164 1943 ιιι.
1194 1913 1261 1943 ()d.
1284 1915 1334 1943 17.
1356 1916 1450 1943 4.—5
1477 1913 1573 1943 Farn-
1591 1921 1645 1950 ap.
1662 1911 1776 1942 Lamb.

357 1954 440 1985 Exc.
456 1956 533 1985 Sax.
550 1953 693 1985 Mentel.
709 1957 744 1983 et
759 1952 831 1984 Alt.
848 1957 878 1984 l.
894 1954 949 1984 lux
965 1962 1026 1993 pro
1041 1954 1162 1984 soh—6
1179 1954 1269 1993 Lips.
1283 1957 1312 1984 l.
1328 1958 1363 1984 et
1377 1953 1475 1983 Harl.
1490 1955 1520 1983 4.
1546 1953 1686 1983 Illustret
1699 1962 1779 1982 oras.

355 1998 416 2026 -7
440 1995 571 2027 Bonfm.
595 1995 722 2026 Annot.
743 2003 804 2026 ιιι.
828 1995 958 2026 emend.
986 1995 1097 2035 Quam,
1123 1995 1155 2026 h.
1181 2005 1210 2026 e.
1236 1999 1406 2035 quantum,
1430 1994 1531 2035 idque
1558 1993 1778 2041 probatur-“11

995 2078 1133 2110 NOTAE

397 2143 546 2174 Mettum
563 2141 649 2172 idem
661 2141 750 2182 quod
767 2151 792 2172 1.
810 2140 877 2172 Od.
891 2143 921 2172 9.

397 2194 414 2222 1
441 2192 518 2227 Quae
533 2201 616 2230 cura,
629 2190 698 2231 δμκ]
723 2191 926 2222 Praeclarum
942 2194 978 2221 et
989 2190 1038 2220 lu-

353 2241 515 2272 minosum
532 2250 574 2271 ex
593 2240 736 2280 abrupto
751 2240 925 2271 exordium
941 2239 1040 2279 hujus

356 2289 462 2328 Odes,
478 2299 551 2329 quae
568 2294 605 2320 ut
620 2289 786 2329 elegantia
806 2289 990 2319 dictionum
1005 2294 1041 2319 et

356 2338 560 2369 sublimitate
591 2338 752 2375 materiae,
775 2338 822 2368 sic
848 2342 883 2368 et
906 2341 980 2368 arte
1003 2341 1040 2367 et

356 2388 488 2428 ingenio
505 2397 566 2427 par
581 2387 716 2418 omnino
729 2392 780 2418 est
801 2391 928 2426 quartae
944 2387 1041 2425 liujus

357 2437 445 2468 libri.
491 2436 559 2468 Hic
588 2436 712 2467 Tiberii
737 2435 826 2467 sicut
849 2435 916 2466 illic
941 2435 1043 2465 Drusi

357 2486 501 2517 virtutes
531 2485 681 2516 celebrat
709 2485 830 2523 Poeta,
867 2484 1042 2525 utrobique

358 2544 438 2565 vero
464 2534 602 2574 gloriam
630 2543 760 2565 omnem
793 2533 827 2563 in
855 2532 1041 2573 Augustum

358 2584 503 2623 confert,
531 2583 691 2624 singulari
720 2591 855 2623 prorsus
881 2582 1044 2613 industria

360 2637 396 2664 et
407 2633 561 2664 artificio.

400 2684 420 2712 2
444 2681 605 2712 Honorum
616 2680 804 2721 muneribus]
814 2679 962 2711 Publicis
975 2689 1042 2710 mo-

359 2730 540 2765 numentis,
556 2731 689 2770 statuis,
703 2728 973 2770 inscriptionibus
988 2727 1042 2759 ho-

359 2777 518 2818 norificis,
531 2779 593 2808 &c-

1133 2143 1152 2171 4
1175 2140 1328 2171 Memor-es
1349 2138 1468 2178 fastos]
1516 2139 1778 2172 Commentarios

1093 2189 1257 2230 publicos,
1288 2189 1406 2229 quibus
1433 2189 1577 2220 virorum
1601 2189 1777 2220 illustrium

1092 2238 1227 2269 nomina
1241 2242 1278 2268 et
1300 2237 1448 2268 facinora
1463 2237 1690 2268 inscribuntur
1704 2245 1779 2267 cum

1093 2287 1204 2326 laude,
1219 2295 1258 2317 ac
1276 2286 1470 2326 posteritati
1491 2285 1779 2321 commendantur,

1093 2337 1190 2368 rebus
1215 2344 1276 2376 per
1291 2344 1392 2367 annos
1414 2339 1449 2366 et
1466 2339 1617 2375 tempora
1638 2333 1778 2374 digestis

1094 2390 1129 2417 et
1145 2385 1359 2425 consignatis.

1134 2439 1152 2465 6
1178 2435 1336 2475 AEternet]
1363 2433 1451 2464 Non.
1467 2433 1621 2463 Marcell.
1637 2441 1678 2463 ex
1694 2432 1777 2462 Var-

1093 2492 1187 2520 rone,
1201 2483 1280 2513 Rer.
1293 2482 1439 2512 Human.
1449 2480 1506 2512 lib.
1519 2489 1558 2512 n.
1569 2480 1579 2497 ‘
1590 2480 1778 2521 Literisque

1095 2542 1134 2563 ac
1149 2531 1301 2562 laudibus
1316 2529 1507 2561 aeternare!

1139 2581 1180 2619 Ο,
1196 2590 1254 2620 qua
1268 2580 1313 2610 sol
1327 2578 1519 2618 habitabiles,
1530 2577 1596 2617 ὅπη]
1619 2577 1780 2617 Auguste,

1096 2631 1238 2661 maxime
1252 2628 1447 2667 Principum
1461 2627 1516 2667 qui
1527 2626 1699 2657 habitabili
1711 2631 1778 2658 ter-

1096 2689 1132 2710 ra
1147 2686 1352 2719 quacumque
1369 2680 1445 2707 sunt
1460 2685 1498 2706 ac
1514 2675 1733 2708 dominantur.

1137 2730 1155 2758 8
1184 2725 1347 2765 Vindelici]
1369 2726 1474 2766 Supra
1490 2724 1555 2756 Od.
1573 2733 1624 2755 iv.
