1930 3242
376 277 459 319 942

377 379 598 433 Integrum
618 380 735 421 edax
756 379 954 419 dominus
974 383 1259 420 consumeret.

841 291 883 327 Q.
915 288 1116 318 ΗοκΑφιι
1150 286 1321 317 FLAcm

1318 379 1416 420 Hos
1434 381 1595 423 utinam
1612 382 1723 424 inter

379 445 550 485 Heroas
570 449 717 486 natum
736 443 865 482 tellus
888 454 954 482 me
977 443 1118 495 prima
1138 444 1334 486 tulisset!

378 511 474 550 Das
495 509 661 561 aliquid
684 508 827 555 famae,
845 519 942 559 quae
959 508 1146 547 carmine
1165 509 1323 560 gratior
1342 521 1489 549 aurem

379 574 578 626 Occupat
596 571 857 612 humanam?
887 572 1069 623 grandes
1089 573 1257 614 rhombi
1277 574 1529 627 patinaeque

1734 575 1791 616 95

377 640 554 681 Grande
569 637 710 677 ferunt
729 649 815 677 una
835 649 933 678 cum
953 637 1108 678 damno
1129 639 1346 680 dedecus:
1377 640 1488 680 adde

377 705 536 744 Iratum
556 707 773 755 patruum,
793 702 972 752 vicinos,
993 708 1035 743 te
1055 704 1132 744 tibi
1153 704 1361 756 iniquum,

377 769 432 808 Et
452 768 608 808 frustra
625 769 774 808 mortis
793 768 1015 820 cupidum,
1035 781 1131 808 cum
1154 769 1292 810 deerit
1311 771 1446 822 egenti

376 833 457 881 As,
475 833 617 885 laquei
636 833 833 886 pretium.
890 834 919 874 J
924 846 1014 883 ure,
1035 835 1192 887 inquit,
1213 835 1422 876 Transius
1439 836 1539 876 istis

373 962 657 1000 corruptum,qu
681 970 775 992 vorax
795 961 935 992 dominus
956 961 1173 1001 incorruptum.
1222 961 1350 992 Utinam
1363 971 1409 992 me
1429 962 1530 1002 prima
1544 965 1626 994 terra
1638 961 1792 1001 genuisset

375 999 458 1030 inter
469 1001 543 1031 istos
558 1002 674 1032 heroas.
717 1003 766 1032 Aa
782 1003 936 1042 quidpiam
950 1002 1061 1032 tribuis
1073 1002 1306 1040 existir'natt'oni,
1321 1012 1387 1041 quae
1400 1003 1566 1041 jucundior
1589 1004 1720 1035 carmine
1742 1003 1790 1032 in-

375 1043 439 1071 trat
455 1042 487 1072 in
500 1052 587 1073 aures
597 1043 750 1074 hominum
760 1047 773 1074 ?
817 1044 930 1082 Magni
943 1043 1059 1073 rhombi
1074 1046 1103 1073 et
1124 1043 1220 1073 catini
1244 1053 1387 1081 magnum
1400 1044 1542 1082 probrum
1555 1045 1646 1076 simul
1659 1054 1725 1075 cum
1738 1045 1790 1074 de—

375 1083 518 1114 trimento
533 1083 678 1124 afferunt.
720 1084 862 1123 Adiunge
885 1083 1038 1120 insensum
1057 1086 1212 1123 patruum,
1235 1084 1361 1123 vicinos,
1380 1087 1470 1115 temet
1490 1085 1548 1115 tibi
1572 1085 1740 1122 inimicum,
1761 1087 1792 1114 et

367 1122 492 1159 frustra
507 1126 584 1156 mori
597 1129 792 1166 quan-entem,
804 1126 922 1165 quando
937 1125 1021 1164 inopi
1035 1134 1095 1155 non
1109 1125 1209 1155 aderit
1219 1134 1252 1155 as
1264 1125 1397 1165 pretium
1409 1126 1510 1157 restis.
1548 1126 1640 1158 Dices
1651 1137 1662 1157 .-
1678 1124 1793 1157 Merito

973 1215 1206 1230 mOOOOOOOO&

377 1279 506 1310 modius
520 1280 658 1320 vitiaret,
672 1280 761 1321 quod
783 1281 922 1312 mallent
947 1280 1078 1321 hospite
1093 1290 1200 1311 meum
1217 1281 1421 1320 vituperare.
1464 1279 1637 1311 Bentleius
1654 1278 1794 1311 retinnit

375 1322 519 1352 vitiatum
542 1323 631 1363 quod
661 1323 694 1352 in
716 1322 824 1353 Editis
849 1324 991 1362 legerat,
1014 1327 1132 1353 contra
1159 1327 1354 1353 consuetum
1379 1321 1441 1352 sibi
1465 1321 1610 1353 morem!
1657 1321 1748 1353 Harl.
1763 1324 1794 1352 3.

376 1363 598 1393 πέψαι-95
621 1365 630 1381 ‘
647 1364 782 1402 Occupet
806 1364 838 1394 in
861 1365 1007 1403 plurimis
1028 1363 1160 1403 quidem
1177 1363 1269 1394 libris
1290 1367 1397 1401 extat,
1411 1364 1510 1403 idque
1527 1362 1700 1399 Lambino,
1714 1363 1795 1392 Tor-

375 1404 495 1441 tentio,
509 1404 576 1434 Cru
602 1405 666 1438 uio,
683 1409 718 1434 et
734 1405 937 1435 Bersmanuo
952 1404 1090 1443 placuit,
1104 1404 1161 1435 sed
1177 1404 1358 1441 immerito;
1375 1405 1447 1434 haec
1462 1404 1547 1434 enim
1564 1403 1664 1434 lectio
1678 1403 1795 1434 Poetae

378 1444 487 1474 verbis
503 1414 640 1475 mirigce
653 1445 868 1483 adversatur3
894 1445 982 1485 quod
998 1450 1032 1475 et
1049 1446 1221 1475 Bentleius
1238 1445 1271 1474 in
1288 1446 1374 1475 notis
1398 1444 1533 1474 tandem
1549 1444 1794 1474 animadvertit.

377 1484 447 1515 Alii
461 1485 536 1516 libri
551 1485 677 1517 habent
695 1486 843 1525 Occupat,
868 1490 903 1516 et
919 1486 1051 1516 omniuo
1068 1490 1159 1517 recte
1176 1496 1184 1524 ;
1209 1487 1345 1524 Occupat
1362 1493 1471 1516 autem
1495 1486 1584 1516 valet
1604 1487 1614 1503 ‘
1627 1493 1795 1524 occupare

377 1526 507 1557 solet.'’
533 1527 667 1566 σηπίης.
712 1528 845 1566 Occupet
861 1527 957 1558 Harl.
974 1530 1006 1559 2.
1031 1526 1119 1558 Han.
1136 1530 1163 1557 l.
1187 1527 1334 1557 Bentleii
1354 1527 1468 1566 Regin.
1486 1526 1578 1557 Leid.
1601 1531 1636 1556 et
1651 1526 1729 1565 quin
1755 1535 1797 1556 ue

376 1567 446 1604 alii,
462 1571 498 1598 et
510 1567 575 1598 duo
591 1569 801 1598 Bersmanni.
847 1569 981 1607 Occupat
998 1567 1092 1597 Harl.
1106 1571 1137 1599 3.
1154 1570 1186 1597 4.
1201 1570 1233 1598 6.
1249 1567 1347 1598 Gott.
1364 1569 1446 1598 Exc.
1462 1567 1541 1598 Sax.
1556 1566 1706 1606 Magdal.
1754 1567 1797 1596 ri-

377 1608 436 1638 nit.
461 1612 495 1637 et
516 1608 594 1638 edd.
617 1610 808 1647 θητίῳ-99
830 1609 888 1638 AEs
902 1609 1001 1647 laquei
1024 1609 1157 1646 pretium
1173 1608 1267 1638 Gott.
1283 1609 1364 1638 Exc.
1381 1609 1458 1638 Sax.
1484 1608 1579 1638 Harl.
1593 1610 1624 1637 4.
1641 1610 1673 1637 6.
1690 1607 1797 1646 major

378 1658 454 1687 pars
470 1648 567 1679 codd.
585 1649 744 1689 Bentleii,
761 1653 797 1679 et
812 1649 952 1679 Mediol.
970 1651 1063 1679 1502.
1107 1648 1153 1679 As
1176 1650 1196 1678 l.
1219 1649 1350 1687 pretium
1365 1648 1508 1679 Blandd.
1527 1649 1628 1688 Cruq.
1647 1648 1798 1678 nonnulli

378 1699 435 1728 ap.
459 1690 572 1720 Bentl.
595 1690 691 1720 Harl.
714 1693 745 1721 2.
765 1693 795 1720 3.
820 1689 935 1720 Lamb.
963 1690 998 1720 in
1021 1689 1074 1720 ed.
1093 1688 1251 1720 secunda.
1274 1690 1317 1720 al.
1338 1690 1448 1720 ‘Mira
1479 1689 1635 1726 varietas,
1661 1689 1796 1728 Τναήαε,

382 1731 524 1768 meius,
541 1731 683 1769 Travius,
701 1731 854 1769 Traulius,
872 1732 1030 1768 Tanusius,
1046 1731 1166 1767 Tosius,
1185 1730 1330 1761 Trallius.
1375 1731 1456 1762 Cum
1471 1736 1581 1761 autem
1600 1730 1728 1760 Bauius
1741 1739 1797 1759 oc-

377 1777 492 1803 currat
505 1772 539 1803 in
554 1773 735 1804 Veteribus
749 1773 956 1811 Scholiastis,
977 1781 1040 1812 ego
1070 1771 1202 1802 Trallius
1224 1772 1376 1812 praetuli;
1398 1772 1487 1813 quod
1513 1772 1643 1802 Nomen
1669 1770 1799 1801 videtur

1022 1863 1161 1894 NOTAE

421 1932 462 1960 94
487 1930 566 1964 Quoe
586 1930 720 1960 carmine
734 1929 871 1968 gratior]
894 1929 970 1968 Vel,
987 1938 1061 1968 quae

379 1980 507 2019 gratior
522 1979 636 2019 quavis
653 1977 900 2008 modulatione:
918 1978 1062 2017 ve1‚quae

380 2027 419 2058 fit
450 2037 509 2066 per
537 2035 669 2058 carmen
697 2026 873 2057 celebrior.
928 2027 1064 2056 Norunt

381 2085 493 2106 omnes
524 2075 750 2106 Alexandrum
785 2075 878 2105 illum
907 2084 1062 2114 magnum

371 2123 501 2155 'Achilli
530 2124 699 2162 invidisse,
722 2123 810 2164 quod
837 2130 954 2154 nactus
976 2128 1064 2155 esset

381 2173 538 2203 eximium
562 2172 696 2203 laudum
720 2182 851 2203 suarum
876 2182 1064 2213 praeconem

382 2221 579 2252 Homerum.

414 2273 465 2302 -96
487 2271 577 2301 Adae
592 2270 712 2301 Iratum
725 2274 879 2309 patruum,
892 2270 960 2311 85c.]
975 2271 1065 2302 Prae-

382 2322 436 2349 ter
455 2319 554 2349 allata
571 2319 644 2359 jam
667 2319 827 2349 luxuriosi
848 2319 954 2350 victus
970 2320 1072 2359 mala,

384 2366 470 2397 adde
482 2366 570 2407 quod
586 2367 696 2398 odium
713 2367 850 2397 incurris
868 2368 1068 2408 propinquo-

384 2424 469 2454 rum,
485 2415 676 2453 amicorum,
696 2415 794 2445 immo
815 2420 851 2445 et
872 2415 1070 2455 vicinorum,

386 2464 442 2504 qui
471 2473 584 2494 omnes
613 2464 756 2494 oderunt
781 2464 957 2495 luxuriam.
995 2464 1065 2496 Cic.

385 2518 504 2544 contra
526 2513 658 2543 Rullum
674 2522 682 2542 ι
705 2514 714 2530 ‘
730 2512 814 2543 Odit
841 2514 981 2553 populus
999 2512 1066 2543 Ro-

385 2570 500 2591 manus
523 2561 689 2600 privatam
703 2560 891 2592 luxuriam!
927 2560 1024 2592 Offic.
1040 2571 1065 2592 1.

384 2609 394 2625 ‘
406 2610 519 2649 Turpe
535 2613 585 2640 est
595 2608 746 2640 diffluere
762 2610 927 2642 luxuria..
937 2633 946 2642 .
956 2611 1066 2641 Luxu-

387 2657 436 2686 ria
461 2667 535 2688 cum
558 2658 647 2689 omni
670 2658 762 2689 aetati
785 2658 904 2698 turpis,
925 2662 993 2689 tum
1015 2667 1066 2689 se-

385 2706 511 2736 nectuti
525 2705 706 2737 foedissima
721 2706 797 2737 est!

429 2753 593 2795 Patruum]
618 2756 719 2795 Cujus
732 2764 767 2786 es
785 2755 900 2786 tutelae
917 2754 1065 2786 commis-

1115 1939 1181 1967 sus,
1197 1933 1230 1960 et
1246 1930 1297 1960 cui
1314 1930 1453 1970 proinde
1468 1930 1605 1970 obsequi
1623 1934 1656 1960 te
1673 1938 1732 1970 par
1744 1933 1798 1960 est

1115 1986 1133 2007 a
1150 1978 1355 2017 prodigendo
1378 1979 1576 2018 patrimonio
1598 1978 1798 2017 deterrenti,

1115 2031 1242 2056 sumtus
1257 2027 1374 2057 nimios
1393 2028 1531 2059 vetanti.

1160 2075 1203 2105 Te
1227 2075 1283 2106 tibi
1307 2076 1458 2116 iniquum]
1480 2077 1615 2118 Quippe
1640 2076 1697 2118 qui
1723 2081 1797 2108 tuas

1116 2133 1196 2163 opes
1222 2122 1364 2155 effundis
1387 2125 1419 2155 in
1448 2126 1542 2165 alios,
1564 2125 1644 2156 nihil
1666 2125 1798 2158 tibimet

1116 2181 1302 2211 reservans,
1322 2183 1380 2203 seu
1402 2183 1468 2214 quo
1491 2174 1656 2213 ingruenti
1678 2172 1797 2212 inopia

1116 2219 1306 2257 subvenias,
1317 2229 1377 2250 sen
1388 2221 1493 2260 quoin
1504 2221 1736 2260 desperatione
1746 2228 1797 2250 re-

1116 2276 1186 2297 rum
1203 2272 1333 2298 tuarum
1352 2274 1493 2298 mortem
1509 2269 1570 2299 tibi
1585 2267 1782 2298 consciscas.

1158 2318 1199 2346 99
1213 2316 1259 2346 Aa
1272 2315 1374 2355 [AEs]‚
1389 2317 1489 2354 laquei
1502 2315 1649 2356 pretium]
1663 2315 1723 2346 Sat
1740 2325 1796 2356 pe-

1117 2365 1223 2396 cuniae
1240 2364 1280 2395 ad
1298 2364 1646 2405 emendumiaqueum.
1677 2365 1797 2396 Placet

1119 2414 1184 2444 alia
1207 2413 1308 2443 lectio
1335 2411 1394 2452 As,
1421 2412 1483 2444 hoc
1513 2422 1629 2444 sensu:
1664 2414 1712 2444 Ut
1736 2423 1797 2445 nec

1121 2471 1225 2493 assem
1244 2469 1341 2491 unum
1357 2460 1478 2491 habeas
1491 2462 1719 2500 superstitem,
1733 2471 1798 2502 quo

1120 2521 1207 2542 emas
1230 2510 1357 2549 restim,
1373 2510 1414 2541 ad
1437 2510 1660 2550 suspendium,
1681 2509 1798 2542 finien-

1120 2562 1242 2602 dasque
1265 2560 1361 2591 simul
1386 2569 1461 2590 cum
1487 2560 1557 2590 vita
1577 2569 1738 2591 aerumnas
1761 2564 1798 2592 et

1119 2609 1281 2640 miseriam
1306 2617 1440 2638 summae
1462 2608 1622 2648 egestatis
1641 2609 1797 2640 asseclas.

1120 2658 1197 2689 Huc
1225 2662 1358 2697 spectat
1381 2656 1558 2696 adagium:
1583 2658 1593 2674 ‘
1609 2656 1662 2688 Ad
1689 2666 1796 2688 assem

1119 2704 1300 2736 redactus.'

1158 2752 1319 2792 Trausius]
1344 2753 1452 2784 Homo
1478 2753 1646 2794 prodigus,
1664 2757 1699 2784 et
1719 2752 1795 2783 hinc
