1904 3256
347 291 430 333 780
812 306 855 342 Q.
887 305 1089 334 HORATss
1126 302 1290 333 Ferci

348 394 623 448 Compilasse
645 395 986 448 putes‚·verbum
1006 406 1091 433 non
1112 394 1298 446 amplius
1319 395 1490 437 addam.

346 490 499 532 adiiciam,
513 502 550 523 ne
564 492 723 531 suspiceris
736 500 782 521 me
795 488 981 530 suffuratum
995 500 1058 521 esse
1071 491 1298 522 commentarios
1312 491 1448 533 Crispini
1461 493 1564 534 Lippi.

939 572 1170 585 00000000000

345 638 423 660 num
441 631 568 666 tangat.
612 625 723 657 Quid?
747 634 786 655 an
802 634 955 664 magnum
973 626 1104 666 putavit
1126 627 1266 658 Flaccus
1282 636 1378 667 posse
1394 637 1412 658 a
1429 638 1462 659 se
1478 628 1570 668 lippo
1585 628 1758 668 compilari

346 670 466 700 scrinia
482 667 650 706 Crispini?
695 667 738 697 Ni
762 667 823 697 hoc
845 672 957 698 tamen
982 672 1069 698 esset
1093 667 1216 698 dictum
1235 668 1278 699 ab
1294 669 1449 705 Horatio.
1464 675 1497 700 et
1513 669 1654 701 stolidus
1669 675 1759 701 esset

345 716 381 741 et
397 711 590 740 inhumanus
616 708 644 738 si
673 711 709 738 tu
725 708 916 739 Bentleium
943 709 1048 740 audis.
1095 708 1227 740 Assidui
1249 714 1420 750 potatores
1449 711 1575 750 vulgari
1605 712 1758 742 convicio

343 752 419 791 lippi
447 750 648 781 audiebant:
682 754 783 789 atque
807 750 920 780 horum
944 751 977 781 in
1003 760 1137 782 numero
1157 755 1231 782 erat
1255 751 1530 793 Philosophaster
1562 752 1758 793 Crispinus-⁹

345 793 548 823 Euam—121
573 791 749 830 Suppilasse
763 791 870 822 codex
886 792 1095 823 Bersmanni.

981 865 1120 898 NOTAE

344 926 427 965 plius
450 923 545 954 vaide
567 924 689 964 loquax
714 924 818 956 fuisse
842 926 975 967 dicitur,
990 931 1026 958 et
1119 927 1226 970 Lippi]
1254 929 1392 960 Velhoc
1407 933 1479 960 erat
1495 937 1691 968 cognomen,
1708 929 1759 960 vel

345 974 493 1004 versibus
515 974 628 1005 multis
651 979 686 1005 et
708 974 885 1006 inconditis
902 977 1025 1008 doctri·
1077 978 1183 1008 oculis
1208 986 1325 1008 revera
1352 977 1570 1017 lippientibus
1591 978 1646 1008 ille
1672 981 1758 1010 erat.

341 1032 416 1054 nam
442 1023 589 1053 Stoicam
613 1024 815 1063 complexus.
859 1025 948 1056 Hinc
978 1026 1024 1056 le·
1077 1025 1233 1056 Absurde
1258 1030 1352 1056 vetus
1373 1026 1545 1066 Interpres
1570 1026 1758 1066 Crispinum

343 1073 422 1112 pide
439 1073 565 1103 Noster
581 1081 641 1112 per
652 1073 746 1114 hujus
758 1074 918 1114 aretalogi
934 1085 1025 1106 men·
1078 1075 1127 1105 ita
1141 1075 1252 1105 vocari
1267 1074 1384 1106 scribit
1410 1075 1420 1092 ‘
1433 1084 1498 1105 non
1520 1075 1690 1105 oculorum
1706 1084 1759 1106 ra-

343 1121 466 1152 tionem
481 1121 597 1152 Stoica
609 1121 765 1162 dogmata
780 1123 952 1155 venditare
969 1123 1026 1154 de·
1078 1123 1180 1162 tione,
1199 1123 1255 1153 sed
1271 1123 1414 1161 mentis;
1439 1122 1526 1163 quod
1542 1122 1644 1154 fuerit
1659 1123 1761 1154 insul-

344 1170 433 1201 sinit.
1078 1179 1132 1201 sus
1145 1170 1268 1210 poeta!
1307 1171 1408 1202 Tales
1431 1170 1611 1210 argutiolas
1626 1179 1690 1201 non
1704 1180 1760 1201 ve-

384 1217 524 1257 Scrim’a]
557 1219 692 1260 Scripta
708 1220 740 1251 in
757 1220 891 1260 arculis,
904 1221 1026 1262 capsis,
1077 1224 1177 1251 natur
1199 1221 1347 1252 sublimis
1367 1221 1502 1262 spiritus
1522 1224 1628 1256 vates,
1653 1219 1763 1261 qualis

343 1267 471 1298 scriniis
487 1267 623 1299 inclusa.
1079 1268 1252 1301 Horatius.

890 1393 1120 1436 SATIRA
1151 1395 1213 1436 II.

894 1482 943 1512 IN
980 1482 1200 1512 MOECHOS.

342 1547 504 1580 Homines
531 1548 625 1580 stulti
654 1552 690 1579 et
712 1548 913 1588 impotentes
935 1548 1220 1587 perstringuntur,
1243 1548 1299 1588 qui
1320 1547 1431 1578 media
1453 1548 1505 1578 via
1528 1547 1683 1579 incedere
1705 1557 1761 1579 ne-

383 1600 505 1638 sciunt,
527 1600 598 1639 sed,
621 1600 698 1631 dum
723 1600 837 1630 vitium
861 1600 1004 1638 alterum
1027 1599 1147 1638 vitant,
1167 1599 1202 1629 in
1225 1599 1365 1630 alterum
1381 1599 1582 1630 contrarium
1597 1599 1762 1630 incidunt·

383 1651 439 1681 Sic
453 1652 626 1691 Tigellius,
640 1660 723 1691 erga
735 1651 972 1682 homunciones
994 1651 1118 1682 alienos
1141 1655 1176 1682 et
1197 1651 1346 1691 perditos
1368 1651 1626 1690 liberalissimus,
1646 1655 1762 1682 contra

384 1711 461 1733 suos
476 1708 588 1733 autem
605 1703 721 1743 inopes
742 1702 972 1733 tenacissimus
993 1707 1078 1733 erat.
1122 1701 1269 1734 Fufidius
1293 1703 1400 1742 dives,
1425 1707 1461 1734 ut
1475 1703 1647 1735 infamiam
1662 1703 1763 1734 nebu-

385 1755 469 1786 lonis
482 1754 602 1796 fugiat,
617 1753 722 1785 foenus
736 1754 886 1786 insanum
897 1754 1002 1794 exigit
1015 1754 1056 1785 ab
1068 1754 1349 1795 adolescentibus,
1364 1755 1440 1786 etin
1454 1765 1491 1787 se
1507 1748 1612 1796 ipsum
1624 1755 1761 1801 durissi-

384 1815 457 1836 mus
479 1806 608 1837 existit.
653 1806 836 1838 Malthinns
852 1806 998 1837 molliter
1012 1806 1195 1838 discinctus
1216 1807 1353 1846 incedit,
1377 1807 1459 1838 alius
1484 1812 1643 1848 tanquam
1659 1815 1760 1848 expe-

383 1857 474 1887 ditus
497 1861 532 1888 et
555 1858 738 1888 laboriosus
761 1858 874 1897 prodit
896 1858 1019 1889 tunicis
1042 1858 1083 1889 ad
1107 1859 1229 1898 inguen
1252 1868 1357 1899 nsque
1381 1859 1565 1890 subductis.
1608 1851 1676 1890 Hic
1691 1859 1762 1889 olet

382 1908 515 1947 odores,
529 1908 585 1939 ille
598 1908 735 1940 hircum.
766 1908 860 1939 Alius
876 1913 1018 1940 venatur
1033 1913 1211 1949 matronas,
1228 1910 1311 1940 alius
1326 1920 1391 1941 non
1407 1911 1468 1942 nisi
1482 1911 1676 1942 meretrices
1691 1920 1761 1942 sec-

375 1962 486 1990 tatur.
532 1960 750 2000 Cupiennius,
765 1959 820 2000 qui
841 1969 873 1990 v.
896 1969 927 1990 c.
943 1969 1006 1990 non
1022 1960 1085 1991 nisi
1103 1965 1268 1991 matronas
1282 1962 1433 2001 miratur,
1448 1971 1516 1993 rem
1535 1961 1674 2003 periculi
1689 1963 1761 2003 ple-

386 2021 459 2043 nam
484 2012 701 2052 aggreditur:
724 2012 915 2052 Sallustius,
942 2012 996 2053 qui
1020 2012 1152 2044 modum
1176 2013 1310 2044 excedit
1332 2013 1365 2044 in
1388 2023 1501 2045 amore
1522 2013 1761 2051 libertinarum,

385 2073 455 2094 rem
484 2062 678 2094 familiarem
702 2063 814 2104 perdit
842 2068 878 2094 et
896 2063 1017 2095 famam
1041 2063 1171 2095 bonam.
1217 2065 1291 2095 Etsi
1319 2074 1398 2096 vero
1421 2070 1562 2107 uterque
1591 2075 1685 2098 amor
1708 2070 1762 2098 est

384 2115 524 2154 noxins;
547 2115 581 2146 id
604 2119 716 2147 tamen
741 2115 941 2147 discriminis
962 2116 1115 2156 interest,
1137 2121 1174 2148 ut
1197 2126 1238 2147 ex
1261 2118 1421 2148 matronis
1439 2118 1513 2158 plus
1538 2117 1662 2149 laboris
1682 2117 1762 2149 mali

383 2167 566 2206 hauriatur,
582 2176 679 2208 quam
701 2176 743 2198 ex
758 2176 794 2198 re
809 2167 1012 2208 decerpatur
1031 2167 1182 2207 fructus;
1207 2178 1259 2199 res
1276 2173 1395 2200 contra
1411 2170 1536 2201 rectius
1550 2169 1711 2210 procedat
1725 2169 1759 2200 in

387 2219 519 2259 togatis.

342 2280 420 2322 ΑΜ
430 2294 486 2324 BU
496 2294 575 2323 BAI
583 2295 609 2323 A
618 2294 681 2323 an
689 2294 722 2323 M
745 2283 944 2335 collegia,
963 2282 1336 2336 pharmacopolae,

388 2377 595 2409 Tibia-inarum
609 2380 715 2419 coetus,
733 2377 985 2419 pharmacopolae,
998 2377 1112 2418 mimoe,
1126 2377 1318 2415 hammites,-
1338 2387 1439 2409 omnes
1452 2378 1506 2409 isti
1527 2377 1662 2409 homines
1686 2381 1759 2408 sune

937 2460 1167 2473 eeeeeeeeeeee

386 2514 455 2544 Sat.
473 2522 558 2544 nona
573 2516 611 2544 et
623 2512 739 2544 ultima
756 2513 847 2544 Libri
861 2513 958 2553 primi
974 2513 1007 2544 in
1019 2513 1073 2545 ed.
1087 2512 1208 2544 Sanad.
1227 2513 1336 2544 Thema
1349 2511 1438 2551 hujus
1452 2511 1574 2553 Satyrae
1587 2516 1652 2544 est:
1674 2513 1759 2544 Dum

343 2555 444 2586 vitant
457 2555 547 2585 stulti
571 2554 660 2592 vitia,
675 2555 708 2585 in
730 2555 885 2586 contraria
905 2559 1053 2587 currunt.-
1075 2555 1121 2586 ita
1146 2559 1242 2585 vetus
1260 2555 1511 2585 Commentator
1532 2563 1584 2592 ap.
1604 2554 1759 2585 Torrent-

343 2596 419 2627 vid.
436 2606 482 2628 va.
496 2599 612 2628 24.-1
636 2596 872 2628 Ambubaiarum
886 2597 918 2628 in
931 2596 1128 2638 quibusdam
1149 2598 1295 2627 vem—'2
1314 2596 1411 2634 ,Unus
1427 2595 1515 2626 Han·
1530 2594 1760 2627 bar-utronea.—

985 2668 1121 2701 NOTAE

387 2733 402 2761 1
427 2729 679 2769 Ambubaiarum]
703 2731 769 2763 Jul.
788 2731 910 2772 Scalig.
927 2731 1025 2763 Poe't.
1076 2731 1197 2772 inquit,
1219 2730 1282 2761 ‘de
1310 2730 1443 2760 moechis
1473 2729 1628 2770 exempla
1653 2738 1757 2770 nsque

347 2781 441 2810 νι.7.
467 2778 509 2809 de
535 2779 596 2809 hac
625 2779 755 2811 Satira:
779 2781 788 2798 ‘
803 2780 843 2811 In
859 2779 1027 2816 semmua:
1080 2779 1120 2810 ad
1146 2778 1342 2811 fastidium.'
1385 2779 1491 2810 Sane:
1515 2783 1549 2809 et
1571 2778 1623 2809 bic
1638 2787 1756 2818 scopus
