1904 3256
657 297 842 328 EponnN
881 295 1046 327 LIBER·

1492 283 1580 326 725

241 396 464 448 Pluraque
485 392 642 433 felices
664 391 948 443 mirabimur3
977 395 1030 431 ut
1048 402 1190 444 neque
1209 389 1342 443 largis
1376 417 1381 425 ι

296 462 508 516 Aquosus
528 459 672 502 Eurus
695 472 802 501 arva
819 458 950 500 radat
969 458 1199 508 imbribus,

240 529 431 582 Pinguia
449 540 530 569 nec
552 526 686 568 siccis
703 530 883 568 urantur
902 525 1073 567 semina
1093 525 1246 578 glebis,

1529 525 1586 565 55

296 596 542 649 Utrumque
562 607 661 648 rege
682 597 955 648 temperante
977 593 1188 635 coelitum.

242 663 346 705 Non
364 663 450 704 huc
469 662 621 716 Argoo
638 661 864 703 contendit
878 660 1046 714 remige
1066 660 1215 714 pinus,

300 729 461 785 Neque
481 728 710 784 impudica
730 727 910 770 Colchis
929 727 1077 769 intulit
1096 727 1285 781 pedem3

242 796 346 839 Non
361 797 448 839 huc
469 796 646 838 Sidonii
665 800 887 846 torserunt
907 807 1071 837 cornua
1091 798 1254 843 nautae,

300 864 546 906 Laboriosa
561 877 643 905 nec
662 863 817 904 cohors
833 862 1017 916 Ulyssei
1035 876 1044 903 :

1529 860 1587 902 60

129 991 197 1014 cum
211 983 420 1016 admiratione
433 984 616 1023 videbimus,
629 987 665 1015 ut
678 984 758 1024 quod
778 982 882 1013 Eurus
896 981 1054 1014 nimbosus
1068 991 1164 1023 agros
1178 992 1240 1014 non
1255 983 1383 1022 infestet
1394 981 1500 1014 nimiis
1520 981 1588 1021 plu-

129 1025 202 1063 viis,
216 1035 311 1066 neque
324 1028 442 1058 semina
454 1028 556 1068 opima
569 1030 714 1061 urantur,
729 1025 776 1056 tel
791 1028 932 1056 arescant
944 1025 1066 1064 glebae;
1087 1027 1198 1066 quippe
1211 1026 1347 1057 coelitum
1360 1035 1419 1056 rex
1430 1023 1591 1064 utrobique

132 1069 310 1108 temperiem
331 1070 396 1101 dat.
441 1069 521 1100 Illac
541 1079 602 1100 non
624 1069 751 1099 accessit
774 1067 863 1098 navis
884 1067 1055 1107 remigibus
1078 1068 1196 1108 Argois
1203 1079 1215 1106 ,·
1238 1078 1292 1100 nec
1313 1068 1450 1099 obscoena
1467 1066 1592 1098 Colchis

112 1118 274 1148 Jgtoessum
294 1111 414 1153 infixit.
460 1112 508 1142 Eo
522 1121 584 1142 non
598 1111 784 1152 appulerunt
802 1109 939 1145 Sidonii,
961 1111 1010 1142 vel
1031 1112 1196 1142 oerumnosi
1218 1110 1344 1142 comites
1363 1109 1494 1151 Ulyssis.
1539 1107 1590 1140 Ibi

732 1194 873 1206 eeeeeee

873 1194 975 1207 ooooo

133 1253 305 1286 videntur.
352 1254 445 1286 Hinc
459 1255 577 1286 transit
597 1253 638 1285 ad
655 1253 824 1294 contagia,
841 1260 877 1285 et
903 1253 1036 1286 morbos
1061 1254 1103 1286 ab
1128 1255 1286 1286 aestuosis
1310 1255 1424 1294 astris,
1439 1258 1479 1286 ut
1491 1252 1591 1290 Sirio,

134 1299 200 1328 διο.
216 1302 322 1328 ortos.
361 1297 446 1328 Post
461 1307 537 1339 quae
553 1297 596 1328 de
613 1296 776 1328 imbribus
793 1301 830 1328 et
844 1297 1001 1328 siccitate
1017 1299 1110 1338 agit:
1127 1302 1163 1329 et
1178 1297 1228 1329 ita
1242 1298 1354 1329 omnia
1369 1303 1465 1329 recte
1481 1296 1592 1328 cohae·

135 1348 212 1370 rere
228 1339 410 1371 videntur:
434 1345 469 1370 et
492 1340 613 1371 melius
641 1339 844 1380 interposito
869 1339 1018 1371 disticho
1041 1349 1105 1370 vox
1127 1349 1210 1379 grex
1233 1341 1418 1381 repetitur,
1440 1349 1517 1380 quae
1540 1348 1593 1370 se-

157 1381 250 1414 uenti
276 1382 377 1413 aliter
403 1382 549 1413 disticho
574 1381 762 1412 insuaviter
786 1381 1038 1412 iteratur.’-⁵3
1061 1383 1071 1399 ‘
1086 1381 1306 1423 Tanaquillus
1324 1382 1431 1413 Faber
1448 1381 1593 1413 Horatio

157 1423 270 1455 octior
282 1423 412 1454 mavult
432 1426 621 1463 presentes.-
645 1431 706 1462 ego
723 1431 794 1453 sum
811 1432 830 1453 a
853 1423 1009 1462 partibus
1027 1422 1189 1454 Horatii.'
1211 1423 1404 1454 Bacch—60
1426 1425 1436 1441 ‘
1455 1424 1536 1455 Duo
1552 1423 1593 1454 li·

134 1464 186 1496 bri
202 1465 320 1506 optimi
336 1465 457 1504 choors,
471 1470 509 1496 ut
525 1465 557 1495 in
576 1464 715 1505 antiquo
731 1464 873 1495 Antonii
891 1473 950 1495 ιιι.
967 1464 1031 1495 viri
1047 1473 1204 1496 nummo:
1227 1473 1396 1497 cnowris.
1418 1473 1593 1496 specus-

133 1506 287 1539 ·roavmss
313 1507 456 1539 Torreat.
503 1507 665 1538 Nonnulli
683 1506 783 1538 codd.
806 1506 940 1544 Ulixei;
963 1510 1000 1538 et
1021 1506 1071 1538 sic
1095 1506 1234 1538 edidere
1251 1507 1366 1539 Bentl.
1381 1508 1520 1540 Mitsclr.
1535 1507 1593 1538 Bi-

136 1555 232 1591 pont.
247 1554 284 1582 et
298 1549 407 1581 Kidd.
449 1548 530 1581 vid.
549 1549 662 1590 Heyn.
678 1548 720 1580 ad
739 1548 834 1587 virg.
851 1549 926 1580 Ecl.
943 1558 1027 1580 vur.
1042 1551 1096 1581 70.
1116 1550 1126 1567 ‘
1144 1550 1274 1581 Versus
1290 1553 1344 1582 61.
1359 1553 1414 1582 62.
1431 1550 1526 1582 uncis
1543 1550 1594 1581 in·

132 1593 230 1632 elusi,
247 1591 436 1634 reponendi
453 1591 612 1623 videntur
629 1596 705 1633 post
722 1601 770 1623 vs.
785 1594 840 1623 52.
857 1591 907 1623 nti
923 1591 1019 1623 dixi.'
1038 1593 1135 1624 Gesn.
1179 1592 1253 1624 Hos
1271 1593 1365 1624 uncis
1381 1594 1593 1625 incluserunt

787 1676 929 1708 NOTAE

133 1746 226 1774 terra
246 1751 314 1774 uon
336 1746 446 1774 tumet
473 1741 694 1773 foraminibus
720 1746 755 1773 et
778 1750 834 1773 cs-

131 1793 243 1824 vernis
259 1793 464 1833 viperarum·
492 1792 658 1834 Proprie:
675 1801 752 1823 narn
766 1797 834 1823 ter-

133 1851 172 1874 ra
193 1843 345 1874 condunt
370 1852 406 1875 se
434 1843 584 1885 viperae3
613 1843 690 1874 aliae
718 1846 833 1874 autem

132 1898 312 1936 serpentes
336 1904 496 1926 saxorum
520 1899 580 1926 aut
605 1894 762 1926 arborum
776 1903 835 1926 ca-

133 1943 196 1976 vis.
238 1944 362 1985 virgil.
377 1945 505 1986 Georg.
527 1953 567 1978 ιι.
585 1947 658 1976 151.
696 1943 834 1976 Italiam

135 1993 184 2025 sic
209 1994 349 2026 laudat:
385 1997 394 2013 ⁸
412 1994 460 2026 At
487 1993 614 2026 rabidae
640 1993 746 2034 tigres
776 1993 834 2024 ab·

135 2049 212 2076 suut
227 2067 236 2076 .
254 2067 263 2077 .
280 2065 289 2076 .
305 2067 314 2078 .
332 2046 408 2077 Nec
423 2046 513 2086 rapit
538 2045 719 2076 immensos
734 2043 834 2075 orbes

137 2101 201 2133 per
214 2093 361 2134 humum,
374 2104 486 2136 neque
501 2099 599 2126 tanto
614 2095 837 2135 squammeus

136 2141 173 2173 iu
188 2142 312 2183 spiram
336 2147 448 2175 tractu
476 2153 512 2175 se
537 2143 670 2184 colligit
693 2142 836 2183 anguis!

138 2191 191 2223 De
205 2192 216 2209 ‘
233 2192 377 2233 viperis'
392 2194 546 2235 quaedam
558 2193 718 2225 annotavi
731 2203 755 2225 ι.
765 2193 835 2226 Od.

138 2243 170 2272 8.
195 2241 248 2273 De
261 2242 272 2259 ‘
286 2241 394 2274 Euro·
408 2252 434 2274 1.
451 2242 518 2275 Od.
533 2246 586 2275 28.

179 2294 220 2323 54
248 2291 372 2335 Radat]
393 2293 574 2335 Devsstet,
589 2291 785 2325 abradendo
800 2299 837 2326 et

137 2341 323 2375 auferendo
337 2349 481 2385 segetes.

179 2395 224 2424 ⁶6
249 2393 423 2436 Utrumque
444 2404 520 2435 rege
542 2398 733 2437 temperante
755 2395 835 2427 coeli-

138 2442 219 2487 ίῳ]
246 2442 334 2476 Jove
358 2445 472 2477 omnia
496 2450 725 2487 temperante,
754 2446 835 2486 hye-

138 2501 224 2524 mem
234 2493 395 2534 juxta-ac
418 2499 586 2536 aestatem,
604 2495 712 2537 frigus
728 2500 764 2529 et
780 2505 835 2528 ca·

138 2540 256 2574 larem.

183 2593 224 2622 ⁵¹1
257 2591 332 2624 Non
356 2593 415 2625 huc
441 2594 562 2635 Argoo,
588 2594 658 2636 Bra]
691 2595 835 2627 Terram

140 2638 228 2671 nme
244 2649 312 2674 uon
334 2642 492 2677 adierant
506 2644 716 2687 Argonautae
733 2645 835 2677 velle-

143 2687 190 2719 ris
204 2689 297 2720 aurei
309 2692 534 2731 predatores:
558 2705 622 2727 nec
638 2694 764 2726 Medea
778 2695 838 2728 Ja-

142 2736 234 2769 sonis
259 2739 440 2781 amoribus,
460 2745 633 2787 patrisque
659 2750 695 2777 et
718 2745 837 2786 patriae

144 2785 353 2827 proditione,
368 2793 485 2831 totque
501 2793 672 2827 veneficiis
694 2794 836 2827 famosa.

145 2838 202 2869 De
225 2837 389 2870 colchide
413 2847 455 2872 ιι.
477 2841 546 2874 Od.
568 2847 620 2878 13.
657 2846 714 2878 De
731 2847 838 2888 Argo—

888 1741 1014 1777 nautis,
1041 1740 1153 1782 deque
1179 1739 1306 1772 Medea
1332 1740 1421 1782 regis
1450 1740 1592 1772 Colcho-

889 1801 962 1823 rum
978 1790 1063 1831 filia,
1076 1790 1186 1832 Epod.
1201 1799 1260 1822 111.
1282 1790 1446 1831 Virgilius
1462 1790 1592 1832 Georg.

889 1850 930 1873 ιι.
955 1843 1026 1873 140.
1053 1840 1103 1872 ita
1127 1839 1244 1872 cauit:
1281 1840 1291 1856 ‘
1307 1839 1397 1871 Haec
1421 1840 1500 1872 loca
1525 1850 1592 1872 nou

888 1891 979 1922 tauri
995 1890 1164 1932 spirantes
1178 1890 1316 1922 naribus
1341 1890 1454 1931 ignem
1475 1889 1594 1922 Inver-

889 1945 978 1981 tere,
1002 1941 1084 1972 satis
1111 1940 1267 1972 immanis
1297 1940 1458 1972 dentibus
1481 1939 1593 1982 hydri.

889 1991 967 2024 Nec
996 1992 1103 2034 galeis
1137 1992 1318 2034 densisque
1355 1992 1463 2023 virum
1493 2001 1591 2033 seges

888 2042 1019 2074 horruit
1034 2041 1164 2074 hastis!

931 2096 975 2125 59
999 2094 1074 2125 Non
1094 2093 1154 2124 huc
1181 2092 1318 2132 Sidonii,
1345 2091 1413 2133 ἐξα]
1446 2093 1496 2124 Eo
1525 2101 1592 2123 non

890 2143 1056 2184 appulere
1084 2143 1228 2183 Sidonii,
1252 2142 1437 2174 Phoeniciae
1464 2142 1593 2174 mariti·
1658 2163 1666 2168 -

889 2203 978 2224 mam
995 2202 1089 2225 oram
1113 2192 1299 2234 urbemque
1315 2193 1518 2233 incolentes,
1535 2202 1592 2227 na.

891 2243 1062 2284 rigatione
1088 2246 1124 2274 et
1149 2246 1343 2274 mercatura
1358 2242 1593 2274 celeberrimi:

890 2302 931 2324 ac
952 2292 1097 2334 proinde
1119 2302 1186 2324 non
1203 2292 1391 2324 intulerunt
1408 2293 1488 2324 illuc
1503 2291 1594 2324 frau-

890 2344 952 2375 des
968 2348 1005 2375 et
1021 2344 1212 2385 avaritiam,
1237 2342 1419 2375 familiaria
1443 2343 1595 2384 negotia·

892 2393 1020 2427 toribus
1038 2393 1130 2426 vitia.

934 2445 1104 2476 Tor-serunt
1111 2443 1244 2485 cornua]
1256 2443 1381 2483 Virgil.
1392 2441 1524 2474 AEneid.
1536 2451 1593 2474 ιιι.

890 2498 966 2527 549.
1002 2499 1011 2513 ’
1029 2495 1167 2526 Cornua
1180 2494 1370 2525 velatarum
1384 2491 1594 2522 obvertimus

891 2544 1140 2578 antennarum!

933 2597 975 2626 60
1000 2594 1070 2625 Nec
1083 2593 1191 2623 cohors
1210 2590 1347 2631 Ulyssei]
1373 2589 1494 2631 Neque
1510 2590 1594 2622 illud

892 2643 1123 2684 corruptelam
1137 2642 1342 2673 invexerunt
1356 2640 1509 2672 homines
1520 2639 1596 2672 libi-

892 2695 1016 2735 dinosi,
1030 2695 1164 2736 suisque
1179 2692 1426 2734 cupiditatibus
1444 2693 1594 2734 obnoxii,

893 2745 1010 2788 quales
1026 2748 1124 2776 erant
1139 2743 1271 2784 Ulyssis
1288 2744 1442 2784 comites,
1463 2743 1506 2774 de
1522 2744 1596 2785 qui-

893 2797 955 2829 bus
971 2804 997 2828 ι.
1014 2795 1125 2836 Epist.
1139 2796 1170 2826 2.
1185 2796 1239 2825 24.

936 2843 1122 2885 Labor-tosa]
1145 2843 1202 2876 Ob
1218 2843 1334 2885 longos
1348 2852 1411 2886 per
1423 2844 1529 2876 maria
1541 2854 1594 2877 er-
