1890 3256
383 300 493 341 1102

850 312 893 349 Q.
924 309 1127 341 nonnil
1162 308 1335 339 rnAcci

381 403 410 443 J
415 405 679 456 ungaturque
700 403 807 456 pari.
864 402 1045 441 Butram
1067 401 1163 449 tibi,
1184 401 1520 453 Septiciumque,

383 468 441 508 Et
458 460 538 507 nisi
559 481 687 508 coena
706 466 819 519 prior
838 465 1069 517 potiorque
1096 465 1242 517 puella
1262 466 1467 506 Sabinum

383 533 577 582 Detinet,
597 544 815 573 assumam
834 544 844 571 ε
873 531 992 571 locus
1010 534 1075 570 est
1095 534 1136 570 et
1156 530 1351 582 pluribus
1372 529 1562 569 umbris:

384 598 472 639 Sed
492 598 619 638 nimis
640 600 758 637 arcta
777 601 976 648 premunt
995 595 1127 636 olidae
1148 595 1352 635 convivia
1371 606 1535 646 caprae.

383 663 453 704 Tu
473 667 628 714 quotus
649 674 744 701 esse
764 661 890 709 velis,
912 661 1096 701 rescribe
1115 673 1127 711 ;
1157 664 1203 700 et
1221 660 1349 699 rebus
1368 659 1558 707 omissis,

1748 658 1804 698 30

383 728 514 768 Atria
535 730 775 768 servantem
797 726 971 779 postico
992 725 1096 767 falle
1118 726 1332 766 clientem.

383 859 449 887 tum
460 860 491 888 et
505 857 701 896 Septimium,
715 856 862 888 Sabinum
873 867 998 897 quoque,
1009 858 1165 888 dummodo
1179 867 1238 888 non
1249 857 1461 888 detinentem
1474 865 1556 887 coena
1568 856 1653 895 prior
1666 856 1698 885 et
1709 852 1807 883 amica

381 898 492 938 potior.
536 900 595 929 Eat
609 899 702 928 etium
715 899 796 930 locus
810 899 914 929 multis
926 899 1096 929 comitibus.
1140 898 1184 929 At
1199 899 1232 928 t'n
1247 898 1384 928 convivio
1407 898 1500 927 nimis
1519 898 1686 935 constipato
1707 894 1806 933 capri-

383 948 442 969 nus
454 939 552 976 soetor
577 942 718 971 molestus
732 944 788 971 est.
835 941 883 970 Tu
896 941 1028 970 rescribe
1042 943 1149 979 quotus
1163 949 1227 970 esse
1242 940 1355 978 cupias.
1400 939 1481 969 Mox
1493 942 1595 970 autem
1609 936 1742 976 negotiis
1755 935 1808 965 ub-

373 979 392 1017 J
397 981 472 1011 cetis
483 980 632 1021 perfores
642 982 822 1021 posteriores
828 981 908 1020 suge
921 981 1062 1012 clientem
1075 981 1108 1011 in
1123 981 1205 1010 atrio
1218 983 1359 1011 stantem.

983 1072 1099 1084 eeeeee

1103 1070 1218 1084 eeeeee

386 1147 472 1176 -26
495 1145 720 1185 Septiciumque
735 1145 868 1184 plurimi
884 1144 982 1176 codd.
1008 1154 1062 1182 ap.
1089 1144 1202 1179 Feam,
1228 1143 1271 1174 al.
1287 1151 1342 1182 ap·
1356 1141 1467 1173 Pulm.
1483 1142 1586 1181 Cruq.
1599 1140 1713 1171 Bentl.
1729 1140 1810 1171 item

387 1187 638 1218 Commentator
651 1188 753 1226 Cruq.
766 1186 842 1217 edd.
859 1186 973 1217 Zarot.
993 1185 1092 1216 Aldd.
1109 1187 1139 1215 1.
1153 1188 1184 1216 2.
1201 1187 1231 1215 3.
1254 1183 1373 1215 Basill.
1389 1185 1482 1214 1527.
1498 1185 1590 1213 1531.
1612 1181 1704 1213 Frib.
1717 1184 1811 1212 1536.

386 1229 492 1261 Dion.
508 1228 549 1259 ab
574 1228 697 1259 Han-sio
714 1228 823 1267 Lugd.
839 1230 932 1259 1538.
959 1227 1100 1258 Venett.
1114 1229 1208 1257 1546.
1227 1229 1317 1256 1575.
1341 1224 1384 1256 R.
1409 1224 1526 1264 steph.
1551 1224 1679 1254 Mnret.
1699 1223 1812 1253 Bentl.

387 1268 492 1302 Baxt.
507 1270 650 1309 Cuning.
675 1269 798 1300 Sanad.
823 1269 973 1308 Francis,
999 1268 1086 1299 Phil.
1111 1268 1214 1299 Geso.
1239 1267 1344 1298 Zeun.
1361 1265 1643 1305 Bipont.Valart.
1659 1264 1812 1296 Oberlin.

387 1311 506 1343 Comb.
523 1309 651 1342 Wakef.
663 1311 772 1341 Wetz.
787 1309 892 1341 Kidd.
906 1310 985 1344 Fea,
1001 1309 1124 1348 Bothe,
1138 1308 1259 1343 Jaeck,
1275 1314 1309 1338 et
1324 1307 1480 1347 Doering.
1524 1306 1664 1346 Septicii
1688 1306 1812 1345 passim

387 1358 566 1384 occurrunt
583 1351 671 1392 apud
693 1353 897 1391 Scriptura,
910 1357 945 1382 et
961 1351 996 1381 in
1014 1350 1191 1391 Inscriptt.
1225 1349 1464 1389 Septimiumque
1489 1348 1602 1379 multae
1624 1346 1702 1378 edd.
1728 1350 1812 1377 vett.

392 1394 621 1434 Septiniumque
636 1394 671 1424 in
687 1394 907 1424 ceteris.—-27
932 1392 977 1423 At
991 1392 1054 1423 nisi
1067 1393 1146 1423 Vat.
1163 1392 1257 1422 Rom.
1273 1394 1305 1422 8.
1320 1399 1338 1421 a
1352 1399 1394 1421 m.
1412 1399 1462 1429 pr.
1508 1390 1564 1427 Et,
1578 1389 1612 1419 ιη’
1627 1388 1812 1427 Cuning.-——

389 1437 431 1465 28
456 1435 631 1465 Variantes
647 1443 700 1474 ap.
717 1435 816 1465 Feam
830 1435 870 1464 ad
893 1443 1048 1469 summam,
1072 1437 1108 1463 et
1129 1434 1169 1463 ad
1191 1441 1349 1462 summum.
1381 1431 1478 1462 Harl.
1494 1433 1524 1462 1.
1539 1433 1571 1460 2.
1587 1432 1617 1461 3.
1631 1431 1662 1460 4.
1675 1432 1708 1459 6.
1723 1431 1754 1459 7.
1774 1429 1814 1458 ud

387 1485 546 1507 eummam.
577 1475 804 1507 Schoenborn.
830 1477 862 1506 2.
885 1477 930 1505 est
951 1474 1120 1514 pluralibus
1143 1473 1352 1504 umbria—29
1373 1471 1435 1504 Sed
1459 1472 1559 1503 nunus
1581 1470 1759 1501 Barberin.
1782 1472 1813 1500 2.

390 1516 469 1548 vid.
485 1525 511 1548 1.
525 1517 597 1548 Sat.
613 1520 643 1547 5·
659 1519 690 1548 6.

1035 1587 1176 1619 NOTAE

391 1670 483 1692 mere
500 1660 624 1692 invidia
639 1659 815 1692 confletur.
860 1658 960 1699 Apud
974 1658 1078 1690 Lace-

391 1710 586 1747 daemonius,
609 1709 775 1751 inquiunt,
795 1709 930 1750 publica
954 1709 1080 1738 intran-

390 1757 482 1789 tibns
508 1758 672 1797 convivia,
693 1759 812 1798 aliquis
837 1757 948 1788 senior
968 1761 1081 1788 osten·

393 1807 476 1838 dens
493 1806 584 1838 fores
601 1807 650 1838 ita
665 1807 821 1838 monebat
835 1818 843 1837 :
860 1811 869 1825 ‘
880 1807 949 1838 Per
964 1806 1024 1836 has
1039 1813 1081 1835 ne

392 1855 530 1886 verbum
549 1855 648 1886 ullum
665 1854 881 1895 egrediatur:

439 1903 482 1934 Ut
494 1904 578 1933 co'e'at
589 1903 662 1942 pur]
686 1903 777 1933 Hinc
792 1903 881 1933 enim
897 1900 1082 1942 jucundior

393 1950 434 1982 fit
448 1951 695 1981 sermocinatio.

435 2002 478 2030 26
493 1999 627 2030 Butram
643 1997 812 2038 [Brutum]
828 1997 897 2037 tibi,
910 1997 979 2036 δῖα]
1004 1996 1080 2027 Non

394 2057 480 2078 nnus
508 2051 562 2078 est
577 2048 635 2087 qui
660 2048 750 2086 legat
769 2047 922 2077 Brutum:
947 2050 982 2075 at
1004 2044 1081 2074 hinc

394 2095 486 2127 bruti
510 2104 629 2126 nomen
657 2100 837 2134 mereatur,
856 2103 930 2124 meo
947 2093 1081 2134 quidem

389 2144 535 2185 judicio.

437 2196 479 2223 28
517 2192 654 2232 Umbris]
691 2193 746 2223 De
774 2192 824 2222 his
857 2191 1081 2224 conviviorum

396 2240 634 2279 sectatoribus,
651 2249 692 2271 11.
708 2242 778 2272 Sat.
791 2244 820 2272 8.

438 2291 481 2320 29
504 2288 566 2319 Sed
581 2288 674 2319 nimis
690 2293 777 2319 arcta
796 2290 908 2329 prem]
931 2289 999 2320 Ubi
1015 2290 1086 2330 plu-

397 2347 451 2369 res
473 2341 552 2368 sunt
577 2337 739 2376 conviva»,
770 2338 944 2368 axium-um
971 2337 1084 2378 gravis

398 2386 481 2418 odor
496 2390 591 2417 creat
606 2395 772 2417 nauseam.
795 2386 882 2418 Vide
896 2387 1000 2426 Epod.
1018 2396 1083 2418 xu.

441 2439 483 2467 30
505 2436 550 2466 Tu
560 2438 669 2475 quotus
683 2445 744 2467 esse
758 2437 832 2467 telis
846 2437 992 2476 rescribe]
1018 2437 1083 2466 Dic

400 2490 482 2526 quot
505 2484 589 2515 velis
615 2484 675 2515 tibi
702 2485 831 2516 sodales
857 2490 891 2516 et
913 2486 1084 2516 convivas.

398 2537 506 2566 Varro
522 2533 659 2565 dicebat
677 2535 890 2566 convivarum
912 2543 1084 2566 numerum

1131 1658 1281 1698 incipere
1295 1661 1450 1698 oportere
1465 1665 1483 1686 a
1493 1655 1687 1687 Gratiarum
1703 1662 1817 1685 nume-

1134 1715 1182 1742 ro,
1197 1711 1230 1737 et
1250 1705 1408 1746 progredi
1423 1704 1465 1735 ad
1485 1704 1680 1741 Musa-unu
1702 1702 1737 1733 id
1753 1707 1817 1740 est,

1135 1755 1300 1796 proficisci
1327 1765 1347 1786 a
1371 1754 1491 1793 tribus,
1513 1756 1550 1784 et
1575 1752 1758 1784 consistere
1783 1751 1816 1781 in

1135 1813 1267 1839 novem,
1292 1806 1356 1834 ὅτε.
1394 1812 1467 1844 quae
1506 1802 1578 1840 lege
1607 1799 1695 1839 apud
1725 1799 1816 1830 Geli.

1136 1861 1216 1883 xm.
1233 1855 1283 1883 11.

1175 1902 1213 1930 31
1238 1898 1377 1938 Poseico]
1408 1899 1550 1930 Plautus
1573 1897 1584 1914 ‘
1600 1896 1817 1936 posticulum'

1134 1947 1228 1986 dicit,
1244 1948 1317 1979 sub.
1332 1947 1463 1978 ostium.
1493 1946 1674 1977 Petronius
1688 1946 1704 1982 ‘,
1717 1948 1818 1985 posti-

1133 1996 1267 2034 culam‚’
1292 1995 1528 2035 sub.januam.
1561 1994 1653 2025 Gau.
1673 1998 1761 2034 porte
1782 1995 1820 2026 «Ie

1130 2044 1274 2075 derv-iere.
1308 2044 1426 2083 virgil.
1444 2043 1518 2074 AEn.
1533 2051 1571 2074 ιι.
1587 2045 1661 2074 453.
1682 2043 1730 2074 ita
1750 2052 1817 2073 rem

1133 2093 1302 2133 explicat:
1326 2092 1336 2109 ‘
1355 2092 1472 2123 Limen
1486 2097 1572 2130 erat,
1585 2101 1754 2132 caecaeque
1770 2090 1818 2122 fo-

1134 2151 1201 2180 res,
1217 2146 1253 2172 et
1278 2141 1412 2181 pervius
1434 2150 1513 2171 usus
1533 2140 1715 2171 'rectorum
1731 2140 1819 2170 inter

1136 2199 1172 2220 se
1199 2190 1338 2229 Priami,
1364 2192 1544 2230 postesque
1570 2187 1679 2219 relicti
1699 2187 1730 2219 A
1753 2192 1819 2219 ter-

1137 2237 1201 2278 go.'

1181 2285 1345 2323 clientem]
1369 2286 1555 2323 Moschum,
1569 2285 1622 2316 vel
1637 2285 1751 2322 alium,
1763 2284 1818 2324 qui

1139 2336 1173 2367 in
1189 2335 1273 2366 atrio
1289 2339 1323 2365 te
1338 2333 1496 2364 observat
1515 2331 1706 2373 alloquendi
1726 2333 1819 2371 cupi·

1139 2385 1212 2415 dus.
1257 2383 1355 2414 Hunc
1393 2385 1502 2412 autem
1531 2379 1609 2412 falle
1643 2378 1818 2420 egrediens

1139 2443 1201 2474 per
1215 2433 1353 2475 januam
1375 2429 1608 2470 posteriorem,
1622 2435 1656 2460 et
1679 2429 1754 2460 veni
1777 2430 1819 2460 ad

1139 2492 1203 2514 me.
