1936 3236
841 296 884 331 Q.
917 294 1122 324 HoRATu
1161 294 1329 323 FLAcci

581 383 661 424 Est
680 384 721 424 in
736 384 961 437 juvencis,
977 389 1047 425 est
1065 385 1107 424 in
1128 385 1271 436 equis,
1293 390 1464 438 patrum
1722 389 1776 429 30

637 449 817 501 Virtus;
843 462 922 490 nec
943 450 1159 490 imbellem
1180 449 1345 491 seroces

690 515 982 567 Progenerant
1002 515 1160 568 aquilae
1182 516 1439 556 columbam.

579 580 792 620 Doctrina
812 579 890 620 sed
911 580 996 620 vim
1018 585 1242 632 promovet
1259 580 1448 630 insitam,

579 644 793 697 Rectique
813 645 959 686 cultus
975 649 1152 698 pectora
1168 647 1398 688 roborant:

635 709 877 762 Utcumque
898 710 1092 752 defecere
1111 724 1263 759 moreS‚

691 774 950 816 Indecorant
970 777 1078 817 bene
1098 782 1202 819 nata
1221 777 1375 830 culpae.

355 921 443 952 rosis.
486 922 524 952 In
531 922 669 960 juvencis
684 923 757 954 etin
769 922 851 962 equis
861 926 982 962 patrum
997 924 1098 954 virtus
1111 923 1234 954 residet.
1279 926 1344 956 Nec
1358 925 1466 965 aquilae
1481 926 1651 965 producunt
1665 924 1775 954 colum-

355 962 423 992 bam
438 963 559 994 minime
582 964 760 996 bellicosam.
802 963 847 995 At
870 965 1002 996 eruditio
1023 965 1167 995 virtutem
1191 966 1361 1004 ingenitum
1374 967 1528 1007 provehit,
1549 970 1580 998 et
1595 966 1671 996 bona
1684 965 1776 1006 discr}

350 1003 436 1041 plina
450 1005 549 1036 reddit
565 1006 698 1037 animum
704 1005 837 1042 fortem.-
853 1008 1095 1046 quandocumque
1107 1007 1269 1047 disciplina
1283 1009 1379 1049 deest,
1391 1009 1469 1040 vitia
1479 1009 1642 1052 deturpant
1655 1009 1777 1038 mturae

946 1120 964 1130 a
969 1119 1002 1130 ee
1006 1120 1021 1131 φ
1025 1120 1179 1133 ‘'eece“

355 1199 488 1239 tionem,
505 1210 578 1240 quae
602 1211 637 1232 se
662 1202 735 1242 ipsa
758 1204 982 1234 commendat.
1026 1206 1114 1235 Nam
1140 1209 1267 1244 praeter
1289 1204 1383 1235 dicta
1408 1204 1442 1234 in
1466 1204 1567 1235 Obss.
1589 1203 1778 1243 sententiae,

351 1242 454 1271 virtus
470 1245 593 1281 patrum
614 1247 658 1273 est
681 1245 712 1273 in
727 1244 867 1280 strenis
891 1245 987 1275 valde
1012 1245 1164 1283 putidum
1187 1251 1238 1275 est
1254 1245 1404 1284 adjicere
1425 1245 1520 1275 bonis.
1539 1255 1576 1275 ac
1591 1245 1676 1275 bonis
1691 1245 1776 1275 Cun.

351 1286 385 1312 ut
398 1282 482 1313 bonis
498 1283 555 1314 Est
567 1283 635 1321 inj.
648 1285 736 1324 conj.
755 1285 799 1315 N.
810 1285 927 1316 Heins-
941 1295 995 1325 ap.
1013 1286 1137 1317 Bentl.’
1148 1287 1318 1317 damu—31
1336 1286 1434 1317 Harl.
1446 1287 1476 1317 1.
1490 1288 1563 1316 45.
1576 1288 1607 1316 6.
1622 1290 1656 1316 et
1667 1286 1779 1324 vulgg.

352 1333 427 1359 ηοω
450 1323 507 1354 sed
523 1334 617 1364 neque
633 1325 727 1355 Harl.
743 1328 774 1356 2.
791 1328 821 1355 3.
844 1327 988 1357 Mentel.
1006 1327 1098 1366 Lips.
1113 1330 1143 1357 l.
1157 1330 1188 1358 2.
1203 1330 1235 1357 3.
1251 1326 1321 1357 Alt.
1336 1330 1368 1357 2.
1395 1331 1430 1357 et
1446 1326 1523 1356 edd.
1537 1328 1642 1366 antiq.
1658 1335 1779 1365 magno

352 1373 504 1402 numero,
520 1369 558 1395 ut
573 1365 679 1396 edidit
693 1366 805 1396 Bentl.
818 1371 853 1397 et
864 1367 912 1397 sic
928 1368 1050 1398 Sanad.
1066 1367 1208 1406 Cuning.
1219 1368 1368 1401 Towers.
1383 1367 1473 1406 Jani,
1486 1367 1623 1407 Bipont.
1637 1367 1775 1398 Mitsch.

352 1409 388 1435 et
404 1405 592 1436 Kidd.—34
618 1406 797 1437 Lambinus
824 1407 1005 1448 aliquando
1027 1410 1115 1448 conj.
1140 1409 1275 1446 roborat,
1295 1412 1332 1438 ut
1348 1409 1438 1439 Raeti
1453 1412 1542 1439 esset
1556 1409 1777 1447 genitivus.—

351 1449 392 1476 36
414 1446 607 1477 Dedecorant
623 1447 811 1480 Comment.
828 1449 929 1489 Cruq.
942 1449 1052 1480 schol.
1070 1450 1111 1480 ad
1127 1449 1283 1481 Juvenal.
1301 1458 1377 1480 xiv.
1394 1452 1426 1480 1.
1449 1450 1599 1490 plerique
1613 1449 1727 1480 Lami).
1741 1453 1790 1480 etr

352 1488 466 1518 Bentl.
483 1497 596 1518 omnes
612 1488 722 1520 Pulm.
740 1489 834 1520 Harl.
850 1492 881 1522 3.
896 1493 928 1521 4.
945 1490 1015 1521 Alt.
1030 1493 1061 1521 1.
1075 1493 1108 1522 2.
1133 1491 1230 1521 Dess.
1245 1494 1274 1522 1.
1289 1493 1320 1521 2.
1345 1491 1486 1532 Franeq.
1501 1492 1644 1522 Mentel.
1661 1491 1778 1522 Helm·

351 1529 437 1560 stad.
453 1533 488 1560 et
504 1529 595 1569 Lips.
610 1533 640 1560 l.
657 1533 687 1560 2.
703 1533 734 1561 3.
749 1533 780 1561 4.
802 1532 939 1562 Venett.
963 1532 1104 1563 Locher.
1123 1533 1263 1563 Asceus.
1287 1532 1402 1562 Basill.
1429 1532 1547 1564 Lamb.
1560 1533 1663 1573 Cruq.
1677 1533 1776 1563 Torr-

351 1569 454 1601 Fabr.
477 1571 567 1601 Mur.
594 1571 710 1610 Steph.
732 1571 814 1602 Fab.
832 1572 936 1613 Rutg.
963 1574 1086 1606 Dacer.
1102 1574 1218 1605 Bentl.
1236 1574 1322 1604 Sivr.
1338 1573 1448 1604 Bond.
1463 1574 1633 1605 Schrevel.
1653 1575 1776 1613 Delpli.

350 1611 501 1648 Francis,
525 1616 560 1643 et
587 1613 690 1643 Kidd.
725 1614 786 1644 Est
799 1613 901 1645 lectio
917 1615 1064 1654 vulgata.
1102 1615 1168 1645 Sed
1185 1616 1371 1646 Indecorant
1380 1615 1452 1654 jam
1465 1614 1544 1646 Aer.
1558 1619 1592 1646 et
1605 1615 1776 1655 Porphyr.

350 1652 423 1692 (qui
441 1653 635 1691 Indecorant,
650 1654 771 1694 inquit,
789 1654 821 1684 id
839 1660 905 1694 est,
919 1656 1076 1686 indecora
1095 1655 1234 1695 faciunt,
1250 1666 1289 1687 ac
1306 1665 1366 1695 per
1379 1657 1454 1695 hoc,
1472 1656 1690 1696 dedecorant,
1712 1657 1778 1695 sig-

348 1693 492 1732 nificat.)
515 1694 594 1724 item
611 1694 707 1725 Harl.
724 1697 752 1725 l.
768 1698 800 1725 2.
815 1699 846 1727 5.
858 1699 890 1727 6.
905 1696 971 1727 duo
985 1698 1082 1728 Vatt.
1098 1701 1135 1728 et
1152 1697 1269 1728 Fatirn.
1286 1697 1402 1728 Lamb.
1417 1697 1563 1729 Bentleii
1577 1698 1692 1730 Graev.
1707 1697 1777 1728 Ga—

350 1734 446 1764 liens.
462 1734 559 1765 Bodl.
573 1737 604 1766 2.
623 1735 770 1776 Magdal.
794 1746 812 1767 a
827 1746 870 1768 m.
887 1746 937 1777 pr.
953 1742 988 1768 et
1006 1738 1132 1769 Battel.
1147 1747 1208 1778 pro
1227 1748 1294 1769 var.
1316 1739 1396 1770 lect.
1422 1739 1531 1771 Pnlm.
1553 1739 1727 1770 Gemblac.
1745 1742 1775 1770 l.

350 1783 411 1815 pro
428 1784 497 1806 var.
511 1776 590 1808 lect.
606 1777 703 1808 codd.
719 1777 818 1808 Fabr.
830 1779 956 1810 Venet.
971 1782 1066 1811 1509.
1083 1780 1185 1812 Baxt.
1201 1780 1285 1811 eun.
1300 1779 1380 1811 San.
1395 1780 1511 1812 Jones.
1523 1781 1675 1818 Towers,
1686 1780 1776 1820 Jani,

350 1817 489 1856 Bipont.
506 1817 646 1848 Mitsch.
662 1819 807 1850 Wetzel.
821 1819 957 1850 Wakef.
979 1826 1014 1851 et
1030 1821 1147 1851 Comb.
1193 1822 1322 1852 Probet
1337 1826 1373 1852 et
1395 1823 1507 1853 Bentl.
1524 1822 1556 1853 in
1572 1822 1653 1858 Not·
1676 1823 1704 1839 ‘⁴
1719 1821 1777 1852 In-

350 1857 534 1888 decorare'
558 1859 637 1889 alias
654 1869 719 1889 non
738 1861 895 1898 occurrit,
920 1861 980 1891 sed
1007 1866 1058 1892 est
1073 1862 1245 1902 antiquum
1263 1863 1473 1899 vocabulum,
1497 1864 1652 1894 usitatum
1669 1862 1776 1894 Accio

350 1899 386 1929 in
402 1899 574 1940 Meleagro
590 1911 596 1929 :
621 1901 629 1917 ‘
644 1901 726 1932 Quis
741 1901 818 1939 erit,
834 1902 889 1941 qui
906 1911 970 1932 non
987 1911 1039 1933 me
1054 1912 1225 1942 spernens,
1238 1903 1377 1934 incilans
1393 1905 1537 1944 probris,
1551 1905 1711 1935 Sermone
1726 1905 1776 1934 in-

349 1940 525 1976 decor-ans,
543 1941 630 1981 turpi
647 1941 737 1972 fama
752 1941 916 1974 differat?
939 1953 993 1984 ap.
1011 1944 1100 1975 Non.
1116 1954 1146 1976 v.
1169 1945 1178 1962 ‘
1191 1945 1359 1985 Incilare,’
1386 1955 1420 1985 p.
1434 1948 1487 1976 60.
1509 1955 1539 1977 a.
1560 1945 1669 1977 Paris.
1714 1946 1776 1976 Est

349 1981 451 2022 igitur
465 1982 601 2013 verbum
615 1983 824 2024 exquisitius,
840 1994 936 2026 quam
954 1986 1042 2026 quod
1059 1996 1078 2016 a
1093 1986 1233 2017 librariis
1248 1996 1318 2018 esse
1332 1987 1452 2028 possit3
1471 1987 1563 2028 prior
1575 1991 1692 2019 contra
1706 1987 1775 2017 lec-

990 2093 1127 2126 NOTAE

348 2175 577 2217 sequentibus,
591 2186 653 2208 nec
669 2177 824 2208 absurde.

389 2228 430 2256 33
453 2226 606 2257 Doctrina
630 2228 683 2258 sed
707 2228 767 2258 vim
786 2231 943 2268 promovet
957 2229 1033 2260 insi·

1086 2179 1234 2212 moribus
1267 2178 1544 2220 opinionibusque
1580 2177 1774 2219 depravatis

1086 2229 1133 2259 sic
1148 2228 1399 2268 restinguimus,
1418 2233 1454 2258 nt
1471 2236 1631 2268 nusquam
1644 2231 1773 2259 naturae

348 2273 427 2314 tam]
449 2275 546 2306 Bona
568 2275 723 2307 educatio
750 2281 784 2307 et
806 2277 954 2308 studiosa
984 2278 1033 2308 in-

348 2323 480 2354 stitutio
504 2328 680 2363 promovet
706 2324 872 2365 εἰνγένειαν,
895 2335 953 2357 seu
975 2336 1032 2357 na-

345 2375 432 2402 turae
465 2371 668 2412 bonitatem3
704 2374 859 2411 sustinet,
895 2376 1033 2415 excolit,

348 2423 459 2460 auget.

388 2472 428 2500 35
455 2470 622 2510 Utcumque
655 2470 791 2509 defecere
821 2481 930 2510 mores,
958 2473 1028 2513 mu]

346 2517 380 2548 Si
397 2519 530 2558 quando
546 2528 611 2551 non
627 2519 736 2552 aderit
754 2521 840 2552 bona
854 2521 1032 2561 disciplina

346 2571 382 2598 et
396 2576 522 2598 morum
534 2568 709 2605 institutio.
721 2574 791 2601 tum
807 2570 1032 2610 corrumpitur

345 2615 472 2655 optima
504 2617 661 2655 quaelibet
695 2618 836 2655 indoles,
873 2619 1031 2651 continuo

346 2663 448 2703 perit,
465 2667 498 2694 et
521 2665 554 2694 iu
578 2667 777 2705 pravitatem
793 2667 921 2700 defluit.
958 2669 1031 2700 Cic.

344 2713 443 2743 Tusc.
461 2720 515 2743 111.
528 2715 558 2744 2.
594 2714 603 2730 ‘
620 2714 752 2746 Natura
767 2716 921 2756 parvulos
935 2715 1030 2747 nobis

345 2761 441 2793 dedit
456 2761 632 2803 igniculos,
658 2773 738 2804 quos
762 2765 921 2797 celeriter
936 2765 1029 2797 malis

1086 2278 1197 2309 lumen
1213 2281 1387 2318 appareat.
1424 2276 1510 2307 Sunt
1527 2276 1614 2306 enim
1630 2275 1773 2315 ingeniis

1087 2325 1209 2357 nostris
1225 2326 1354 2356 semina
1375 2324 1488 2355 innata
1513 2324 1684 2363 virtutum,
1698 2333 1772 2365 qum

1086 2375 1112 2406 si
1129 2374 1322 2406 adolescere
1337 2373 1467 2409 liceret,
1481 2373 1554 2411 ipse
1564 2381 1624 2403 nos
1635 2371 1677 2403 ad
1694 2372 1773 2403 bea-

1087 2427 1153 2454 tam
1171 2424 1271 2454 vitam
1286 2427 1406 2454 natura
1421 2421 1634 2462 perduceret.
1671 2421 1772 2453 Nunc

1084 2476 1196 2503 autem
1210 2472 1308 2503 simul
1324 2481 1363 2503 ac
1378 2472 1410 2502 in
1426 2471 1533 2502 lucem
1548 2470 1632 2502 editi
1646 2479 1771 2511 sumus,

1084 2520 1117 2551 in
1132 2520 1221 2552 omni
1231 2520 1390 2551 continuo
1402 2520 1582 2560 pravitate,
1594 2524 1630 2550 et
1639 2519 1672 2550 in
1684 2529 1770 2551 snm-

1084 2579 1138 2601 ma
1152 2569 1342 2610 opinionum
1359 2569 1584 2609 perversitate
1600 2579 1772 2602 versemur

1086 2639 1095 2650 .
1112 2640 1120 2650 .
1138 2640 1147 2650 .
1163 2623 1233 2650 tum
1259 2619 1359 2650 variis
1383 2618 1562 2650 imbuimur
1590 2619 1774 2660 erroribus,

1083 2671 1121 2699 111
1137 2667 1276 2699 vanitati
1296 2667 1433 2707 veritas,
1460 2671 1496 2698 et
1519 2667 1668 2707 opinioni
1691 2677 1771 2700 con·

1083 2715 1223 2748 firmatae
1237 2720 1356 2747 natura
1372 2715 1443 2756 ipsa
1458 2715 1580 2756 cedat,’
1593 2718 1656 2748 &c.
