1956 3236
569 270 847 314 SERMQNUM
883 271 982 302 mn.
1014 270 1046 300 1.
1074 259 1116 301 6.

1480 256 1566 298 863

111 364 299 419 Egregie
318 365 550 418 inspersos
569 363 809 417 reprendas
830 376 1015 418 corpore
1034 376 1191 406 naevos
1211 366 1241 416 ;)

111 433 160 474 Si
181 445 324 486 neque
347 431 595 480 avaritiam,
618 444 760 484 neque
782 431 950 481 sordes,
970 435 1044 472 aut
1063 431 1182 472 mala
1199 432 1358 481 lustra,

113 498 308 553 objiciet
326 510 427 540 vere
449 497 686 551 quisquam
707 497 812 539 mihi
831 511 842 548 ;
859 510 998 551 purus
1020 502 1064 539 et
1084 497 1240 538 insons

108 565 197 622 (Ut
216 578 286 607 me
305 562 577 617 collaudem)
606 565 645 605 si
666 571 713 605 et
733 566 837 606 vivo
860 577 991 606 carus
1013 565 1195 616 amicis3

1507 566 1566 606 70

111 631 262 674 Causa
283 631 363 673 fuit
378 634 506 685 pater
525 630 593 671 his
610 643 621 681 3
653 631 731 684 qui
753 644 900 673 macro
921 644 1090 686 pauper
1112 631 1259 685 agello

111 698 275 742 Noluit
293 698 339 739 in
362 696 493 738 Flavi
512 696 663 738 ludum
682 710 754 739 me
772 698 956 748 mittere,
979 699 1129 751 magni

111 765 216 817 Quo
235 764 376 818 pueri,
397 765 564 817 magnis
585 777 610 804 e
629 765 958 806 centurionibus
982 765 1079 814 orti,

111 832 248 873 Laevo
268 832 469 884 suspensi
486 831 657 872 loculos
674 832 962 885 tabulamque
991 831 1175 880 lacerto,

110 898 246 940 Ibant
265 897 440 940 octonis
459 897 696 939 referentes
719 897 876 940 Idibus
899 911 1014 940 aera:

1508 901 1566 942 75

105 1030 180 1060 pore
199 1019 314 1062 effusas
332 1023 459 1054 damnes
467 1021 498 1061 ;)
522 1022 551 1053 si
567 1032 623 1054 nec
637 1023 794 1054 sordidam
816 1023 1033 1064 cupiditatem,
1055 1034 1110 1055 nec
1132 1024 1254 1064 impura
1267 1033 1368 1063 ganea
1386 1025 1467 1055 ullus
1490 1022 1568 1053 mihi

97 1065 186 1102 June
199 1064 364 1105 exprobret
374 1075 387 1102 ;
409 1065 439 1096 si
452 1065 548 1096 etium
564 1065 617 1106 (ut
641 1075 687 1096 me
708 1065 886 1106 approbem)
900 1066 936 1096 ob
951 1067 1164 1105 integritatem
1178 1070 1210 1098 et
1222 1067 1430 1097 innocentiam
1442 1066 1567 1105 gratio-

106 1114 159 1136 σιω
171 1107 279 1138 antici:
291 1107 361 1138 vivo
370 1117 382 1144 ;
404 1107 454 1138 liis
468 1117 590 1138 causam
603 1108 739 1147 praebut't
755 1118 840 1139 meus
854 1117 976 1147 pareus,
990 1109 1042 1148 qui
1058 1110 1176 1140 modico
1190 1118 1268 1148 agro
1289 1118 1350 1140 non
1365 1109 1451 1139 dives
1465 1107 1566 1139 noluit

109 1157 157 1178 me
179 1152 282 1180 tamen
305 1149 430 1180 mittere
444 1150 484 1179 ud
506 1149 641 1190 scltolum
660 1150 775 1190 Flavii,
790 1151 830 1180 ad
845 1159 934 1190 quum
957 1151 1126 1190 pergebam
1152 1152 1230 1182 clari
1243 1150 1375 1188 ,iuvenes
1396 1150 1567 1181 illustrium

107 1190 322 1222 centurionum
333 1191 415 1233 filii,
432 1191 562 1222 sinistro
577 1191 701 1222 brachio
724 1201 903 1231 suspensum
918 1192 1061 1231 ferentes
1081 1194 1234 1224 succulum
1249 1197 1279 1224 et
1294 1193 1453 1229 tabulam;
1475 1195 1568 1231 atque

719 1285 799 1297 ΟΝ,
803 1286 819 1297 Ι
823 1285 919 1297 ‘bu‘
923 1285 962 1298 00

108 1350 151 1379 68
174 1348 279 1390 Crnq.
293 1353 330 1381 et
343 1350 488 1390 Cuning.
505 1359 549 1380 ex
566 1349 665 1381 codd.
689 1360 745 1381 nec
766 1353 859 1382 mala.
905 1351 1034 1382 Omnes
1055 1350 1156 1382 codd.
1174 1350 1338 1388 Bentleii,
1352 1350 1450 1382 Gott.
1466 1349 1567 1381 Harl.

109 1392 141 1422 2.
155 1393 188 1422 3.
201 1393 234 1422 4.
249 1394 281 1423 6.
296 1394 328 1423 7.
363 1392 444 1423 Vet.
476 1392 594 1423 Comb.
624 1397 751 1422 ceterae
783 1398 868 1423 vett.
898 1397 934 1424 et
962 1393 1075 1432 vulgg.
1108 1403 1145 1424 ac
1173 1394 1266 1423 mala.
1313 1391 1494 1423 Bentleius
1522 1401 1567 1423 ex

108 1431 244 1464 Acrone
260 1434 386 1474 primus
403 1433 524 1472 edidit,
543 1436 599 1464 aut
623 1434 728 1469 multu
751 1443 895 1474 eumque
918 1434 1028 1465 secuti
1051 1434 1175 1465 Sanad.
1199 1434 1355 1471 Francis,
1378 1434 1484 1464 Zeun.
1507 1434 1566 1464 Bi-

107 1478 201 1514 pont.
217 1475 361 1506 Wetzel.
380 1473 514 1507 Wakef.
538 1474 720 1506 Heindorf.
737 1480 772 1506 et
789 1475 894 1507 Kidd.
927 1477 936 1493 ‘
956 1476 1087 1516 Recepi
1111 1479 1166 1507 aut
1191 1481 1334 1516 propter
1350 1485 1476 1507 morem
1494 1475 1566 1506 Ho-

106 1515 197 1555 ratii,
210 1516 266 1557 qui
284 1521 362 1557 post
375 1526 636 1557 neque...neque
658 1517 745 1548 solet
762 1517 890 1549 addere
905 1521 973 1550 out.
1007 1517 1052 1549 cf.
1067 1527 1126 1549 111.
1143 1517 1212 1549 Od.
1230 1521 1281 1549 12.
1297 1521 1329 1549 2.
1352 1527 1409 1549 ιιι.
1426 1518 1494 1549 Od.
1511 1521 1567 1549 23.

107 1559 139 1588 7.
163 1566 204 1589 n.
221 1559 290 1590 Sat.
308 1562 337 1590 l.
355 1562 406 1590 15.
429 1568 466 1590 υ.
483 1559 557 1590 Sat.
572 1562 603 1590 2.
621 1562 674 1590 22.
691 1560 768 1591 &cl
791 1560 891 1591 Zeun.
937 1560 1078 1601 Aliquot
1101 1560 1202 1592 codd.
1223 1570 1277 1600 ap.
1299 1560 1416 1591 Lamb.
1432 1565 1468 1592 et
1483 1561 1567 1591 Tor-

106 1599 297 1632 rent.1ucro
312 1610 376 1642 pro
390 1602 587 1633 lustau—71
617 1602 742 1634 Venet.
769 1605 865 1635 1559.
903 1602 1047 1634 Chabot.
1072 1608 1108 1634 et
1126 1603 1243 1634 Lamb.
1266 1604 1294 1634 si
1315 1603 1384 1633 vivo
1406 1607 1449 1639 et,
1475 1602 1567 1643 quod

767 1685 908 1718 NOTAE

147 1751 190 1782 '12
213 1748 306 1781 Flave
328 1749 451 1790 ludum]
484 1749 519 1780 Is
543 1755 620 1781 erat
645 1750 806 1781 arithme-

104 1799 197 1839 ticae,
231 1798 304 1830 aive
333 1798 567 1839 computandi,
606 1799 807 1830 numerandi

105 1849 257 1880 rationes
280 1853 317 1881 et
344 1849 493 1881 calculos
517 1849 717 1881 conferendi
740 1859 809 1880 ma-

105 1898 210 1937 gine·-
235 1903 272 1931 et
297 1898 419 1931 doctor
441 1898 611 1931 famosus:
638 1900 681 1930 ad
706 1909 807 1941 quem

106 1948 310 1980 instituendi
335 1948 560 1980 mittebantur
586 1949 682 1990 pueri
704 1949 746 1980 ab
767 1949 807 1980 iis

106 1996 166 2036 qni
179 1995 301 2029 foenori
311 1998 497 2030 studebant
512 2003 548 2030 et
562 1999 727 2030 avaritiae.
749 1998 807 2029 Vi-

107 2045 152 2076 de
168 2045 279 2087 Epist.
293 2047 336 2078 nd
351 2047 468 2079 Pison.
485 2058 532 2079 vs.
548 2050 622 2078 325.
640 2048 698 2078 ubi
712 2048 722 2064 ‘
742 2049 808 2078 Ro-

109 2095 199 2126 mani
226 2097 325 2136 pueri
351 2097 460 2136 longis
486 2097 677 2127 rationibus
698 2105 808 2128 assem

110 2144 256 2180 Discunt
284 2146 318 2177 iu
347 2149 464 2187 partes
503 2150 640 2177 centum
670 2145 810 2177 diduce-

109 2194 172 2231 re,’
185 2197 251 2228 διο.

149 2237 192 2277 73
207 2244 340 2284 Mag-nis
354 2254 371 2275 e
385 2244 615 2276 centurionibus
629 2245 705 2286 orti]
720 2245 808 2277 Cen-

107 2293 197 2326 turio
212 2293 270 2335 qui
285 2299 422 2326 centum
438 2294 562 2325 milites
579 2294 666 2334 regit
679 2305 690 2326 :
716 2295 806 2335 quod

107 2342 257 2380 additur,
285 2345 420 2385 unguis,
451 2343 586 2375 videtur
613 2344 806 2384 significare

107 2393 298 2435 primipilos
309 2397 346 2424 et
362 2394 544 2434 primorum
557 2393 712 2424 ordinum
726 2393 806 2425 duc-

106 2445 211 2484 tores,
225 2443 284 2484 qni
297 2441 371 2475 fere
386 2442 548 2474 Tribunis
564 2443 730 2484 dignitate
747 2453 806 2484 pa-

107 2501 174 2523 ren.
214 2491 274 2524 Sic
289 2497 386 2524 notat
406 2492 516 2524 Poeta
531 2494 754 2533 cupiditatem
770 2499 806 2525 et

108 2541 284 2581 avaritiam
298 2542 482 2583 primorum
495 2553 707 2585 quorumque
719 2543 806 2574 filios

108 2590 152 2622 ad
168 2595 332 2632 qnantum
347 2597 383 2622 et
399 2593 515 2625 sordes
538 2594 641 2634 magis
657 2593 806 2625 formare

110 2638 298 2671 curantium
325 2649 372 2682 qu
386 2674 390 2676 ,
459 2643 502 2674 ad
531 2643 739 2684 probitatem
768 2647 804 2675 et

110 2689 285 2721 virtutem·
324 2649 488 2771 ἧκε
503 2692 672 2725 diversam
689 2693 805 2726 lauda-

109 2737 331 2780 bilioremque
345 2737 381 2770 in
434 2741 520 2772 viam
548 2743 683 2775 Horatii
706 2749 806 2785 pater

111 2787 155 2820 nd
172 2787 395 2822 erudiendum
413 2788 531 2831 filium,
545 2795 698 2834 quamvis
714 2794 725 2812 ‘
735 2804 805 2830 ma-

861 1760 920 1782 cro
936 1760 1067 1791 pauper
1082 1750 1219 1792 agello‚'
1231 1760 1296 1785 non
1313 1755 1351 1782 ut
1368 1750 1418 1781 illi
1433 1749 1567 1790 pingui-

861 1801 924 1832 bus
940 1805 975 1832 et
991 1801 1113 1841 opimis
1129 1801 1267 1841 praediis
1284 1801 1487 1840 locupletes.

905 1853 947 1882 74
971 1851 1063 1882 Loevo
1082 1851 1221 1891 suspensi
1240 1851 1352 1880 loculos
1370 1848 1568 1888 tabulamque

862 1900 994 1940 lacerto]
1017 1900 1260 1931 Centurionum
1287 1898 1350 1929 filii
1379 1902 1499 1929 euntes
1523 1898 1567 1928 ad

862 1949 977 1980 ludum
1003 1958 1064 1980 seu
1087 1949 1249 1984 scholam,
1276 1948 1340 1988 ipsi
1367 1958 1426 1979 sua
1454 1953 1566 1988 gesta-

862 1999 956 2039 bant,
973 2009 1036 2031 nec
1052 2009 1138 2030 unus
1154 1998 1300 2029 famulus
1324 1998 1466 2036 aderat;
1492 2009 1563 2039 prae

863 2049 1007 2080 avaritia
1023 2053 1158 2090 patrum
1171 2059 1180 2079 ε
1195 2052 1231 2078 at
1246 2053 1366 2079 contra
1384 2047 1566 2079 Horatium

861 2097 1093 2138 sequebantur
1114 2097 1205 2128 servi
1227 2102 1406 2137 portantes
1423 2097 1488 2138 ipsi
1508 2107 1566 2129 ne-

863 2148 1031 2187 cessaria;
1051 2153 1088 2179 ut
1100 2147 1229 2179 scribet
1245 2156 1335 2178 mox.
1372 2147 1515 2186 Loculos,
1531 2148 1566 2178 in

862 2196 982 2237 quibus
998 2197 1138 2235 calculi3
1162 2196 1310 2235 tabulam,
1325 2196 1471 2237 chartae,
1486 2198 1568 2228 scri-

862 2246 931 2286 nia,
956 2246 1048 2278 Gall.
1071 2256 1149 2286 pour
1173 2248 1345 2286 apprendre
1372 2250 1391 2278 ὰ
1417 2248 1564 2287 calculer,

861 2300 996 2337 compter
1010 2298 1029 2327 ἃ
1046 2297 1076 2327 la
1090 2297 1191 2336 plume
1206 2298 1238 2326 et
1251 2296 1456 2334 auxjettons.

903 2349 944 2377 75
979 2345 1111 2378 octonis
1139 2344 1313 2384 referentes
1342 2346 1453 2377 Idibus
1481 2346 1563 2385 aera]

860 2395 947 2426 Sunt
971 2395 1027 2436 qui
1049 2395 1322 2436 interpretentur
1335 2405 1344 2425 ε
1356 2395 1561 2441 'mercedem

861 2443 1044 2477 afferentes
1071 2444 1236 2485 magistro
1262 2444 1402 2484 singulis
1429 2443 1562 2482 Idibus,

860 2504 934 2536 quae
957 2495 1032 2526 dies
1058 2499 1138 2525 octo
1161 2494 1447 2532 complectuntur.
1496 2492 1560 2522 Ve-

860 2554 934 2576 rum
949 2545 1032 2575 licet
1048 2543 1138 2583 apud
1162 2552 1222 2573 nos
1243 2542 1342 2572 hodie
1366 2541 1562 2582 ludimagis-

861 2593 922 2624 tris
948 2601 1079 2623 merces
1108 2590 1278 2631 pendatur
1304 2594 1500 2629 meustrua;
1521 2595 1558 2623 nt

858 2643 949 2684 apud
972 2643 1141 2674 Romanos
1164 2650 1308 2672 annuam
1331 2640 1441 2683 fuisse·
1455 2642 1559 2674 docet

858 2693 1039 2726 Juvenalis
1063 2691 1134 2723 Sat.
1152 2700 1218 2723 vn.
1244 2692 1278 2722 in
1300 2690 1378 2722 fine.
1414 2691 1460 2722 Et
1480 2692 1558 2724 Ma·

859 2742 951 2776 crob.
967 2741 1136 2773 Saturnal.
1155 2750 1180 2772 1.
1198 2743 1250 2773 12.
1267 2741 1275 2757 ‘
1292 2741 1411 2772 Annus
1427 2751 1447 2773 a
1463 2743 1556 2773 Mar-

859 2793 908 2826 tio
935 2792 1142 2833 incipiebat.
1155 2812 1164 2822 .
1179 2813 1187 2823 .
1199 2791 1264 2824 hoc
1287 2800 1402 2823 mense
1432 2793 1556 2836 magis.
