1930 3242
371 277 455 320 876

372 380 431 421 At
450 379 651 429 Graecus,
670 383 898 433 postquam
920 382 988 417 est
1009 377 1127 418 Italo
1146 377 1345 429 perfusus
1366 381 1508 425 aceto,

371 445 547 486 Persius
568 446 798 490 exclamat,
821 442 907 481 Per
925 454 1121 494 magnos,
1140 442 1284 490 Brute,
1306 442 1424 483 Deos
1439 447 1482 483 te

372 510 477 558 Oro,
499 511 573 562 qui
594 521 715 559 reges
736 508 955 548 consueris
975 508 1136 556 tollere,
1156 521 1230 548 cur
1245 521 1330 548 non
1729 509 1787 548 34

371 575 503 615 Hunc
519 574 682 624 Regem
697 571 904 624 jugulas?
934 585 1113 625 operum
1130 572 1231 622 hoc,
1249 573 1352 613 mihi
1367 572 1509 622 crede,
1523 576 1694 614 tuorum
1707 579 1786 613 est.

839 290 882 325 Q.
915 288 1119 317 HORATll
1155 287 1323 316 FLAcci

366 680 560 716 posteaquam
573 672 685 704 salibus
699 673 819 704 Italicis
832 683 969 713 aspersus
976 673 1058 714 fuit,
1072 674 1241 706 exczamat:
1267 675 1296 704 0
1312 674 1424 710 Brute,
1447 683 1501 713 per
1517 683 1642 713 magnos
1658 676 1688 704 te
1703 674 1786 706 Deos

369 719 498 750 obsecro,
524 715 575 753 qui
599 724 687 753 reges
711 715 915 746 exterminare
935 716 1044 746 solitus
1058 725 1101 755 es,
1119 724 1212 755 quare
1234 725 1294 747 non
1308 715 1400 746 istum
1421 716 1537 755 Regem
1557 717 1662 746 tollis?
1705 716 1786 751 Hoc,

369 758 444 789 mihi
457 758 555 793 crede,
570 766 662 787 unum
677 760 722 786 est
737 766 752 786 e
768 756 830 787 tuis
843 757 1049 794 facinoribus.
1745 779 1750 784 ,

959 838 1195 852 eeeeeeeeeeee

367 893 525 922 lum—34
540 890 549 908 ‘
565 891 626 926 Qui
637 900 724 929 reges
733 890 887 921 consueris
897 891 1009 922 tollere.
1040 891 1154 922 Editio
1169 892 1300 923 Veneta
1315 902 1388 924 cum
1402 892 1542 924 Acronis
1555 895 1589 923 et
1603 891 1788 932 Porphyri-

367 933 438 963 onis
461 933 600 963 Scholiis
617 935 710 962 1490.
734 932 851 962 tamin
869 941 965 962 versu
986 933 1071 972 ipso,
1095 943 1191 972 quam
1214 934 1249 964 in
1277 934 1448 975 utriusque
1471 933 1693 964 Enni-ratione
1715 943 1785 963 con-

366 973 462 1004 suesti
476 973 596 1011 haben
613 978 714 1014 atque
729 974 776 1004 ita
791 973 862 1004 sine
878 973 945 1003 uua
954 974 1053 1004 litura
1068 974 1176 1005 codex
1189 976 1492 1006 nosterGaleanus.
1516 974 1785 1006 Zulichemianus

366 1025 458 1054 vero,
473 1024 644 1045 consueras.
688 1015 776 1045 Inud
791 1015 904 1054 placet
919 1025 927 1045 :
950 1015 1066 1045 modus
1083 1016 1169 1046 enim
1186 1016 1394 1046 indicativus
1411 1017 1518 1056 aptius
1533 1016 1587 1047 hic
1602 1015 1782 1053 eonvenit3

367 1062 402 1087 et
426 1058 573 1087 consuesti
599 1055 707 1094 potius
731 1055 844 1086 dicere
869 1055 1037 1095 solebant,
1051 1066 1149 1097 quam
1170 1057 1418 1089 ‘consuevistil
1461 1058 1580 1088 Cicero
1606 1057 1669 1096 Ep.
1692 1057 1785 1087 Fam.

366 1106 429 1129 xv.
444 1100 476 1128 3.
499 1102 535 1129 et
551 1097 603 1128 Ad
621 1096 696 1128 Att.
711 1105 778 1128 xu-
791 1096 855 1128 37!
877 1097 984 1127 Bentl-

1004 1169 1146 1202 NOTAE

366 1236 541 1273 spectante
555 1233 695 1272 patitur,
707 1232 814 1263 donec
828 1231 985 1271 corripiat
1000 1231 1050 1271 ip-

366 1291 435 1312 sam
451 1290 584 1322 qnoque
604 1281 674 1320 jam
698 1280 828 1311 volandi
845 1284 981 1320 potens:
1008 1290 1048 1311 ex

364 1339 488 1369 genere
521 1329 731 1368 accipitrum,
765 1338 951 1368 quanquam
986 1337 1047 1360 nec

364 1377 504 1408 aduncis
527 1377 693 1416 unguibus
718 1386 782 1408 nec
804 1377 916 1416 capite
931 1377 1046 1407 similis

366 1426 442 1461 illis,
458 1434 519 1456 nec
534 1426 598 1456 alio
611 1426 724 1455 colore
740 1434 779 1455 ac
799 1425 900 1463 rictu,
921 1434 980 1455 scu
996 1433 1046 1454 as-

364 1479 478 1514 pectu,
493 1482 588 1514 quam
605 1471 771 1503 coinmbi!

407 1525 447 1552 32
470 1523 550 1552 Italo
571 1521 712 1560 perfusus
735 1519 836 1559 aceto]
859 1521 982 1552 Italica
998 1521 1046 1551 di-

364 1570 509 1600 cacitate
526 1569 673 1608 Rupilii:
690 1573 698 1586 ¹
709 1569 854 1600 mordaci
871 1570 957 1599 lotus
974 1579 1048 1600 ace-

364 1619 426 1656 t0,’
456 1622 493 1647 ut
517 1617 564 1646 ait
587 1617 683 1646 Pers.
707 1616 778 1647 Sat.
801 1626 834 1648 v.
859 1620 911 1647 86.
934 1618 1047 1649 Plaut.

363 1666 372 1682 ‘
385 1664 514 1706 Ecquid
529 1665 628 1695 habet
644 1665 671 1695 is
685 1665 783 1696 homo
806 1667 895 1697 aceti
912 1666 944 1698 in
969 1677 1047 1707 pec-

365 1719 437 1746 tore
447 1713 469 1743 ?'

404 1765 444 1793 33
467 1762 647 1801 Exclamat]
671 1763 878 1802 Erumpente
905 1763 954 1794 ira
975 1769 1047 1795 tan-

363 1811 452 1851 dem,
466 1820 563 1852 quam
587 1811 816 1842 exstimularat
839 1812 957 1844 ‘homo
979 1814 1046 1843 aci-

1103 1231 1156 1264 dae
1171 1233 1319 1274 linguae,’
1334 1235 1371 1264 ut
1385 1232 1534 1274 loquitur
1546 1231 1687 1271 Seneca,
1700 1230 1786 1262 Con-

1103 1285 1188 1312 trov.

1143 1331 1181 1361 34
1207 1330 1270 1365 Qui
1285 1339 1372 1368 reges
1394 1327 1548 1359 consueris
1567 1327 1688 1368 tollere]
1707 1329 1786 1359 Tar-

1100 1377 1228 1417 quinios
1244 1378 1320 1408 oiim
1333 1377 1468 1417 quidem
1487 1377 1631 1416 majores
1649 1377 1708 1416 tui,
1725 1387 1785 1416 pu-

1102 1430 1136 1456 ta
1151 1426 1230 1458 Jun.
1247 1426 1394 1456 Brutus:
1419 1429 1456 1457 tu
1473 1435 1551 1456 vero
1567 1425 1688 1456 deiude
1708 1426 1781 1465 ipse

1100 1474 1168 1506 Jnl.
1185 1474 1365 1505 Caesarem.
1400 1502 1405 1510 ,

1143 1524 1182 1553 35
1207 1522 1300 1552 Hunc
1329 1521 1458 1561 Regem]
1480 1521 1593 1553 Ludus
1621 1522 1656 1553 in
1683 1532 1780 1554 voca·

1100 1570 1190 1601 bulo.

1143 1619 1277 1656 Operum
1293 1618 1359 1655 hoc,
1382 1618 1457 1648 mihi
1472 1618 1570 1653 crede,
1590 1621 1710 1648 tuorum
1724 1619 1785 1658 est]

1100 1667 1146 1697 Et
1160 1667 1222 1697 hoc
1239 1671 1273 1697 te
1290 1667 1424 1706 dignum
1441 1671 1492 1696 est
1516 1675 1612 1706 opus,
1629 1670 1663 1696 nt
1682 1665 1786 1706 jugu-

1101 1715 1147 1745 les
1177 1724 1215 1746 ac
1243 1715 1341 1745 tollas
1362 1715 1537 1746 molestum
1557 1718 1592 1745 et
1612 1714 1782 1755 indignum

1100 1764 1188 1795 hunc
1205 1765 1273 1795 vita
1285 1764 1461 1795 hominem.

870 1950 1103 1992 SATIRA
1134 1951 1272 1993 VIII.

621 2037 672 2066 IN
707 2036 1114 2066 SUPERS'riTloSOS
1145 2037 1205 2065 ΕΤ
1237 2037 1524 2067 VENEFIGAS.

362 2098 504 2139 Priapus
527 2098 559 2129 in
574 2099 678 2130 hortis
694 2100 872 2140 Esquilinis
888 2101 1015 2140 positus
1030 2099 1167 2140 fingitur
1189 2102 1360 2142 conqueri,
1374 2101 1460 2142 quod
1477 2101 1644 2133 difficilius
1659 2102 1781 2134 venefi-

403 2160 578 2190 cas‚quam
595 2149 684 2180 fures
699 2157 735 2181 et
750 2161 840 2190 aves,
852 2161 964 2182 arcere
982 2152 1096 2191 possit.
1140 2152 1222 2182 Tum
1239 2157 1350 2184 narrat
1368 2153 1507 2183 duarum
1521 2153 1707 2184 vetularum
1722 2163 1780 2192 ap-

404 2206 556 2241 paratum
574 2201 769 2242 veneficum,
785 2212 850 2242 quo
874 2202 919 2233 ita
946 2202 990 2233 sit
1005 2206 1200 2240 commotus,
1215 2207 1252 2233 ut
1272 2203 1404 2233 tandem
1427 2213 1496 2243 prae
1519 2204 1653 2234 horrore
1668 2204 1782 2243 ingen·

402 2257 471 2285 tem
486 2253 635 2284 emiserit
652 2254 776 2284 ventris
793 2253 971 2293 crepitum,
981 2253 1076 2293 cujus
1092 2262 1172 2284 sono
1186 2253 1265 2283 istas
1281 2253 1442 2289 veneficas
1457 2254 1505 2284 sic
1521 2252 1780 2293 perterrefactus

403 2313 490 2340 esse,
504 2308 542 2335 ut
564 2304 713 2335 omnibus
733 2305 859 2336 relictis
884 2304 987 2336 effuse
1011 2310 1047 2336 et
1070 2305 1140 2336 sine
1162 2307 1315 2345 respectu
1339 2304 1544 2344 aufugerint.
1583 2304 1780 2344 Triaigitm·

404 2355 613 2395 potissimum
635 2357 708 2395 agit
730 2356 848 2391 Poeta,
866 2362 901 2387 ut
917 2357 1032 2396 Priapi
1057 2357 1183 2388 cultum
1198 2355 1364 2394 derideat,
1386 2360 1422 2386 ut
1437 2355 1526 2394 vulgi
1549 2355 1591 2386 de
1606 2355 1778 2386 veneficiis

403 2407 673 2447 superstitionem
685 2411 789 2444 notet,
802 2412 839 2438 ut
852 2407 1023 2439 Canidiam
1039 2407 1268 2448 Saganamque
1281 2405 1430 2437 veneficii
1440 2405 1576 2438 infamia
1588 2406 1779 2439 laborantes

401 2459 618 2498 perstringat.

362 2519 494 2560 OmM
518 2528 694 2561 truncus
714 2533 828 2561 eram
847 2520 1048 2572 ficulnus,
1063 2521 1210 2563 inutile
1228 2521 1411 2574 lignum3

404 2617 502 2648 Eram
515 2620 607 2648 antea
628 2616 721 2657 stipes
735 2617 881 2658 ficulnus,
905 2617 1024 2656 lignum
1038 2617 1136 2648 iners.-
1160 2617 1277 2657 quando
1296 2615 1427 2656 artifex,
1447 2615 1554 2647 dubius
1573 2625 1778 2648 “scamium

951 2699 1104 2712 OOC-”m
1107 2698 1182 2711 ΜΟ

402 2748 514 2781 Satira
540 2754 638 2782 sexta
666 2752 754 2783 Libri
784 2753 882 2793 primi
914 2754 947 2784 in
974 2754 1038 2786 Ed.
1066 2753 1250 2786 Sanam—1
1277 2753 1366 2783 Unus
1390 2751 1485 2783 Harl.
1507 2751 1618 2784 inutile
1642 2752 1772 2791 tignum.
