1930 3242
370 482 454 543 Q.
522 478 971 538 HORATII
1039 475 1421 535 FLACCI

552 654 596 719 S
621 652 765 720 ER
790 652 868 719 M
897 651 959 719 O
988 649 1055 717 N
1085 651 1151 719 U
1178 647 1255 716 M

853 810 952 837 SIVE

622 917 1151 998 'SATIRARUM

629 1152 633 1156 Ι
727 1078 947 1127 LIBER
994 1077 1067 1126 ΙΙ.

726 1360 998 1403 SATIRA
1048 1362 1086 1402 Ι.

174 1469 217 1501 In
237 1458 407 1510 quendam
425 1468 482 1510 qui
498 1467 666 1500 actionem
682 1467 725 1499 de
740 1466 881 1500 famosis
896 1467 1022 1499 libellis
1039 1466 1185 1499 Horatio
1200 1464 1405 1498 intentabat.
1428 1465 1533 1497 Raxt-
1578 1465 1628 1497 Ut

216 1525 376 1554 conatum
395 1530 531 1553 suornm
554 1520 826 1553 obtrectatorum
843 1530 966 1553 vanum
988 1529 1075 1562 esse,
1094 1529 1160 1552 nec
1187 1529 1225 1552 se
1248 1529 1268 1551 a
1291 1518 1411 1551 Satiris
1436 1518 1627 1551 scribendis

208 1573 359 1606 istorum
382 1573 586 1607 clamoribus
613 1578 791 1607 avocatum
809 1575 851 1607 iri
874 1574 1085 1614 ostenderet,
1099 1572 1202 1605 finxit
1226 1573 1314 1604 hunc
1340 1573 1440 1614 longe
1468 1572 1627 1604 suavissi-

216 1636 308 1659 mum
331 1625 647 1670 facetissimumque
669 1627 841 1669 dialogum
867 1626 1032 1659 Horatius
1055 1627 1147 1658 iuter
1168 1625 1332 1665 seipsum
1355 1628 1393 1656 et
1416 1624 1630 1664 Trebatium,

218 1680 328 1712 virum
351 1680 583 1713 doctissimum
600 1684 638 1713 et
656 1680 743 1722 juris
759 1680 869 1712 civilis
888 1679 1145 1721 peritissimum,
1157 1686 1302 1718 eumque
1321 1681 1359 1709 et
1377 1677 1516 1717 ingenio
1528 1681 1564 1708 et
1579 1676 1629 1708 fa-

218 1733 318 1766 cetiis
329 1734 668 1774 excellentissimum,
679 1738 719 1766 ut
732 1743 775 1766 ex
783 1733 974 1774 Ciceronis,
984 1742 1050 1774 quo
1062 1729 1324 1763 familiarissime
1339 1739 1418 1762 usus
1433 1733 1521 1770 erat,
1531 1729 1629 1770 Epis-

218 1786 296 1818 tolis
312 1791 460 1819 constat.
504 1787 589 1819 Cum
603 1787 734 1819 Satiras
747 1796 853 1828 meas,
867 1785 992 1828 inquit,
1002 1786 1057 1817 vel
1070 1784 1170 1816 nimis
1181 1783 1403 1823 acerbas‚vel
1417 1783 1520 1824 plane
1535 1782 1630 1814 leves

179 1830 183 1840 ¹
219 1842 257 1871 et
270 1837 385 1870 futiles
400 1849 474 1871 esse
489 1839 607 1873 dicant
621 1839 774 1872 nonnulli
788 1849 798 1879 ;
822 1838 904 1881 quid
920 1837 1001 1870 mihi
1017 1837 1211 1870 faciendum
1232 1836 1289 1876 sit,
1305 1835 1490 1877 responde.
1512 1835 1628 1866 Tuan.

219 1891 277 1924 Ne
299 1892 427 1924 scribas
443 1902 574 1925 versus.
616 1893 715 1925 Hoa.
740 1893 873 1924 Recte:
904 1895 952 1931 at,
967 1890 1035 1922 nisi
1057 1889 1220 1929 scribam,
1234 1898 1361 1930 capere
1384 1896 1536 1919 somnum
1562 1896 1631 1918 non

219 1954 369 1985 possum.
412 1946 528 1978 Tuan.
550 1946 674 1987 Itaque
690 1949 750 1977 aut
764 1948 884 1977 natatu
899 1942 1134 1982 Tiberim,aut
1149 1942 1276 1983 largius
1293 1941 1357 1973 sub
1368 1945 1506 1973 noctem
1522 1939 1631 1972 bibito

220 2006 349 2030 merum
367 2009 378 2037 ς
400 2002 472 2039 aut,
488 1999 517 2030 si
533 1998 707 2031 scribendi
731 1997 904 2038 cupiditas
927 2001 963 2028 te
984 1995 1159 2035 invaserit,
1174 2004 1229 2027 res
1252 1997 1366 2035 gestas
1380 1992 1527 2034 Augusti
1548 1992 1631 2028 scri.

221 2048 310 2081 bito.
353 2051 451 2083 Hon.
475 2051 609 2083 Audio:
634 2052 694 2083 sed
709 2051 752 2083 ad
768 2052 854 2082 banc
867 2060 938 2082 rem
953 2050 1052 2081 deest
1066 2048 1146 2080 mihi
1161 2047 1348 2090 ingenium.
1391 2048 1507 2079 Tuan.
1530 2046 1630 2079 Atta-

221 2110 300 2133 men
317 2110 394 2134 eum
409 2106 449 2134 ut
465 2103 598 2143 justum
622 2106 659 2134 et
682 2101 806 2133 fortem
830 2106 927 2142 potes
948 2101 1114 2142 scribere,
1129 2099 1413 2143 quemadmodum
1433 2099 1631 2141 Scipionem

222 2153 412 2186 celebravit
436 2155 599 2187 Lucilius.
643 2154 743 2187 HoR.
769 2155 920 2196 Operam
943 2154 1023 2186 huic
1049 2154 1099 2186 rei
1123 2154 1226 2193 dabo,
1250 2163 1328 2185 cum
1350 2153 1514 2194 temporis
1542 2152 1631 2184 ratio

222 2207 343 2238 tulerit
357 2218 365 2238 :
391 2207 519 2250 alioqui
534 2208 692 2240 Carmina
703 2217 780 2239 mea
797 2208 855 2239 ille
870 2217 936 2239 non
951 2208 1058 2248 leget,
1071 2211 1108 2239 et
1122 2216 1176 2238 me
1191 2207 1457 2248 inopportunum
1472 2205 1630 2247 repudia-

221 2259 285 2292 bit.
328 2260 447 2293 Tnna.
470 2262 665 2293 consultius
684 2261 749 2292 boc
771 2262 850 2301 erit,
863 2270 964 2302 quam
978 2260 1098 2292 Satiris
1114 2259 1305 2292 scribendis
1327 2260 1443 2292 odium
1459 2259 1630 2292 bominum

221 2312 258 2344 in
274 2316 308 2345 te
323 2314 487 2347 excitare.
531 2314 628 2347 Hon.
651 2314 719 2346 Sua
733 2314 877 2356 quisque
894 2318 1029 2345 tenetur
1041 2314 1218 2354 voluptate
1232 2324 1241 2345 ι
1266 2318 1303 2345 et
1317 2322 1372 2345 me
1385 2313 1537 2345 delectat
1550 2311 1631 2343 scri-

221 2365 306 2398 bere
322 2376 451 2404 versus,
473 2368 589 2410 quales
612 2367 776 2403 Lucilius,
791 2368 824 2400 b.
836 2377 867 2400 e.
887 2366 1032 2399 Satin-as.
1075 2366 1178 2399 Hunc
1200 2375 1336 2409 sequor,
1352 2375 1545 2408 quanquam
1566 2372 1631 2404 ego

221 2427 288 2451 non
304 2429 377 2453 sum
393 2420 575 2458 Romanus,
600 2424 640 2452 ut
661 2421 733 2457 ille,
751 2419 812 2451 sed
837 2419 909 2451 sive
933 2418 1065 2460 Apulus
1084 2420 1158 2451 sive
1182 2419 1363 2451 Lucanus:
1386 2427 1442 2449 res
1465 2416 1554 2448 enim
1577 2418 1632 2446 est

221 2471 364 2505 incerta.
407 2474 537 2505 Verum
553 2474 643 2506 ultro
666 2473 836 2505 neminem
852 2482 1000 2515 unquam
1015 2472 1149 2514 scriptis
1172 2473 1347 2512 lacessam,
1359 2470 1425 2502 nisi
1438 2467 1631 2507 lacessitus,

226 2524 316 2565 quod
331 2525 424 2557 Deus
439 2530 593 2558 avertat:
616 2536 689 2558 sum
713 2526 802 2557 enim
826 2525 919 2566 pacis
943 2525 1102 2567 cupidus.
1147 2524 1251 2558 Quod
1272 2523 1300 2555 si
1315 2531 1396 2554 vero
1412 2521 1486 2563 quis
1510 2529 1566 2551 me
1581 2520 1629 2551 la·

227 2577 407 2616 cessierit;
438 2579 466 2609 is
493 2579 583 2611 male
609 2579 775 2611 mulcatus
804 2578 972 2610 discedet.
1016 2578 1106 2610 Nam
1129 2586 1206 2609 cum
1237 2585 1274 2607 se
1298 2575 1440 2616 quisque
1466 2572 1632 2605 defendat

229 2629 331 2660 armis
356 2629 411 2669 iis,
425 2631 547 2672 quibus
565 2633 711 2664 maxime
726 2632 840 2670 valet3
865 2641 942 2673 ego,
962 2638 1184 2671 quaecumque
1199 2628 1280 2659 vitae
1301 2636 1388 2658 meae
1411 2625 1562 2658 conditio
1577 2623 1630 2656 fu-

228 2685 306 2712 tura
319 2686 384 2718 est,
395 2682 546 2715 versibus
558 2685 731 2726 pugnabo.
773 2685 889 2716 Tium.
914 2684 946 2716 0
961 2691 1059 2724 puer,
1073 2686 1200 2717 metuo,
1215 2689 1258 2712 ne
1270 2680 1331 2720 ita,
1346 2679 1458 2721 magni
1470 2678 1533 2710 viri
1547 2677 1630 2709 ami-

229 2733 311 2765 citia
338 2734 476 2774 amissa,
490 2745 552 2776 pro
575 2738 780 2778 aegritudine
806 2737 902 2769 brevi
930 2744 1062 2777 pereas.
1107 2734 1206 2766 Hoa.
1228 2732 1276 2765 At
1300 2732 1419 2773 procul
1445 2729 1570 2770 abfuit,
1590 2735 1630 2762 ut

231 2786 355 2818 Laelius
377 2790 414 2818 et
428 2787 544 2828 Scipio
565 2789 683 2823 Satiris
710 2790 844 2831 Lucilii,
862 2789 982 2832 quibus
1003 2793 1040 2821 et
1062 2795 1242 2829 procerum
1257 2790 1294 2818 et
1307 2783 1533 2818 multitudinis
1548 2782 1630 2815 vitia

300 2850 417 2890 Delph.
428 2853 458 2881 et
476 2850 552 2883 Vur.
563 2851 647 2885 Clas.
883 2852 1001 2884 Horat.
1169 2860 1175 2862 “
1463 2851 1483 2879 3
1506 2847 1544 2878 Μ
