1890 3256
639 282 915 332 sffnmouum
950 297 1045 331 ms.
1077 300 1131 331 ιι.
1158 291 1203 331 5.

1532 255 1644 334 1009

195 395 463 450 Responde:
494 395 656 450 quibus
677 395 868 436 amissas
889 391 1090 449 reparare
1107 406 1267 448 queam
1285 407 1354 436 res

192 461 376 504 Artibus
396 465 530 516 atque
547 459 707 502 modis.

767 460 891 512 Quid
911 460 1027 503 rides
1041 461 1062 503 ’ἱ
1112 459 1149 510 {f
1164 456 1323 503 Iamne
1341 460 1499 503 doloso

192 528 300 571 Non
321 530 433 571 satis
452 532 521 570 est
541 527 742 569 Ithacam
765 529 930 580 revehi,
951 529 1211 583 patriosque
1230 532 1413 583 penates

191 594 436 650 Aspicere'l
494 593 532 644 ΊῘ
549 593 590 635 Ο
611 594 721 636 nulli
742 595 982 650 quicquam
1002 597 1198 645 mentite,
1218 595 1345 638 'vides
1365 599 1414 637 ut
1614 596 1643 637 5

191 661 358 704 Nudus
376 663 594 716 inopsque
611 661 787 704 domum
808 663 1000 714 redeam,
1019 666 1064 705 te
1084 667 1202 714 vate,
1217 675 1360 718 neque
1379 663 1471 705 illic

188 726 287 771 Aut
306 729 527 784 apotheca
546 729 698 784 procis
716 730 882 772 intacta
903 734 988 781 est,
1007 735 1088 772 aut
1107 743 1249 785 pecus
1268 743 1278 770 :
1309 731 1435 784 atqui

185 847 244 883 bn·
255 851 288 879 et
299 847 421 880 artibus
433 847 586 880 resarcire
602 848 720 889 possim
732 848 909 886 facultates
918 847 1071 889 perditas.
1109 849 1216 884 Quare
1229 848 1333 880 rides?
1375 848 1498 879 Tuuss.
1513 847 1642 887 Ergone

185 890 246 922 tibi
255 893 380 922 vermo
392 901 454 922 non
470 890 583 932 sufficit
609 891 753 921 Ithacam
773 893 910 931 repetere
929 899 967 921 ac
991 890 1125 922 revisere
1139 891 1262 921 domum
1283 893 1469 931 paternum?
1511 890 1641 922 Unus.

189 932 221 963 0
234 932 350 964 nmini
364 932 455 970 salsa
472 934 585 969 locate,
598 932 701 964 cernis
713 933 967 972 quemadmodum
980 932 1132 972 spoliatus
1146 936 1179 964 et
1192 941 1286 972 egens
1299 936 1442 964 revertar
1455 932 1490 964 in
1501 932 1642 973 patriam

184 983 227 1006 ea·
249 974 315 1007 tuis
335 975 486 1007 oraculis.-
507 985 563 1007 nec
585 974 632 1006 ibi
653 975 742 1016 proci
759 978 964 1016 pepercerunt
982 975 1069 1007 cellis
1090 979 1146 1007 aut
1169 975 1333 1016 gregibus.
1384 975 1580 1007 meem’m
1609 977 1641 1006 et

793 1067 1034 1083 oemulmb

184 1133 320 1165 Heinsii
337 1137 374 1165 et
395 1133 473 1166 cod.
497 1133 658 1165 Petrens.
683 1143 703 1164 a
721 1143 765 1165 ιιι.

181 1177 296 1207 doloso.

809 1144 835 1166 r.
851 1135 954 1166 dolose
964 1145 978 1173 ;
1000 1134 1059 1166 sed
1076 1134 1132 1166 alii
1151 1143 1268 1166 omnes
1284 1134 1385 1166 codd.
1407 1137 1443 1166 et
1458 1133 1536 1166 edd.
1554 1138 1639 1166 vett.

339 1176 535 1208 Bentleium
549 1175 659 1208 secuti
680 1176 771 1208 Sana
798 1199 806 1207 .
829 1177 980 1214 Francis,
1003 1175 1137 1208 Wakef.
1161 1181 1199 1208 et
1223 1177 1396 1209 Kidd.-—·6
1418 1177 1516 1210 Harl.
1533 1180 1566 1209 2.
1587 1186 1642 1208 nec

840 1236 983 1294 Nom:

181 1324 352 1356 sarciendi
381 1335 458 1356 suas
488 1334 542 1357 res
579 1323 736 1358 afflictas.
781 1326 885 1358 Unde

181 1379 235 1406 est
262 1375 395 1406 initium
420 1374 505 1406 illud
529 1374 601 1407 Hoc
627 1385 755 1417 qnoque,
786 1377 882 1419 velut

180 1425 393 1458 continuatio
422 1426 587 1457 sermonis
612 1436 712 1467 quem
738 1426 880 1468 Ulysses

178 1475 283 1508 habet
298 1476 476 1508 consulens
491 1474 659 1507 Tiresiam
675 1475 720 1507 de
741 1485 803 1508 suo
828 1486 880 1507 re·

179 1525 268 1563 ditu,
290 1526 381 1566 apud
399 1525 540 1557 Homer.
563 1525 694 1566 Odyss.
719 1529 757 1556 Λ.
799 1526 879 1566 Vel,

178 1576 208 1608 si
223 1576 342 1615 mavis,
354 1575 455 1617 fingit
473 1575 635 1607 Horatius
654 1576 810 1618 Ulyssem
836 1576 879 1608 ad

178 1624 314 1658 Inferos
330 1635 504 1658 reversum
519 1631 596 1667 post
609 1627 732 1657 amissa
742 1627 880 1658 naufra-

179 1676 235 1716 gio
247 1675 556 1717 bona,rursumque
567 1685 587 1707 a
599 1676 729 1708 Tiresia
739 1686 880 1716 respon-

178 1736 216 1758 sa
231 1726 437 1766 perscrutari
453 1726 497 1758 de
510 1726 709 1767 reparandis
724 1727 859 1768 opibus.

223 1775 364 1817 Tiresia]
387 1776 571 1808 Thebanus
589 1776 646 1807 ille
668 1780 764 1808 vates
788 1776 882 1816 apud

175 1825 314 1858 Inferos
337 1826 440 1858 etiam
469 1826 635 1867 gratiosus
660 1826 880 1867 Proserpina!

175 1874 263 1908 fuit:
294 1883 371 1917 quae
400 1875 450 1907 illi
477 1880 612 1906 mortuo
642 1879 792 1907 mentem
823 1874 879 1906 fir-

175 1935 265 1958 mam
281 1935 320 1957 ae
337 1926 528 1966 sapientem
545 1925 607 1957 soli
625 1925 786 1957 tribuisse
798 1925 882 1957 dici-

175 1981 247 2014 tur,
263 1976 390 2018 Odyss.
408 1980 447 2008 K.
471 1975 534 2007 sub
549 1975 651 2008 finem
670 1987 678 2006 :
703 1975 762 2007 ubi
777 1975 878 2008 Circe

177 2025 294 2066 Ulyssi
317 2024 504 2066 persuadet
527 2033 568 2057 ut
590 2025 633 2056 ad
657 2024 791 2057 Inferos
818 2025 877 2057 de-

178 2074 324 2106 scendat
338 2074 507 2105 Tiresiam
522 2076 753 2107 consulturus.
796 2076 879 2116 Ejus

177 2124 334 2156 meminit
346 2124 420 2155 Cic.
435 2133 460 2155 1.
477 2123 520 2155 de
536 2124 651 2155 Divin.
663 2134 696 2155 ιι.
706 2127 762 2157 88.
775 2125 879 2156 Tuae.

177 2182 213 2205 v.
229 2176 349 2205 2115.
365 2173 409 2204 de
424 2173 507 2205 Nat.
525 2173 573 2204 D.
588 2182 632 2205 ιι.
649 2182 682 2204 ιι.
696 2176 729 2205 7.

218 2226 240 2256 2
262 2223 407 2256 Amissae
422 2223 488 2264 res]
509 2224 656 2255 Tiresias
670 2225 759 2256 enim
776 2225 880 2266 Ulys-

175 2273 205 2305 si
221 2274 428 2315 praedixerat
444 2274 590 2305 reditum
617 2274 648 2305 in
678 2275 834 2314 patriam,
850 2275 878 2306 si

174 2323 276 2354 modo
289 2323 364 2363 ipse
378 2333 418 2354 ac
442 2323 525 2355 socii
549 2333 616 2354 non
638 2323 807 2356 violarent
822 2324 878 2356 bo-

174 2382 236 2405 ves
249 2373 337 2405 Solis
352 2373 385 2405 in
401 2373 519 2405 Sicilia
531 2378 724 2414 pascentes.
746 2374 876 2405 Verum

174 2421 223 2454 illi
238 2423 362 2465 Ulysse
383 2423 572 2455 dormiente
588 2428 757 2456 mactatos
773 2423 878 2455 devo·

174 2478 306 2507 rai-unt.
351 2475 466 2508 Quare
490 2474 672 2516 naufragio
698 2475 876 2516 perierunt

175 2523 424 2562 consedet-ath
455 2525 596 2565 Ulysses
620 2529 736 2556 autem
765 2525 874 2556 nudus

175 2571 234 2603 vix
248 2571 413 2604 enatavit.

219 2623 239 2652 3
260 2621 375 2652 Jamne
402 2621 522 2663 doloso]
552 2623 700 2655 Videtur
727 2623 874 2656 Tiresias

175 2671 290 2712 Ulyssi
318 2671 528 2712 exprobrare
554 2674 682 2706 crimen
707 2674 874 2707 sociorum

174 2721 228 2752 vel
255 2720 372 2752 dolose
399 2721 610 2763 permissum,
629 2724 682 2755 vel
707 2734 774 2756 non
791 2723 873 2756 satis

175 2770 359 2811 diligenter
374 2770 418 2802 ab
433 2780 473 2802 eo
489 2770 704 2812 impeditum.

217 2823 238 2852 4
262 2821 336 2853 Non
346 2820 424 2852 satis
434 2824 479 2852 est
493 2821 633 2853 Ithacum
643 2823 760 2866 revehi]
771 2823 870 2858 Quod

287 2873 448 2914 θάψαι
468 2873 639 2907 vainans.

877 2875 995 2908 Horat.

936 1327 1119 1359 maximnm
1146 1331 1236 1366 erat,
1265 1331 1301 1359 et
1328 1327 1364 1358 in
1391 1326 1481 1359 votis
1506 1326 1640 1367 Ulyssis

936 1377 1162 1417 praecipuum.
1187 1377 1262 1408 Cic.
1277 1376 1321 1408 de
1336 1377 1438 1409 Orat.
1451 1385 1476 1408 ι.
1496 1377 1507 1393 ‘
1520 1376 1642 1408 Patria

936 1434 996 1457 nos
1023 1425 1194 1458 delectat:
1219 1426 1358 1467 ejusque
1387 1426 1437 1458 rei
1463 1429 1561 1457 tanta
1588 1426 1640 1457 vis

934 1479 1000 1515 est,
1023 1479 1061 1506 ut
1085 1475 1239 1507 Ithacam
1262 1475 1356 1507 illam
1380 1476 1414 1507 in
1440 1474 1639 1516 asperrimis

934 1524 1063 1556 saxulis
1087 1530 1250 1566 tanquam
1271 1525 1426 1556 nidulum
1442 1523 1577 1556 affixam
1589 1534 1641 1556 sa·

934 1573 1168 1614 pientissimus
1193 1574 1245 1605 vir
1267 1573 1519 1606 immortalitati
1541 1578 1639 1606 ante-

934 1623 1103 1664 poneret.’

978 1673 1138 1714 Ithacam]
1159 1673 1249 1705 Haec
1279 1673 1391 1704 insula
1417 1673 1521 1705 maris
1548 1673 1638 1704 Ionii

934 1723 1012 1754 hod.
1056 1724 1115 1755 Val
1129 1723 1163 1755 di
1180 1725 1342 1764 Compare,
1362 1723 1451 1754 inter
1468 1722 1637 1763 Cephale-

935 1773 1026 1805 niam
1043 1773 1084 1805 ad
1101 1783 1257 1805 occasum
1273 1778 1309 1805 et
1322 1772 1518 1805 Echinadas
1528 1773 1570 1804 ad
1582 1782 1637 1804 or-

936 1829 1008 1857 tum
1022 1835 1032 1863 ;
1054 1824 1185 1866 Ulyssis
1201 1824 1313 1864 patria
1326 1822 1404 1855 fuit.

978 1878 999 1907 6
1024 1875 1066 1907 Te
1079 1874 1164 1915 vate]
1187 1873 1314 1915 Odyss.
1341 1877 1380 1904 A.
1406 1873 1466 1905 cit.
1488 1873 1636 1904 reditum

934 1923 1009 1958 fore
1022 1924 1194 1957 difficilem
1206 1923 1459 1966 praennntiarat
1467 1923 1635 1954 Tiresias:

933 1979 970 2007 at
998 1975 1088 2007 mala
1108 1974 1262 2015 quamvis
1286 1974 1459 2014 patientes
1480 1972 1635 2004 Ithacam

932 2028 1171 2067 perventuros,
1196 2024 1296 2056 modo
1325 2033 1422 2055 suum
1435 2023 1575 2064 Ulysses
1595 2032 1635 2054 ae

932 2074 1099 2107 sociorum
1111 2075 1257 2106 animum
1267 2073 1457 2112 coerceret,
1468 2073 1635 2115 illaesique

933 2125 1218 2164 permitterentur
1255 2123 1359 2155 boves
1387 2123 1486 2154 Solis.
1531 2122 1633 2155 Quod

932 2173 996 2204 nisi
1013 2179 1161 2211 caveret,
1174 2174 1285 2205 navim
1300 2182 1340 2204 ac
1351 2172 1462 2204 socios
1475 2172 1633 2204 interitu-

933 2233 1004 2263 i·os;
1026 2224 1137 2265 ipsum
1169 2233 1252 2256 vero
1279 2223 1516 2255 calamitosum
1546 2221 1634 2263 fore,

932 2272 1093 2315 domique
1115 2278 1332 2314 reperturum
1354 2272 1520 2314 superbos
1540 2272 1632 2303 viros

931 2322 1038 2364 ipsius
1054 2323 1183 2355 victum
1197 2323 1428 2354 absumentes.

973 2375 993 2404 7
1015 2373 1192 2414 Apotheca]
1216 2370 1510 2411 Reconditorium,
1537 2370 1631 2401 locus

930 2422 965 2453 in
981 2432 1047 2465 quo
1073 2423 1250 2464 reponitur
1272 2421 1307 2453 id
1329 2429 1427 2452 omne
1444 2419 1534 2460 quod
1552 2427 1630 2459 per-

930 2472 1019 2504 tinet
1045 2472 1088 2504 ad
1114 2473 1255 2512 victum,
1279 2480 1339 2502 seu
1362 2468 1489 2509 fruges,
1504 2477 1564 2499 seu
1581 2467 1630 2498 vi-

928 2531 1022 2562 num,
1037 2524 1102 2554 διο.

971 2571 1039 2603 Aut
1059 2572 1166 2612 pecus]
1192 2570 1318 2611 Odyss.
1345 2574 1382 2601 Α.
1406 2568 1502 2610 proci
1517 2568 1629 2600 Pene-

927 2623 1017 2663 lopae
1034 2621 1197 2652 dicuntur
1212 2620 1291 2652 cibo
1313 2619 1405 2651 vesci
1422 2618 1553 2657 alieno;
1577 2623 1628 2649 at-

929 2681 995 2714 que
1011 2670 1055 2703 ad
1069 2669 1275 2712 epulandum
1297 2673 1447 2700 mactant
1470 2668 1575 2699 boves
1591 2673 1628 2700 et

929 2731 1011 2753 oves
1024 2720 1177 2762 Ulyssis:
1193 2719 1282 2762 quod
1295 2724 1330 2752 et
1341 2719 1498 2751 Minerva
1513 2718 1626 2760 queri·

931 2777 997 2803 tur.

1474 2873 1538 2903 88
