1956 3236
461 271 545 312 862
925 283 967 319 Q.
998 280 1201 310 nonA'ru
1234 279 1405 309 rnacm

460 372 686 425 Virgilius,
705 372 934 424 posthunc
953 370 1130 418 Varius,
1146 370 1294 411 dixere
1314 372 1420 424 quid
1441 385 1596 413 essem.
1817 378 1874 417 55

461 438 521 478 Ut
542 438 638 479 veni
658 450 827 487 coram3
858 435 1079 486 singultim
1099 449 1242 487 pauca
1260 437 1452 487 locutus,

457 503 631 558 (Infans
649 513 835 553 namque
857 499 998 552 pudor
1018 501 1286 552 prohibebat·
1297 503 1417 554 plura
1435 502 1635 556 profari‚)

462 569 563 609 Non
583 580 662 618 ego
683 579 752 606 me
772 566 889 606 claro
908 569 1055 606 natum
1075 570 1209 619 patre,
1229 581 1308 608 non
1326 581 1405 621 ego
1425 570 1583 610 circum

460 634 535 674 Me
557 633 814 672 Satureiano
833 633 1000 673 vectari
1020 645 1118 673 rura
1139 634 1323 684 caballo,

460 698 560 746 Sed,
580 697 698 750 quod
720 710 851 746 eram,
873 710 1000 738 narro
1017 711 1025 735 :
1055 699 1310 751 respondes,
1331 704 1377 741 ut
1395 705 1494 742 tuus
1515 705 1585 742 est
1603 714 1714 750 mos,
1817 700 1874 742 60

459 765 632 803 Pauca:
658 763 791 814 abe03
819 767 862 804 et
880 776 1060 804 revocas
1079 777 1192 805 nono
1212 771 1317 819 post
1335 779 1492 816 mense,
1515 768 1736 820 jubesque

457 828 569 868 Esse
589 829 634 868 in
654 829 889 869 amicorum
909 842 1100 870 numero.
1162 830 1366 883 Magnum
1386 833 1466 873 hoc
1487 846 1568 885 ego
1590 833 1716 882 duco,

456 892 586 943 Quod
604 893 748 946 placui
767 894 859 942 tibi,
884 894 958 946 qui
977 895 1091 946 turpi
1111 896 1302 935 secernis
1320 896 1563 946 honestum,

455 959 556 1000 Non
576 962 697 1012 patre
717 959 943 1011 praeclaro,
962 959 1038 999 sed
1062 961 1150 1000 vita
1172 966 1217 1000 et
1236 967 1414 1014 pectore
1441 974 1565 1014 puro.

455 1025 592 1077 Atqui
613 1026 650 1065 si
670 1024 789 1065 vitiis
810 1025 1099 1068 mediocribus
1121 1038 1172 1066 ac
1193 1039 1286 1066 mea
1306 1027 1459 1078 paucis
1815 1029 1873 1070 65

454 1090 667 1132 Mendosa
685 1094 753 1130 est
770 1094 935 1138 natura,
955 1091 1118 1143 alioqui
1137 1096 1281 1142 recta3
1310 1091 1448 1145 (velut
1466 1092 1504 1132 si

449 1228 581 1258 eximius
601 1229 701 1267 primo
720 1227 885 1266 Virgilius,
906 1237 942 1258 ac
961 1228 1070 1258 deinde
1097 1228 1210 1259 Varius
1232 1231 1435 1259 narraverunt
1455 1229 1524 1268 quis
1548 1238 1653 1260 ensem.
1699 1229 1778 1260 Cum
1801 1238 1871 1260 vero

449 1270 524 1300 steti
545 1279 647 1300 coram
666 1273 706 1308 te,
722 1270 840 1300 modica
856 1269 925 1300 dixi
943 1270 1127 1308 interruptis
1147 1269 1247 1300 verbis
1260 1280 1270 1300 :
1292 1279 1362 1300 nam
1385 1271 1565 1301 verecundia
1583 1271 1716 1310 elinguis
1734 1271 1815 1301 hana
1828 1271 1870 1301 εἰ·

450 1311 539 1341 nebat
561 1312 649 1350 plura
673 1311 773 1351 loqui.-
800 1320 859 1341 non
881 1320 927 1342 me
947 1311 1078 1341 illustris
1098 1312 1237 1350 parentis
1247 1311 1366 1352 filium,
1391 1321 1448 1342 non
1471 1322 1546 1352 equo
1566 1322 1613 1342 me
1635 1321 1780 1351 generoso
1802 1311 1870 1342 vehi

447 1353 531 1382 circa
543 1361 623 1382 meos
635 1362 739 1390 agros,
755 1353 809 1382 sed
822 1353 900 1391 quod
920 1362 1016 1390 eram,
1038 1353 1276 1382 commemoravi.
1314 1353 1359 1382 Tu
1379 1362 1488 1392 pauca,
1507 1356 1543 1383 ut
1561 1355 1650 1392 soles,
1674 1353 1870 1392 respondisti.

448 1393 601 1422 Discedo:
623 1402 727 1431 meque
746 1396 815 1431 post
838 1402 943 1422 novem
966 1402 1078 1423 menses
1094 1394 1242 1423 accersis:
1264 1393 1462 1433 praecipisque
1486 1403 1548 1424 esse
1567 1394 1650 1425 inter
1664 1396 1776 1425 amicos
1789 1398 1868 1425 tuoe.
1911 1427 1914 1430 ⁴

448 1434 532 1464 Illud
545 1443 601 1472 ego
615 1434 719 1471 magni
732 1434 819 1471 facio
833 1435 910 1472 quod
922 1433 1023 1473 placui
1037 1433 1095 1463 tibi
1110 1434 1160 1473 qui
1171 1443 1299 1473 pravum
1314 1443 1332 1463 a
1347 1437 1426 1464 recto
1441 1435 1618 1473 distinguis.
1634 1445 1692 1465 non
1710 1445 1765 1474 per
1783 1435 1869 1465 nobi-

448 1476 506 1505 lem
520 1478 649 1514 patrem,
663 1476 716 1504 sed
736 1484 790 1514 per
803 1484 901 1505 mores
913 1478 943 1504 et
957 1475 1090 1505 animum
1105 1476 1300 1505 innocentem.
1344 1475 1454 1506 Verum
1465 1477 1494 1506 si
1511 1485 1575 1508 mea
1590 1477 1704 1507 indoles
1717 1476 1821 1516 parvis
1833 1486 1869 1506 ac

444 1517 553 1556 paucis
566 1516 661 1547 naevis
674 1517 824 1546 maculata
838 1519 883 1546 est
895 1517 933 1546 de
947 1519 1045 1547 cetero
1060 1516 1152 1556 proba
1160 1526 1172 1552 ‚·
1194 1515 1456 1556 (quemadmodum
1468 1517 1496 1548 si
1510 1518 1641 1548 maculas
1655 1518 1791 1556 formoso
1805 1527 1869 1548 cor·

1031 1620 1267 1632 oemnncoe

448 1701 555 1733 neque
572 1692 722 1723 sentiunt
736 1691 818 1722 illud
833 1692 909 1723 mihi
924 1696 955 1723 te
970 1701 1067 1732 quam
1088 1692 1207 1723 inseite
1228 1697 1263 1723 et
1286 1693 1406 1724 stolide
1429 1693 1482 1724 hic
1503 1693 1630 1725 dietum
1651 1694 1706 1732 sit,
1730 1698 1768 1725 ut
1789 1695 1869 1727 nihil

448 1734 565 1775 magis.
610 1733 699 1766 Quid
716 1734 828 1764 enim?
871 1734 924 1764 An
942 1739 1082 1773 patrono
1105 1738 1140 1764 et
1163 1743 1242 1773 rege
1265 1744 1324 1765 suo
1347 1735 1547 1770 Maecenaie,
1571 1737 1621 1765 cui
1647 1736 1760 1771 vitam,
1776 1746 1870 1777 opes,

447 1775 558 1806 omnia
573 1775 699 1811 debuit,
721 1776 880 1814 majorem
904 1775 959 1805 hic
983 1784 1018 1805 se
1040 1776 1128 1814 gerit
1150 1776 1317 1806 coactoris
1342 1776 1489 1807 Graeculi
1505 1777 1612 1807 filius?
1654 1777 1727 1808 Tibi
1744 1786 1832 1814 vero,
1848 1787 1868 1809 ο

446 1823 572 1852 noster,
588 1817 811 1847 Maecenatem
827 1815 894 1846 fors
910 1817 1096 1847 obtulerit?
1119 1817 1206 1855 quod
1223 1817 1320 1847 sodes
1335 1827 1375 1847 ex
1392 1825 1426 1847 te
1443 1818 1577 1848 verbum
1594 1817 1716 1848 audio?
1759 1818 1866 1850 Immo

447 1863 480 1887 te
496 1857 694 1887 Maecenati:
719 1858 782 1887 nisi
798 1857 942 1887 omnium
960 1862 1186 1897 quotcumque
1203 1857 1351 1896 fuerunt,
1374 1863 1463 1894 sunt,
1487 1863 1638 1893 eruntve.
1658 1857 1866 1892 Suffenomm

448 1899 573 1938 primus
589 1907 635 1928 es.
679 1898 781 1928 Certe
797 1899 844 1928 sic
860 1898 939 1928 alibi
956 1898 1100 1934 solebas,
1122 1902 1159 1927 ut
1182 1907 1205 1928 1.
1219 1899 1290 1929 Sat.
1305 1901 1334 1928 3.
1350 1901 1403 1929 64.
1425 1901 1434 1916 ⁸
1449 1899 1638 1938 Simplicior
1655 1901 1730 1940 quis
1744 1906 1779 1932 et
1796 1902 1870 1932 est?

446 1939 575 1980 qualem
591 1949 643 1968 me
657 1948 746 1978 saepe
770 1938 911 1968 libenter
931 1938 1123 1968 Obtulerim
1140 1938 1212 1976 tibi,
1228 1939 1424 1971 Maecenas!
1469 1941 1574 1971 Recte
1590 1942 1652 1972 hoc
1668 1941 1816 1981 quidem,
1830 1948 1866 1974 et

446 1980 655 2011 verecunde:
680 1985 715 2009 et
731 1980 815 2009 bene
832 1979 969 2017 factum,
993 1979 1079 2019 quod
1097 1983 1163 2009 tam
1180 1986 1309 2019 turpem
1326 1981 1489 2012 maculam
1505 1980 1664 2021 effugisti.
1706 1982 1762 2013 Sic
1778 1984 1867 2015 enim

445 2027 481 2053 et
496 2023 557 2052 hoc
573 2022 606 2051 in
622 2022 695 2052 loco
711 2021 819 2051 nullus
835 2020 1037 2058 dubitabam,
1053 2020 1132 2060 quin
1148 2021 1196 2051 sie
1212 2031 1230 2051 a
1246 2022 1410 2061 principio
1426 2022 1547 2054 fuerit:
1575 2023 1669 2053 Nulla
1682 2024 1793 2055 etenim
1809 2026 1867 2056 tibi

444 2074 490 2094 me
504 2063 575 2101 fors
589 2063 710 2093 obtulit.
742 2061 856 2101 Atque
871 2063 918 2092 sic
937 2066 1053 2101 postea
1068 2062 1228 2092 latentem
1244 2062 1329 2093 lianc
1346 2063 1523 2095 lectionem
1539 2063 1702 2104 deprendi
1718 2066 1750 2096 in
1764 2066 1866 2097 Scho-

443 2105 541 2135 liaste
557 2105 760 2144 Cruquiano,
787 2104 860 2133 loco
886 2104 986 2143 paulo
1003 2108 1079 2133 ante
1104 2102 1256 2134 laudato:
1280 2105 1290 2120 ‘
1305 2104 1388 2135 Cum
1405 2105 1493 2135 nulla
1507 2105 1588 2140 fors,
1603 2105 1720 2146 inquit,
1733 2116 1785 2138 me
1802 2109 1865 2139 tilii

445 2147 619 2183 obtulerit,
631 2145 689 2176 sed
705 2145 882 2175 amicorum
899 2144 1166 2175 commendatio!
1209 2145 1364 2185 Denique
1380 2146 1425 2176 ita
1439 2147 1527 2177 clare
1543 2150 1660 2178 extare
1676 2147 1743 2179 vidi
1759 2149 1792 2180 in
1809 2159 1865 2180 co-

443 2188 518 2219 dice
534 2187 772 2226 manuscripto,
788 2196 885 2226 quem
902 2195 1008 2225 nuper
1023 2186 1108 2216 adeo
1124 2185 1343 2216 Bibliotheeae
1367 2187 1506 2227 Collegii
1529 2189 1633 2218 nostri
1658 2188 1796 2220 donavit
1813 2191 1864 2219 vir

444 2230 562 2268 insigni
580 2229 769 2259 eruditione
786 2234 821 2258 et
836 2228 1042 2258 humanitate
1055 2228 1196 2258 Thomas
1214 2227 1315 2258 Rud.'
1334 2228 1437 2259 Bentl.
1482 2231 1491 2246 ‘
1509 2229 1694 2268 Superbum
1710 2234 1797 2260 esset
1813 2230 1862 2260 di-

444 2280 522 2302 cere
538 2270 612 2302 mihi
627 2273 668 2307 te,
679 2270 705 2300 si
718 2269 787 2300 fors
804 2269 899 2299 nobis
911 2268 1048 2299 offerret
1060 2273 1190 2299 tantum
1204 2268 1386 2308 mancipia;
1401 2269 1458 2299 sed
1472 2268 1571 2300 offert
1582 2269 1682 2300 etiam
1694 2275 1863 2309 patronos.

444 2312 549 2352 AEque
565 2312 738 2342 calumniae
756 2316 993 2350 opportunum,
1009 2317 1043 2341 et
1060 2310 1162 2348 magis
1176 2309 1264 2340 forte
1279 2314 1332 2340 est
1347 2310 1405 2340 tibi
1420 2320 1481 2340 me:
1506 2311 1596 2350 quasi
1613 2319 1691 2341 vero
1706 2320 1860 2350 magnum

443 2363 562 2384 munus
583 2352 727 2383 fortunae
751 2357 840 2383 esset
861 2353 1018 2382 obesulus
1041 2351 1140 2391 poeta
1161 2350 1292 2381 oblatus
1313 2350 1470 2381 divinitus
1493 2350 1697 2382 Maecenati)
1721 2352 1861 2383 Germ.—

442 2398 483 2426 55
512 2395 610 2426 Varus
635 2394 732 2426 Gott.
761 2394 848 2425 Han.
874 2394 1027 2424 auh—66
1049 2393 1145 2424 Harl.
1162 2395 1192 2423 3.
1207 2395 1238 2423 6.
1265 2395 1299 2423 et
1323 2393 1400 2423 Vet.
1427 2392 1543 2423 Comb.
1566 2393 1699 2432 alioquin
1721 2397 1860 2426 recta.—

1078 2497 1216 2529 NOTAE

483 2565 522 2592 55
550 2560 678 2600 Varius]
700 2561 755 2592 De
771 2569 811 2591 eo
827 2560 897 2592 Sat.
915 2559 1061 2601 proeced.
1081 2561 1122 2590 al.
1174 2560 1402 2600 Satyreum‚v.
1420 2559 1661 2596 Satur0;110die
1677 2560 1768 2592 vicus
1783 2562 1858 2593 hor-

445 2612 551 2642 ναι-ω.
572 2611 627 2642 De
644 2610 808 2643 Quintilio
823 2611 914 2641 Varo
930 2619 954 2641 1.
971 2610 1040 2642 Od.
1058 2612 1108 2641 18.
1177 2608 1218 2640 tis
1245 2618 1403 2647 amoenus,
1425 2609 1501 2639 olim
1526 2609 1685 2649 oppidum
1710 2610 1742 2640 ln
1762 2610 1858 2642 Cala-

483 2663 524 2690 59
546 2659 743 2699 Satureiano]
767 2660 795 2690 E
819 2659 1024 2690 Satureianis
1049 2668 1124 2698 pas·
1174 2658 1258 2696 bria,
1273 2667 1314 2688 ex
1329 2658 1463 2695 Servi0;
1478 2657 1659 2690 secundum
1671 2657 1751 2690 allos
1766 2659 1856 2700 regio

440 2708 525 2746 cuis,
555 2708 610 2738 ubi
636 2709 711 2748 equi
738 2708 971 2739 nutriebantur
992 2706 1121 2747 optimi.
1173 2707 1317 2738 Tarento
1333 2707 1453 2737 vicina.

438 2756 594 2789 Saturum
623 2757 677 2787 vel
710 2756 898 2793 Satureum,
927 2755 1141 2797 quibusdum¹
