1904 3256
413 283 497 324 708
875 298 916 335 Q.
947 293 1152 325 uonArn
1185 292 1358 323 rnAccr

415 386 568 428 Cetera
587 387 711 428 mitte
732 387 877 439 loqui:
910 386 1031 426 Deus
1050 386 1144 426 haec
1164 386 1353 427 fortasse
1372 386 1555 439 benigna

471 453 670 493 Reducet
689 454 731 493 in
752 452 897 492 sedem
919 451 1026 492 vice.
1085 450 1216 493 Nunc
1234 455 1277 492 et
1296 451 1576 494 Achaemenio

413 515 623 559 Perfundi
641 517 773 558 nardo
786 516 925 570 juvat,
945 519 988 557 et
1005 517 1091 558 fide
1114 516 1317 570 Cyllenea

469 584 632 624 Levare
653 582 758 622 diris
777 586 958 634 pectora
977 583 1327 624 solicitudinibus
1343 596 1354 635 3

412 649 585 691 Nobilis
605 651 651 688 ut
670 647 822 700 grandi
842 648 998 688 cecinit
1017 647 1263 690 Centaurus
1284 650 1458 690 alumno
1475 662 1484 690 t

468 714 636 755 Invicte
657 713 863 763 mortalis,
885 713 983 755 Dea
1002 717 1104 755 nate
1126 727 1233 768 puer
1252 714 1457 763 Thetide,

1772 582 1826 622 10

411 842 461 871 Ea
477 842 583 878 forsan
601 841 688 871 Deus
703 841 846 872 restituet
868 840 902 872 in
919 841 1085 881 pristinum
1105 844 1230 880 statum,
1249 841 1415 871 mutatione
1431 840 1574 880 propitia.
1616 839 1689 869 Jam
1705 837 1828 878 expedit

410 883 488 921 ungi
506 883 601 913 nardo
622 883 771 919 Persica;
794 886 825 913 et
846 892 936 913 curas
961 884 1101 913 molestas
1120 892 1160 913 ex
1185 882 1284 913 animo
1303 883 1415 922 pellere
1434 882 1554 912 chordis
1570 879 1730 911 Mercurii.
1774 878 1829 909 Sis.-

410 925 540 955 illustris
556 925 729 955 Centaurus
738 924 915 955 admonebat
928 925 1080 955 alumnum
1091 933 1290 962 generosum:
1307 924 1365 955 Vir
1371 922 1593 963 insuperabilis,
1599 921 1654 962 fili
1664 921 1740 953 Deoe
1753 919 1830 951 The-

1004 1027 1238 1040 OMOOWOO

411 1100 525 1139 tasse,’
535 1100 544 1114 '
559 1103 621 1131 ὅτε.
636 1101 1008 1133 Bentl.—8Achoemenia
1023 1102 1117 1134 Harl.
1127 1104 1159 1132 2.
1173 1102 1323 1134 Florent.
1337 1103 1429 1132 1482.
1445 1100 1671 1131 Vena-1486.
1688 1096 1827 1128 Mediol.

411 1143 505 1174 1502.
526 1141 604 1173 Ald.
630 1143 745 1174 Larnb.
770 1143 871 1184 Crnq.
899 1144 1053 1175 Torrent.
1081 1143 1200 1173 Heins.
1222 1143 1377 1180 Rutgers.
1402 1142 1443 1173 R.
1465 1146 1499 1171 et
1519 1141 1567 1172 H.
1581 1139 1698 1179 Steph.
1721 1138 1828 1169 Bond.

409 1182 578 1218 Schrevel.
604 1185 725 1224 Delph.
748 1184 879 1215 Minell.
906 1185 1039 1215 'salbon
1065 1185 1164 1223 Pine,
1178 1185 1292 1214 Burm.
1307 1182 1459 1222 Sandby‚
1471 1182 1622 1219 wazoni,
1641 1185 1676 1211 et
1691 1179 1828 1210 Mitsch.

409 1223 603 1255 Achemoenio
619 1225 716 1256 Gott.
730 1226 834 1256 Brod.
850 1226 947 1257 Harl.
963 1229 991 1257 1.
1008 1228 1038 1257 3.
1052 1228 1084 1256 4.
1100 1229 1131 1256 6.
1155 1234 1267 1256 omnes
1281 1224 1380 1255 codd.
1397 1222 1543 1254 Bentleii
1557 1222 1628 1252 sine
1644 1220 1754 1258 litura,
1769 1220 1831 1250 Za-

409 1270 474 1295 rot.
488 1267 626 1297 Venett.
644 1269 737 1298 1477.
755 1270 848 1298 1478.
863 1269 957 1298 1479.
974 1269 1066 1298 1483.
1083 1269 1176 1298 1490.
1211 1266 1350 1298 Locher.
1364 1264 1504 1296 Mediol-
1520 1266 1612 1295 1476.
1627 1263 1720 1294 1477.
1737 1263 1829 1292 1485.

410 1309 503 1338 1486.
520 1310 613 1339 1487.
636 1309 751 1339 Bentl.
778 1309 899 1340 Sanad.
926 1309 1068 1348 Cunirig.
1091 1309 1237 1346 Towers,
1258 1307 1409 1342 Francis.
1425 1302 1713 1337 Wetzet.Wakef.
1730 1303 1830 1333 Baxt.

410 1347 515 1378 Gesn.
532 1349 638 1378 Zeun.
655 1350 793 1388 Bipont.
809 1350 927 1380 Comb.
949 1354 985 1380 et
1010 1349 1114 1379 Kidd.
1158 1349 1237 1380 vid.
1253 1350 1294 1378 ad
1322 1357 1362 1379 rr.
1378 1347 1446 1378 Od.
1463 1350 1514 1378 11.
1529 1349 1580 1377 16.
1600 1345 1645 1377 cf.
1668 1344 1779 1384 Epod.
1796 1353 1829 1374 v.

410 1391 441 1420 5.
457 1391 573 1419 δελ-9
598 1390 728 1420 Reduc-it
747 1391 922 1421 Bentleius
937 1391 969 1420 in
986 1390 1064 1420 edd.
1081 1389 1224 1421 Cantab.
1241 1392 1334 1420 1711.
1349 1393 1383 1419 et
1399 1388 1504 1418 Amst.
1521 1389 1615 1418 1⁷1³.
1658 1385 1762 1416 Kidd.
1781 1389 1830 1415 ta-

409 1438 486 1463 men
502 1430 733 1462 Reducem—10
756 1432 788 1466 ‘,‘
803 1432 904 1461 Dirus
918 1431 927 1444 '
944 1440 1005 1470 pro
1020 1431 1029 1447 ‘
1041 1430 1143 1460 durus
1157 1430 1165 1444 ’
1187 1439 1250 1460 non
1267 1430 1369 1460 semel
1386 1427 1632 1460 substituerunt
1646 1426 1830 1458 oscitantes

408 1469 547 1510 librarii,
561 1476 598 1502 ut
614 1481 715 1512 supra
731 1481 785 1502 nr.
798 1473 864 1502 Od.
882 1475 934 1503 24.
948 1475 979 1503 6.
996 1471 1007 1488 ‘
1022 1472 1092 1502 dira
1107 1472 1287 1502 necessitas
1299 1474 1318 1502 :‘
1334 1476 1367 1502 et
1383 1480 1470 1501 nnnc
1484 1478 1616 1511 quoque
1630 1468 1715 1499 diras
1729 1467 1829 1497 solici-

408 1512 530 1543 tudine-s
542 1513 636 1544 nobis
652 1513 851 1552 obtrudunt,
868 1523 928 1553 pro
944 1514 1040 1551 duris,
1056 1518 1093 1543 ut
1107 1513 1196 1543 clare
1214 1512 1350 1543 exhibet
1366 1511 1474 1543 codex
1489 1515 1604 1542 noster
1617 1509 1784 1541 Galeanus
1795 1511 1831 1538 et

408 1552 512 1584 editio
527 1554 703 1585 Loscheri:
727 1555 842 1585 Levare
856 1555 943 1584 duris
956 1565 987 1594 p.
1002 1553 1264 1584 solicitudinibus!
1287 1554 1399 1584 Bentl.
1443 1552 1533 1584 Hinc
1549 1550 1668 1582 Sanad.
1683 1550 1830 1587 Towers,

409 1593 559 1626 Francis.
575 1594 706 1626 Wakef.
731 1601 766 1626 et
791 1596 896 1626 Kidd.
911 1596 1092 1626 duria—12
1116 1595 1225 1625 Bentl.
1240 1594 1436 1635 distinguit:
1460 1593 1593 1632 Inoa-te,
1610 1591 1748 1622 mortalis
1760 1591 1830 1621 Dea

1046 1687 1187 1720 NOTAE

408 1754 484 1781 turt
508 1750 560 1780 vel
581 1751 705 1792 potius,
719 1752 869 1782 solvatur
890 1755 925 1782 et
948 1751 1095 1792 porriga-

409 1802 465 1828 tur
479 1797 560 1828 laeta
576 1798 680 1838 frons,
695 1810 767 1840 quae
783 1801 879 1830 senili
896 1799 1094 1831 morositate

408 1847 558 1876 contrahi
573 1847 659 1878 solet
672 1853 774 1888 atque
789 1849 922 1879 obduci.
967 1849 1094 1879 Procul

408 1894 484 1925 hinc
507 1904 526 1925 a
541 1895 634 1926 nobis
655 1905 696 1926 ea
711 1897 872 1928 severitas
887 1906 926 1928 ac
943 1897 1091 1936 tristitia,

409 1952 508 1984 quam
523 1941 620 1974 affert
633 1945 770 1975 senium.

449 1995 470 2023 6
499 1991 579 2023 Vina
607 1993 769 2033 Torquato,
793 1992 863 2034 εμπ]
902 1992 1030 2024 Diffusa
1058 1994 1091 2024 in

408 2041 510 2072 cados
534 2041 612 2072 vina
631 2042 693 2072 sub
717 2043 898 2074 Consulatu
920 2043 958 2074 L.
975 2042 1092 2074 Manlii

407 2091 582 2131 Torquati,
596 2091 746 2133 adeoque
763 2092 841 2123 mihi
857 2101 990 2124 coaeva:
1017 2101 1090 2122 nam

409 2148 449 2170 eo
465 2148 551 2170 anno
566 2139 674 2179 prodii
691 2141 724 2171 in
739 2141 868 2172 lucem:
886 2140 1091 2181 proindeque

409 2189 419 2205 ‘
433 2197 543 2219 meum
560 2188 756 2220 Consulem'
771 2199 845 2220 eum
861 2190 1007 2230 appello.
1036 2190 1092 2220 Vi-

409 2237 451 2268 de
467 2246 523 2269 111.
538 2237 605 2268 Od.
621 2241 673 2269 21.
688 2238 758 2279 ubi,
780 2239 790 2256 ‘
808 2238 839 2270 Ο
860 2243 942 2270 nata
962 2247 1093 2269 mecum

411 2287 555 2319 Consule
568 2288 698 2319 Manlio
717 2311 724 2319 .
739 2310 746 2319 .
760 2311 768 2320 .
780 2288 890 2320 testa!

450 2338 470 2366 7
498 2336 622 2378 Cetera]
665 2337 748 2369 Quae
787 2346 962 2369 moerorem
998 2337 1092 2369 nobis

410 2392 526 2415 creare
553 2389 700 2424 possent,
715 2395 757 2417 ex
781 2387 891 2417 animo
913 2392 948 2417 et
972 2396 1093 2417 memo-

410 2432 461 2463 ria
477 2432 671 2473 deleantur3
693 2439 729 2466 ut
749 2435 910 2467 hilaritati
926 2445 1091 2467 vacemus.

410 2481 503 2513 Deus
529 2482 600 2513 haec
630 2483 716 2514 mala
743 2482 886 2515 fortasse
914 2484 946 2514 iu
975 2484 1092 2514 melius

410 2531 568 2563 mutabit.
611 2533 664 2563 Ex
677 2531 740 2568 his,
756 2537 794 2563 nt
814 2533 882 2563 dixi
901 2533 1006 2571 initio,
1021 2542 1091 2563 sus-

410 2580 517 2619 picari
545 2581 638 2619 licet,
668 2586 760 2620 tunc,
784 2591 857 2613 cum
886 2582 970 2613 banc
995 2581 1092 2611 Oden

411 2629 576 2660 scriberet
598 2627 717 2667 Poeta,
744 2631 964 2662 intervenisse
991 2640 1092 2671 quan-

410 2677 488 2708 dam
504 2679 651 2710 tristitiae
667 2689 812 2720 causam,
828 2690 902 2722 qnae
921 2685 1012 2711 certe
1035 2689 1092 2710 no-

410 2726 462 2758 bis
477 2732 649 2767 comperta
663 2738 727 2760 non
741 2734 803 2761 est.

453 2778 474 2806 8
498 2772 690 2807 Achaemem'o
717 2778 826 2818 nardo]
863 2778 1042 2818 Unguento
1072 2786 1091 2807 e

1147 1751 1290 1782 Perside
1328 1751 1384 1782 ubi
1414 1748 1568 1790 regnavit
1597 1747 1829 1780 Achaemenes.

1146 1800 1234 1831 Vide
1249 1809 1304 1832 nr.
1318 1799 1385 1831 Od.
1402 1802 1433 1830 1.
1459 1798 1520 1829 sub
1542 1797 1658 1836 finem,
1681 1797 1761 1828 Not.
1786 1796 1828 1826 ad

1145 1848 1202 1878 has
1226 1858 1338 1889 voces,
1369 1849 1380 1866 ‘
1394 1847 1645 1878 Achaemenium
1678 1845 1833 1876 costum?

1146 1896 1319 1935 Optimum
1335 1895 1437 1926 fiebat
1453 1899 1656 1935 unguentum
1672 1903 1691 1924 e
1706 1893 1828 1925 frutice

1145 1953 1203 1974 sen
1215 1944 1331 1982 herba,
1347 1944 1399 1975 cui
1413 1952 1533 1974 nomeu
1554 1941 1690 1977 nardus,
1705 1942 1748 1972 de
1765 1951 1830 1983 qua

1144 1993 1335 2024 Dioscorid.
1349 2002 1375 2025 1.
1387 1996 1417 2024 6.
1432 1994 1496 2024 &c.
1520 1992 1612 2023 Plin.
1628 2000 1696 2022 xu.
1712 1994 1765 2022 12.
1780 1991 1829 2023 ita

1144 2041 1280 2072 scribit:
1308 2042 1317 2059 ‘
1335 2041 1387 2072 De
1412 2040 1495 2072 folio
1521 2039 1618 2071 nardi
1640 2040 1738 2081 plura
1761 2040 1829 2072 dici

1145 2099 1205 2130 par
1230 2094 1293 2130 est,
1313 2095 1351 2121 nt
1375 2089 1554 2130 principali
1578 2089 1612 2120 in
1633 2089 1828 2129 unguentis.

1145 2139 1273 2170 Frutex
1302 2143 1354 2170 est
1380 2138 1474 2179 gravi
1504 2142 1540 2169 et
1568 2146 1679 2169 crassa
1703 2137 1828 2176 radice,

1143 2188 1272 2229 pingui,
1289 2188 1386 2219 situm
1402 2187 1587 2219 redolente.
1598 2185 1726 2226 ..Apud
1738 2186 1827 2217 Gan-

1145 2247 1219 2278 gem
1245 2237 1407 2275 nascens,’
1427 2239 1489 2268 ὅτε.
1522 2234 1609 2266 Vide
1631 2242 1674 2265 ιι.
1693 2233 1760 2265 Od.
1778 2237 1827 2265 11.

1143 2287 1258 2329 ibique
1271 2287 1354 2318 Not.

1186 2340 1207 2368 9
1233 2337 1309 2368 Fide
1325 2334 1484 2377 Cyllenea]
1507 2334 1610 2374 Lyra,
1629 2331 1724 2372 cujus
1749 2343 1826 2364 auc-

1145 2390 1198 2418 tor
1212 2386 1320 2417 fertur
1330 2383 1530 2421 Mercurius,
1541 2391 1560 2412 a
1572 2381 1709 2420 Cyllene
1720 2381 1827 2421 Nym-

1145 2435 1211 2475 pha
1220 2443 1280 2465 sua
1292 2438 1412 2471 matre,
1425 2431 1478 2463 vel
1488 2440 1507 2461 a
1518 2429 1658 2470 Cyllene
1670 2427 1826 2460 Arcadiae

1145 2487 1268 2523 monte,
1297 2482 1355 2512 ubi
1380 2483 1478 2511 natus
1507 2478 1734 2519 educatusque
1763 2483 1828 2518 est,

1144 2532 1251 2563 dictus
1267 2531 1446 2572 Cyllenius.
1481 2528 1569 2559 Vide
1585 2537 1609 2560 1.
1626 2527 1693 2558 Od.
1711 2530 1762 2559 10.

1188 2584 1224 2612 11
1244 2581 1416 2611 Centaurus
1428 2578 1561 2618 alumno]
1579 2576 1702 2614 Chiron
1715 2576 1828 2608 Achil-

1143 2631 1178 2670 li,
1188 2639 1285 2671 quem
1295 2628 1463 2665 educavit,
1474 2627 1654 2667 docuitque
1663 2625 1825 2668 citharam

1145 2679 1298 2719 pulsare:
1324 2676 1473 2708 meminit
1490 2674 1661 2708 Juvenalis
1675 2674 1744 2706 Sat.
1763 2683 1826 2705 vn.

1143 2730 1217 2759 210.
1255 2725 1415 2758 Centauri
1437 2723 1617 2756 Thessaliae
1638 2723 1763 2764 populi,
1783 2723 1825 2753 de

1143 2775 1262 2818 q‘uibns
1278 2783 1304 2807 ι.
1320 2774 1387 2806 Od.
1403 2776 1455 2805 18.
1479 2773 1576 2805 Inter
1590 2781 1648 2804 eos
1663 2781 1742 2804 vero
1753 2771 1823 2812 qui-
