1956 3236
463 276 547 316 836
931 289 974 324 Q.
1007 286 1209 315 noRATn
1246 283 1414 313 FLAccr

464 379 538 420 Sic
558 382 725 420 teneros
747 379 915 419 animos
935 377 1075 416 aliena
1095 375 1329 428 opprobria
1344 388 1462 429 saepe

461 442 717 485 Absterrent
738 444 870 483 vitiis.
928 440 997 480 Ex
1017 441 1099 480 hoc
1121 453 1202 492 ego
1225 453 1354 481 sanus
1375 442 1430 481 ab
1447 441 1550 490 illis,

460 510 703 550 Perniciem
723 518 1004 559 quaecumque
1025 505 1193 556 serunt3
1223 506 1531 555 mediocribus,
1552 511 1593 547 et
1608 507 1706 560 quis
1801 508 1882 548 130

462 575 689 626 Ignoscas,
710 572 829 611 vitiis
855 575 1025 622 teneor3
1055 571 1256 612 fortassis
1275 576 1320 612 et
1338 572 1492 613 isthinc

463 639 658 691 Largiter
670 636 896 676 abstulerit
912 636 1044 687 longa
1064 641 1189 685 aetas,
1210 637 1319 677 liber
1338 638 1520 685 amicus,

463 703 703 746 Consilium
725 702 973 754 proprium:
1001 714 1140 754 neque
1153 702 1282 752 enim,
1303 715 1400 743 cum
1419 703 1606 743 lectulus
1627 708 1702 744 aut
1721 716 1788 743 me

462 769 664 811 Porticus
685 767 872 819 excepit,
893 766 1042 806 desum
1064 767 1191 806 mihi:
1222 766 1403 821 Rectius
1425 767 1507 808 hoc
1528 773 1622 819 est3

461 834 566 874 Hoc
585 833 768 881 faciem,
791 833 937 872 vivam
955 833 1136 883 melius;
1168 833 1232 873 sic
1252 833 1391 873 dulcis
1413 833 1564 873 amicis
1800 833 1883 874 135

461 899 695 939 Occurram
712 911 723 949 ;
743 899 826 938 hoc
845 898 1022 951 quidam
1042 910 1123 937 non
1141 898 1276 949 belle;
1306 910 1407 938 num
1429 898 1532 950 quid
1552 911 1631 950 ego
1651 898 1716 939 illi

460 964 718 1017 Imprudens
737 964 842 1004 olim
864 964 1020 1004 faciam
1041 963 1184 1003 simile
1200 965 1218 1004 'i
1279 964 1393 1004 Haec
1410 977 1491 1015 ego
1507 976 1672 1004 mecum

460 1030 735 1082 Compressis
755 1030 872 1081 agito
892 1029 1048 1069 labris:
1078 1029 1155 1069 ubi
1173 1029 1278 1081 quid
1298 1028 1422 1068 datur
1437 1028 1512 1076 oti,

460 1095 608 1137 llludo
626 1095 785 1135 chartis
803 1108 812 1135 :
843 1096 928 1136 hoc
947 1099 1014 1134 est
1032 1094 1323 1135 mediocribus
1343 1093 1430 1133 illis

460 1224 591 1252 mntem
606 1231 666 1252 non
683 1230 751 1251 raro
767 1231 787 1251 a
801 1220 936 1260 peccatis
961 1219 1075 1250 avertit
1090 1218 1261 1257 ignominia
1283 1219 1422 1251 alterius.
1466 1220 1532 1251 Per
1545 1219 1691 1258 eiusmodi
1714 1219 1885 1251 institutio-

458 1272 527 1293 nem
542 1263 627 1293 carni
641 1262 804 1300 maioribus
818 1263 859 1292 iis
874 1261 958 1292 vitiis
973 1271 1039 1301 quoe
1052 1261 1184 1291 exitium
1199 1265 1304 1291 creant
1315 1272 1328 1297 ,·
1350 1264 1525 1301 tantumque
1538 1262 1661 1301 exiguis
1673 1261 1840 1303 conflictor,
1854 1265 1884 1292 et

460 1305 567 1343 quibus
574 1304 673 1342 facile
687 1305 857 1342 indulgeas.
902 1303 956 1333 Ex
974 1304 1030 1333 his
1042 1302 1138 1333 etiam
1151 1302 1281 1332 multum
1295 1303 1450 1342 absterget
1472 1307 1550 1334 oetas
1569 1305 1750 1344 provectior,
1771 1303 1886 1334 amicus

459 1346 605 1384 sincerus,
627 1346 708 1376 ratio
721 1345 857 1385 propria.
903 1344 1067 1374 Enimvero
1093 1345 1212 1383 quando
1234 1353 1335 1374 versor
1352 1344 1385 1374 in
1405 1344 1498 1375 cubili
1513 1345 1561 1375 vel
1574 1345 1608 1375 in
1625 1346 1758 1384 porticu,
1771 1354 1884 1384 nequa-

460 1396 549 1425 quam
571 1387 647 1416 mihi
672 1388 786 1416 desum.
833 1386 917 1416 Tunc
930 1387 1032 1415 autem
1053 1385 1098 1414 sic
1119 1387 1225 1423 reputo
1238 1396 1248 1413 .·
1273 1385 1362 1415 Istud
1387 1385 1496 1415 melius
1519 1389 1584 1416 est.-
1607 1386 1640 1416 id
1654 1395 1748 1424 agene
1769 1386 1884 1416 rectius

459 1428 579 1457 vivam:
601 1429 647 1457 ita
662 1437 708 1457 me
725 1427 877 1466 praestabo
900 1429 1027 1464 gratum
1040 1425 1256 1462 familiaribus
1266 1436 1276 1455 .·
1291 1425 1347 1455 hoc
1370 1436 1429 1456 non
1455 1426 1528 1457 bene
1541 1427 1665 1466 quidam
1671 1427 1772 1464 fecit:
1790 1435 1884 1464 egone

458 1468 633 1508 imprudens
644 1469 804 1507 aliquando
810 1467 929 1505 faciam
943 1467 1024 1496 idem
1038 1467 1117 1506 quod
1141 1464 1224 1497 iste?
1268 1467 1391 1497 Similia
1414 1467 1526 1498 tacitus
1540 1478 1595 1506 ego
1616 1477 1730 1499 mecum
1744 1469 1861 1498 revolvo
1873 1478 1883 1497 :

458 1519 526 1540 cum
540 1519 610 1540 vero
632 1519 686 1550 per
700 1513 816 1549 tempus
838 1509 920 1548 licet,
943 1508 977 1538 in
999 1506 1180 1538 membranis
1205 1507 1311 1538 ludens
1334 1508 1443 1540 scribo.
1487 1509 1593 1549 Atque
1615 1509 1671 1540 hoc
1690 1519 1783 1540 unum
1807 1512 1851 1539 ese
1868 1519 1883 1538 e

1052 1600 1268 1612 ‘nentem-ev
1274 1601 1293 1612 e

461 1667 519 1696 131
543 1665 665 1705 Delph.
681 1665 769 1696 vitiis
783 1668 897 1705 tentor,
911 1664 999 1695 unde
1016 1664 1248 1695 nescim—139
1262 1664 1403 1695 Incombo
1417 1665 1535 1695 chartis
1551 1665 1648 1696 Harl.
1663 1665 1812 1695 2.-140,
1825 1665 1884 1694 141

1105 1748 1244 1780 Nom
1886 1732 1889 1735 ’

502 1824 563 1852 130
585 1821 792 1852 Mediocribus
803 1821 889 1852 vitiis
897 1824 1000 1852 teneor
1012 1820 1143 1861 [tentor]
1198 1830 1271 1851 mus
1286 1820 1436 1861 quotidie
1447 1819 1487 1850 ad
1502 1818 1706 1850 reddendam
1719 1818 1882 1850 rationem

459 1869 515 1901 ΑΙ.
534 1873 660 1906 teneam
684 1870 716 1900 id
735 1874 800 1907 est,
816 1869 978 1899 obnoxius
1001 1878 1072 1899 sum
1089 1869 1144 1898 ad·
1199 1870 1364 1900 vocandus
1380 1891 1387 1900 .
1403 1890 1411 1898 .
1427 1891 1435 1899 .
1453 1890 1461 1899 .
1477 1868 1565 1908 quod
1581 1867 1678 1898 hodie
1693 1867 1814 1898 malum
1831 1877 1884 1898 sa-

459 1919 522 1948 huc
541 1918 628 1948 vitiis
646 1918 709 1947 inis
726 1918 962 1948 mediocribus.

495 1969 557 1997 132
580 1966 675 1997 Liber·
688 1965 816 2004 amicus]
854 1965 1070 1996 Antisthenes
1095 1965 1144 1996 di-

459 2015 582 2046 cebat:
599 2025 682 2054 opus
699 2024 771 2045 esse
788 2014 838 2044 vel
850 2014 965 2044 amicis
980 2009 1144 2054 ingenuis,

459 2064 512 2094 vel
529 2063 660 2094 acribus
676 2062 829 2093 inimicis.
875 2062 1055 2103 Hiqnippe
1067 2071 1144 2092 con-

458 2112 627 2150 viciando,
637 2112 682 2142 ini
693 2111 856 2142 monendo
865 2121 883 2142 a
895 2112 1042 2152 peccatis
1051 2121 1145 2142 aver-

459 2165 548 2193 tunt.
571 2161 742 2192 Plutarch.

502 2212 562 2241 133
591 2210 669 2240 Cum
692 2210 817 2240 lectulus
843 2213 896 2241 aut
926 2218 974 2241 me
1002 2209 1146 2240 Porticus

458 2259 588 2299 excepit,
601 2258 670 2298 δῖα]
685 2259 761 2290 sive
772 2259 937 2290 decumbo
959 2260 991 2289 in
1007 2259 1145 2294 lectqu,

459 2309 531 2339 sive
559 2309 592 2339 in
626 2308 757 2348 porticu
787 2308 977 2348 deambulo,
999 2317 1063 2338 non
1093 2312 1146 2339 est

459 2357 567 2388 otiosa
582 2365 673 2387 mens
687 2366 779 2388 mea:
805 2361 871 2386 tum
888 2357 976 2387 enim
992 2356 1070 2396 quid
1086 2357 1146 2386 ho·

460 2410 605 2443 nestum,
635 2405 713 2445 quid
743 2409 883 2444 rectum,
919 2404 998 2444 quid
1037 2404 1144 2434 minus

459 2455 619 2486 decorum
649 2452 745 2484 factu
770 2454 814 2484 sit
838 2453 996 2491 meditor,
1025 2461 1144 2493 meque

459 2503 533 2542 ipse
561 2501 650 2542 fingo
677 2505 712 2532 et
734 2500 892 2532 confirmo
918 2500 950 2530 in
974 2509 1086 2530 amore
1110 2504 1146 2530 et

462 2552 594 2582 actione
623 2550 769 2581 virtutis.
814 2549 1027 2589 Pythagoras
1047 2548 1146 2580 disci-

461 2602 557 2640 pulos
578 2599 722 2640 jubebat
738 2608 911 2630 recensere
928 2598 1058 2639 vesperi
1073 2607 1145 2638 quie.

461 2649 607 2680 interdiu
632 2648 801 2683 fecissent,
827 2653 862 2678 et
881 2657 994 2679 secum
1010 2647 1148 2688 agitare,

462 2706 528 2737 quo
543 2698 611 2728 ivi?
635 2697 712 2738 qnid
725 2697 798 2737 egi?
819 2697 898 2737 quid
911 2694 1142 2727 omisifacien-

463 2746 564 2778 dum?
580 2746 639 2776 &m
682 2747 810 2777 Seneca
832 2746 872 2776 de
890 2745 945 2776 Ira
961 2752 1016 2774 ιιι.
1039 2747 1048 2761 ‘
1061 2742 1141 2774 Ani-

1197 1917 1309 1947 uasti?
1330 1917 1383 1948 cui
1401 1917 1483 1948 vitio
1498 1916 1683 1947 obstitisti?
1705 1925 1770 1956 qua
1785 1920 1882 1956 purte.

1198 1965 1316 1995 melior
1331 1974 1366 1995 es
1380 1965 1402 1996 ?’

1239 2014 1400 2053 Porticus]
1436 2013 1606 2054 Ejusmodi
1623 2013 1764 2053 publicae
1780 2014 1883 2053 porti-

1198 2071 1256 2092 cus
1272 2067 1369 2093 erant
1389 2063 1504 2093 Romae
1522 2063 1721 2102 complures,
1736 2062 1882 2094 ambula-

1199 2111 1282 2141 tioni
1298 2115 1334 2142 et
1344 2111 1514 2151 captando
1524 2110 1641 2152 frigori
1652 2111 1883 2142 accommoda-

1199 2163 1265 2190 tae:
1290 2163 1387 2190 erant
1411 2164 1447 2190 et
1476 2160 1626 2199 private.
1669 2158 1756 2189 Vide
1780 2158 1881 2190 Alex.

1199 2206 1240 2238 ab
1258 2206 1354 2236 Aiex.
1371 2215 1427 2237 111.
1442 2209 1496 2237 23.

1241 2257 1302 2286 139
1325 2255 1467 2295 Chartis]
1493 2256 1626 2286 Chartae
1639 2254 1777 2294 primum
1790 2262 1809 2284 e
1823 2263 1881 2294 pa-

1198 2313 1296 2344 pyro,
1313 2303 1610 2343 AEgyptiaplanm3
1627 2301 1740 2332 divisis
1749 2311 1810 2332 acu
1827 2303 1880 2333 vei

1198 2351 1356 2392 scalpello
1377 2351 1450 2390 ejus
1477 2350 1598 2380 tunicis
1625 2350 1656 2380 in
1679 2354 1798 2380 tenues
1821 2349 1879 2380 sed

1198 2402 1281 2432 latas
1297 2401 1452 2441 philyrae.
1474 2400 1484 2416 ‘
1497 2400 1567 2430 Has
1582 2398 1767 2430 Alexandri
1783 2399 1882 2439 Mag-

1198 2450 1232 2480 ni
1261 2449 1401 2480 victoria
1429 2452 1579 2488 repertas
1609 2452 1725 2477 auctor
1750 2451 1804 2478 est
1829 2447 1879 2479 Μ.

1197 2499 1320 2538 Varro,
1343 2495 1479 2528 condita
1508 2496 1540 2526 in
1565 2495 1710 2535 AEgypto
1733 2493 1880 2526 Alexan-

1197 2547 1295 2578 dria:
1317 2550 1417 2576 antea
1439 2554 1518 2575 vero
1541 2553 1606 2574 non
1628 2542 1733 2575 fuisse
1749 2544 1880 2575 charta-

1198 2604 1270 2626 rum
1294 2591 1411 2624 usum!
1455 2593 1553 2626 Quod
1585 2598 1696 2624 tamen
1721 2592 1880 2624 refellunt

1198 2643 1301 2675 docti.
1327 2642 1510 2674 Alexandri
1524 2641 1656 2682 quidem
1676 2650 1748 2672 aevo
1764 2642 1880 2672 charta

1194 2691 1420 2732 frequentior:
1447 2695 1544 2722 antea
1561 2696 1668 2721 tamen
1692 2690 1829 2720 inventa
1844 2693 1880 2719 et

1194 2741 1341 2781 cognita.
1357 2741 1366 2758 ⁴
1379 2739 1420 2772 In
1435 2738 1523 2771 foliis
1536 2736 1735 2780 palmarum’
1746 2737 1817 2779 (alii
1833 2737 1879 2768 le·
