1890 3256
320 282 427 324 1036
781 297 822 334 Q.
854 295 1057 325 HouA'rn
1094 294 1265 323 resecr

317 382 445 426 Vixit
463 386 706 439 inaequalis,
727 387 896 427 clavum
914 389 962 426 ut
981 388 1167 426 mutaret
1184 386 1229 426 in
1247 387 1390 435 horas,

317 449 503 491 AEdibus
524 464 578 492 ex
598 451 764 501 magnis
786 450 933 491 subito
953 462 1002 491 se
1021 450 1242 500 conderet,
1263 452 1378 492 unde

317 514 526 556 Mundior
545 517 681 556 exiret
701 515 777 555 vix
797 515 1025 556 libertinus
1043 516 1219 557 honeste
1237 529 1248 557 ε

315 579 345 619 J
349 592 417 619 am
436 581 632 620 moechus
655 580 826 628 Romae,
839 581 933 633 jam
955 581 1105 622 mallet
1126 581 1275 622 doctor
1293 581 1471 623 Athenis

315 644 490 693 Vivere,
512 644 778 694 Vertumnis,
798 650 1014 699 quotquot
1034 652 1151 696 sunt,
1172 650 1302 688 natus
1320 647 1496 700 iniquis.

315 709 471 749 Scurra
490 709 763 760 Volanerius,
782 715 1017 764 postquam
1037 712 1101 752 illi
1116 712 1239 765 justa
1257 713 1459 765 cheragra

1683 389 1734 428 lo

1679 715 1735 754 15

313 837 395 867 vixit
402 847 415 873 ,·
435 838 509 867 adeo
524 839 559 867 ut
573 841 685 868 vestem
699 840 831 869 mutaret
844 838 928 869 horis
940 838 1090 877 singulis.-
1113 840 1219 871 exiens
1232 843 1332 871 autem
1349 839 1476 879 superba
1498 849 1515 870 e
1541 839 1666 871 basilica
1681 850 1735 871 se-

311 882 402 917 pente
412 879 561 916 migraret
577 879 660 917 illuc,
669 879 748 909 unde
759 879 816 910 via:
826 881 966 910 decenter
978 882 1171 919 egrederetur
1185 882 1347 912 libertinus
1359 882 1519 912 nitidulus.
1562 881 1656 912 Modo
1671 881 1736 912 Ra-

314 929 371 949 mae
386 921 515 959 adulter,
529 921 614 950 modo
634 920 767 950 Athenis
788 922 926 952 eruditus
945 922 1056 960 degere
1079 925 1220 962 cuperet:
1241 926 1322 954 certe
1343 926 1434 954 natus
1454 921 1577 959 infestis
1600 923 1737 953 erunibus

320 961 503 991 Vertumnis.
549 962 665 992 Contra
693 962 873 993 Volanerius
895 963 1014 1002 sannio,
1028 965 1147 1003 quando
1164 963 1253 1002 justa
1265 964 1411 1002 chiragra
1425 963 1474 995 illi
1485 964 1592 1003 fregit
1610 964 1738 1003 digitos,

909 1064 1141 1077 oooooooooooo

313 1136 394 1165 ——11
419 1134 550 1166 AEdibus
563 1139 594 1166 et
607 1136 727 1173 magnis
740 1136 805 1167 «luo
822 1137 919 1170 Vatt.
936 1142 972 1170 et
984 1138 1124 1170 totidem
1138 1138 1194 1170 alii
1211 1147 1264 1179 ap.
1279 1139 1394 1170 Feam.
1426 1137 1556 1168 AEdilnoe
1568 1136 1600 1168 in
1615 1137 1737 1176 magnis

313 1181 441 1216 septem
459 1186 512 1216 ap.
528 1177 764 1208 eundem—13
782 1179 863 1209 Tres
878 1184 914 1210 et
930 1181 1047 1220 viginti
1061 1180 1159 1212 codd.
1176 1190 1229 1220 ap.
1248 1181 1348 1211 Feam
1365 1183 1401 1210 et
1415 1178 1538 1216 Bothe,
1554 1177 1648 1208 Harl.
1659 1181 1691 1209 2.
1703 1181 1737 1210 8.

312 1220 345 1249 4.
370 1217 425 1248 alii
453 1227 506 1255 ap.
535 1218 649 1249 Lamb.
666 1219 776 1250 Pulm.
792 1220 894 1261 Cruq.
907 1222 1053 1252 Turneb.
1067 1221 1211 1253 Advers.
1226 1230 1308 1252 xtu-
1320 1223 1371 1252 17.
1416 1219 1551 1259 Talbot,
1572 1219 1686 1250 Bentl.
1701 1224 1738 1251 et

313 1259 444 1290 Valart.
475 1261 580 1290 doctor
599 1260 752 1297 Athenis‚·
786 1262 920 1294 admisit
946 1263 978 1293 in
1014 1267 1144 1294 textum
1184 1264 1286 1294 Baxt.
1321 1262 1400 1293 inde
1423 1261 1552 1293 Valart.
1576 1260 1735 1292 oberlin.

314 1300 418 1331 Gesn.
432 1301 537 1332 Zeuu.
555 1301 670 1333 Comb.
687 1303 766 1339 Fea,
783 1303 904 1342 Bothe,
917 1309 952 1335 et
967 1305 1115 1344 Doering.
1136 1306 1242 1336 doctus
1258 1304 1352 1335 Harl.
1363 1306 1395 1334 6.
1411 1307 1446 1334 et
1460 1302 1538 1334 edd.
1557 1306 1639 1333 vett.
1655 1302 1736 1333 item

313 1341 426 1372 Bentl.
439 1342 562 1372 Sanad.
579 1343 722 1382 Cuning.
738 1344 917 1383 Heindorf,
933 1346 1077 1378 Wetzel.
1094 1345 1227 1377 Wakef.
1242 1350 1276 1376 et
1292 1344 1394 1376 Kidd.
1428 1346 1437 1362 ⁴
1455 1343 1595 1374 Arridet
1610 1344 1736 1383 potius,

313 1391 412 1420 quam
429 1383 564 1413 aliorum
579 1384 661 1413 Mss.
677 1389 710 1414 et
726 1384 890 1416 editorum
908 1387 1077 1426 vulgatum
1094 1388 1219 1423 ἀοι-ιω,-
1234 1391 1271 1417 ut
1287 1386 1388 1425 poeta
1403 1385 1556 1416 ostendat
1566 1384 1672 1415 Prisci
1688 1385 1737 1415 in-

311 1423 452 1494 3222&
465 1424 639 1494 2322&ss
644 1427 879 1498 ‘353‘152333‘
885 1427 1194 1499 ⁴¹5⁰3¹5÷n²2¹l53¹35
1202 1436 1246 1498 »⁸5
1264 1425 1736 1498 335¹?32242ss25‘1‘4220

311 1503 444 1535 tenarius
458 1505 553 1536 Vatt.
569 1487 646 1536 duo’.
678 1506 853 1538 Volenerz'us
866 1477 1003 1549 duogap.
1020 1478 1134 1540 Feaym.
1160 1509 1304 1547 chiragra
1321 1508 1398 1540 edd.
1410 1511 1492 1539 vett.
1515 1517 1647 1548 cyragra
1659 1508 1737 1538 Vat.

313 1546 499 1580 Cliisianus,
530 1551 564 1576 et
587 1546 654 1576 duo
671 1547 724 1577 alii
741 1558 794 1587 ap.
815 1549 926 1580 Feam.
948 1551 1099 1588 cheragra
1114 1550 1188 1580 duae
1206 1549 1283 1580 edd.
1300 1549 1474 1590 Xylandri‚
1499 1548 1544 1579 H.
1557 1549 1678 1588 Sti-phi
1699 1554 1735 1579 et

311 1587 457 1617 Casaub.
483 1587 600 1625 probat
627 1588 740 1619 Bentl.
768 1598 911 1629 eumque
937 1592 1046 1621 secuti
1067 1595 1146 1623 sunt
1162 1591 1305 1629 Cuning.
1321 1591 1421 1621 Baxt.
1437 1590 1542 1621 Gesn.
1557 1590 1662 1620 Zeun.
1680 1590 1734 1620 Bi-

313 1633 407 1667 pont.
419 1628 571 1659 Oberlin.
589 1628 769 1669 Heindorf,
782 1631 924 1662 Wetzel.
935 1631 1073 1663 Wakef.
1090 1633 1208 1663 Comb.
1225 1632 1330 1663 Kidd.
1347 1632 1498 1671 Doeriug.
1515 1631 1596 1667 Fen,
1612 1631 1736 1670 Bothe,

954 1726 1095 1758 NOTAE

354 1796 394 1823 10
417 1793 594 1834 Inaequalis]
615 1794 685 1826 Sibi
702 1805 816 1835 parum
829 1802 996 1830 constans.

356 1841 496 1881 Clavum]
534 1844 636 1875 Modo
666 1844 783 1885 latum,
812 1846 909 1878 modo
939 1857 995 1877 au-

311 1894 445 1928 gustum
466 1899 609 1921 sumens.
652 1893 708 1923 De
734 1903 775 1924 ea
793 1899 887 1925 veste
911 1903 996 1933 prae-

311 1938 403 1968 clara
419 1947 442 1968 r.
457 1938 529 1970 Sat.
545 1943 576 1970 5.
590 1942 642 1971 36.

355 1989 393 2016 11
420 1987 549 2018 AEdibus
576 1997 615 2019 ex
635 1987 770 2028 nmgnis]
803 1989 832 2019 E
854 1990 997 2030 superbo

311 2034 481 2066 domicilio
495 2035 530 2066 in
545 2036 610 2067 vile
632 2041 668 2066 et
690 2037 856 2077 abjectum
877 2038 999 2078 migra-

312 2087 377 2114 ret.

355 2133 394 2162 13
417 2132 491 2162 Jam
519 2133 647 2164 moechus
676 2133 796 2174 Romae]
828 2135 940 2166 Salsus
963 2135 996 2166 in

312 2181 536 2212 Romanorum
550 2182 791 2222 impudicitiam
802 2193 997 2215 sarcasmus·

353 2230 427 2260 Jam
454 2231 558 2261 mallet
584 2231 686 2261 doctor
709 2232 845 2272 [doctus]
866 2233 999 2265 Athenis

316 2275 443 2318 Vivere]
463 2279 565 2309 Modo
583 2279 725 2310 otiosum
742 2285 777 2311 et
792 2281 998 2314 luxuriosum

313 2325 501 2365 praeferens
515 2327 593 2358 vitae
611 2337 739 2367 genus;
768 2329 865 2360 modo
887 2329 998 2362 studia

312 2374 486 2406 literarum
514 2380 550 2407 et
575 2375 732 2407 honestos
761 2377 924 2409 doctrinae
958 2387 997 2410 ae

314 2423 537 2464 Philosophiae
552 2424 695 2456 labores.

355 2473 503 2513 Athenis]
537 2473 603 2504 Ubi
622 2472 696 2504 fons
712 2474 856 2506 omnium
871 2474 996 2507 doctri-

313 2529 443 2560 narum,
457 2521 529 2553 Cic.
546 2521 587 2552 de
603 2522 700 2554 Orat.
725 2523 782 2554 ubi
806 2524 926 2556 artium
942 2534 996 2556 ex-

312 2570 510 2610 quisitarum
537 2570 695 2603 officina:
732 2572 788 2603 ubi
824 2573 996 2614 praecipue

312 2619 469 2650 coluntur
476 2629 516 2651 ea
527 2621 696 2660 mysteria,
708 2621 827 2661 quibus
839 2631 880 2652 ex
891 2633 1000 2663 agres-

315 2667 341 2696 ti
357 2667 559 2709 immanique
576 2669 644 2699 vita
659 2670 781 2700 exculti
794 2670 835 2700 ad
850 2671 998 2702 humani-

314 2719 420 2746 tatem
432 2721 468 2746 et
480 2717 623 2756 mitigati
635 2727 755 2748 sumus.
798 2719 850 2750 Id.
863 2719 905 2750 de
917 2721 998 2760 Leg-

315 2771 364 2795 ιν.
392 2764 448 2795 ubi
476 2768 571 2795 tanta
596 2766 790 2806 auctoritas,
806 2772 842 2798 ut
866 2767 907 2798 de
928 2768 998 2808 ejus

1049 1797 1142 1828 urbis
1168 1797 1374 1838 possessione
1399 1797 1488 1827 iuter
1509 1796 1603 1827 Deos
1626 1798 1736 1825 certa-

1048 1856 1125 1877 men
1137 1845 1258 1884 fuerit3
1273 1846 1390 1885 utjam
1414 1843 1557 1875 fractum
1575 1851 1679 1882 prope
1695 1852 1734 1874 ac

1048 1894 1258 1925 debilitatum
1299 1893 1442 1924 Graeciae
1479 1901 1599 1922 nomen
1635 1891 1735 1931 liujus

1050 1942 1140 1972 urbis
1157 1941 1255 1972 laude
1269 1942 1405 1972 nitatur.
1427 1939 1481 1972 Id.
1497 1939 1595 1970 Orat.
1610 1947 1643 1969 n.
1658 1940 1729 1970 2⁵.'

1092 1993 1131 2021 14
1174 1990 1365 2029 Vertumnis]
1401 1989 1616 2027 Vertumnus,
1637 1987 1734 2018 Deus

1050 2048 1138 2069 auno
1161 2037 1322 2069 vertendo
1351 2036 1550 2078 praesidens,
1573 2035 1736 2067 multifor-

1049 2086 1111 2116 mis
1136 2091 1222 2124 erat,
1243 2091 1279 2117 et
1294 2086 1385 2116 varie
1402 2084 1615 2125 pingebatur,
1626 2089 1661 2115 et
1677 2093 1734 2115 vn·

1050 2135 1107 2166 riis
1121 2135 1295 2166 colebatur
1310 2135 1392 2166 locis
1407 2138 1477 2165 tum
1501 2134 1535 2164 in
1560 2135 1642 2165 urbe
1665 2138 1734 2165 tum

1050 2183 1083 2213 in
1113 2183 1323 2222 municipiis;
1352 2182 1451 2213 modo
1481 2181 1600 2220 fossor,
1637 2181 1734 2213 modo

1051 2235 1176 2271 arator,
1192 2231 1380 2269 seminator,
1397 2232 1577 2270 plantator,
1597 2237 1732 2270 messor.

1052 2281 1143 2313 Hinc
1170 2281 1286 2322 plurali
1317 2289 1454 2311 numero
1477 2279 1650 2310 Vertumni
1675 2289 1733 2320 ap-

1050 2331 1228 2371 pellantur.
1271 2327 1378 2360 Aiunt
1406 2328 1508 2358 etiam
1545 2328 1665 2358 sensus
1699 2332 1734 2359 et

1050 2380 1272 2420 cogitationes
1298 2377 1465 2408 hominum
1494 2375 1537 2407 ab
1565 2385 1605 2407 eo
1633 2377 1733 2410 verti.

1051 2428 1150 2460 Unde
1167 2428 1259 2459 iratis
1280 2425 1472 2457 Vertumnis
1497 2423 1620 2455 dicitur
1634 2430 1734 2465 uatus

1050 2476 1199 2518 quisquis
1226 2483 1360 2515 semper
1387 2474 1534 2504 incertus
1559 2477 1593 2503 et
1619 2472 1734 2505 incon-

1048 2531 1140 2556 stans
1151 2523 1223 2556 aliis
1234 2522 1376 2563 aliisque
1390 2520 1564 2552 affectibus
1574 2521 1733 2561 agitatur.

1047 2574 1156 2606 Tibul.
1177 2580 1229 2603 iv.
1252 2574 1284 2604 2.
1314 2573 1365 2602 13.
1393 2569 1508 2601 ‘Talis
1530 2569 1564 2600 iu
1588 2569 1734 2601 aetliereo

1050 2623 1132 2654 felix
1145 2623 1349 2653 Vertumnus
1362 2619 1509 2660 Olympo
1524 2619 1620 2650 Mille
1630 2619 1735 2651 habet

1049 2676 1196 2710 ornatus,
1209 2670 1300 2701 mille
1314 2669 1476 2700 decenter
1490 2667 1616 2699 habet!

1076 2722 1130 2761 (15
1157 2719 1315 2758 Cheragra
1340 2715 1516 2760 [chiragra]
1548 2715 1613 2746 Vel
1635 2714 1733 2765 metri

1050 2762 1148 2800 censa
1166 2768 1309 2799 licenter
1323 2771 1359 2798 et
1379 2771 1497 2798 contra
1511 2768 1647 2804 etymon
1663 2764 1731 2804 pri-
