1936 3236
597 323 868 355 minumum
903 323 999 354 ma.
1032 323 1099 354 1v.
1126 312 1170 354 3.
1534 310 1620 353 563

336 415 476 458 Curru
497 416 628 457 ducet
650 416 847 459 Achaico
964 447 968 451 ·
1594 415 1621 454 5

393 484 619 526 Victorem
634 497 646 535 ;
677 497 819 537 neque
839 497 912 526 res
929 483 1088 525 bellica
1105 481 1247 524 Deliis

336 548 547 591 Ornatum
567 549 689 591 foliis
712 550 884 599 ducem,

392 615 526 667 Quod
546 629 691 670 regum
715 617 904 658 tumidas
925 616 1176 659 contuderit
1194 616 1350 662 minas,

336 683 552 724 Ostendet
574 682 806 737 Capitolio
824 697 834 725 ε

395 750 488 792 Sed
507 763 607 805 quae
628 750 767 791 Tibur
787 763 918 805 aquae
936 750 1077 791 fertile
1099 750 1350 804 praefluunt,
1566 751 1622 791 10

162 893 216 914 nec
231 884 368 916 militare
381 885 510 924 facinus
525 886 748 927 Imperatorem
760 885 931 918 ostentabit
943 880 1098 927 Capitoli&
1104 885 1276 923 frondibus
1288 884 1524 926 Apollinaribus
1536 892 1622 914 coro-

163 930 283 969 natum,
296 938 330 959 eo
342 930 421 969 quod
434 929 582 970 superbas
599 930 723 969 Regum
737 929 836 961 minas
851 928 1003 968 fregerit.
1042 929 1155 961 Verum
1169 939 1258 971 aquae
1271 928 1451 968 soecundum
1466 927 1563 959 Tibur
1580 926 1622 956 ir-

772 1033 1014 1046 WOOOO‘OO

163 1113 306 1142 amm-2
331 1110 477 1142 Mentel.
505 1111 628 1151 placido
654 1111 853 1143 numina—5
877 1111 1001 1143 Achaio
1032 1111 1177 1152 Cuning.
1213 1110 1339 1142 sanad.
1366 1114 1403 1142 et
1427 1110 1625 1141 Towers.—

162 1155 184 1183 8
206 1152 304 1184 Unus
326 1153 550 1185 Bersmanni:
576 1153 704 1186 timidas
719 1154 895 1186 contuderit
909 1155 1090 1185 minas.—9
1113 1155 1210 1195 Lips.
1227 1157 1258 1185 l.
1275 1157 1306 1185 2.
1322 1156 1354 1184 4.
1379 1154 1506 1184 Venet.
1530 1155 1626 1183 1492.

164 1199 200 1227 et
215 1195 359 1227 Locher.
377 1195 525 1227 Ostendit
543 1196 797 1236 Capitolia—10
823 1197 921 1228 Tibur
934 1207 964 1228 o.
971 1197 1004 1235 s.
1017 1197 1174 1238 perfluunt
1190 1197 1344 1227 nonnulli
1362 1195 1478 1227 Lamb·
1493 1199 1530 1226 et
1545 1195 1625 1225 alio-

165 1246 252 1276 rum,
268 1238 362 1277 Lips.
379 1241 410 1269 1.
426 1241 457 1269 4.
480 1238 552 1268 Ait.
567 1241 599 1270 2.
615 1239 744 1269 Venet.
759 1242 854 1270 1478.
870 1240 950 1270 Vet.
966 1239 1086 1270 Comb.
1102 1238 1180 1270 Ald.
1198 1240 1292 1270 Mur.
1308 1238 1412 1270 Fabr.
1428 1239 1549 1268 Venet.
1568 1246 1625 1276 ap.

167 1279 275 1311 Zeun.
291 1280 456 1312 Glarean.
473 1280 621 1310 Chabot.
637 1280 756 1311 Basill.
771 1281 890 1311 Lamb.
908 1281 964 1310 ed.
981 1290 1032 1319 pr.
1047 1281 1170 1319 Steph.
1193 1281 1280 1312 Fab.
1304 1281 1431 1311 Dacer.
1464 1279 1626 1320 profluunt

167 1321 350 1352 Pulmanni
362 1321 539 1352 Gemblac.
555 1324 587 1352 2.
614 1320 826 1361 (quanquam
851 1331 928 1352 cum
954 1322 1212 1362 superascripto
1235 1322 1423 1363 proefluunt)
1446 1321 1591 1353 Mentel.
1607 1329 1627 1351 a

167 1372 212 1395 m.
229 1372 255 1394 s.
270 1363 421 1393 Bentleii
439 1362 538 1392 Leid.
565 1363 713 1400 proluunt
735 1362 828 1401 quid.
854 1362 975 1392 Lamb.
1017 1363 1083 1392 sed
1107 1364 1282 1402 proefluunt
1305 1365 1371 1393 duo
1398 1364 1495 1393 Vatt.
1520 1364 1626 1394 Torn.

166 1403 330 1436 Rusoni-d.
347 1403 463 1434 Nicot.
487 1402 604 1433 Lamb.
620 1402 802 1433 Pulmanni
820 1403 935 1433 Hunn.
952 1402 1131 1434 Gemblac.
1151 1407 1179 1435 l.
1202 1408 1239 1434 et
1258 1404 1387 1434 Beller.
1413 1404 1491 1434 libri
1519 1405 1626 1445 Cruq.

138 1450 140 1453 ’
164 1454 282 1478 omnes
306 1445 466 1477 meliores
491 1445 649 1475 Torrent.
678 1444 745 1476 duo
771 1445 902 1475 Bersm.
931 1444 1030 1476 Harl.
1050 1447 1078 1476 l.
1099 1448 1131 1476 2.
1153 1448 1234 1477 3.4.
1251 1449 1283 1478 5.
1301 1449 1331 1477 6.
1355 1446 1472 1477 Bentl.
1507 1445 1626 1478 Graev.

166 1488 291 1530 Regin.
313 1492 350 1519 et
369 1487 439 1528 alii.
454 1487 599 1518 Mentel.
616 1496 634 1517 a
650 1495 694 1518 m.
714 1496 764 1526 pr.
783 1486 874 1527 Lips.
891 1489 924 1518 2.
941 1489 972 1518 3.
991 1489 1095 1518 Dess.
1109 1490 1141 1519 2.
1168 1488 1239 1520 Ait.
1256 1491 1287 1519 1.
1312 1488 1458 1530 Franeq.
1480 1488 1628 1520 Helinst.

164 1529 568 1563 venet.1492.>1.ocher.
594 1528 676 1561 Asc.
706 1529 826 1560 Heins.
854 1529 970 1561 Lamb.
996 1531 1098 1571 Cruq.
1122 1531 1220 1562 Torr.
1243 1531 1349 1572 Rutg.
1376 1531 1480 1562 Baxt.
1511 1531 1626 1562 Bentl.

165 1573 280 1605 Burin.
298 1572 384 1606 Cun.
401 1572 483 1605 San.
498 1571 579 1604 Jon.
591 1572 680 1604 Sivr.
701 1572 795 1613 Jani,
820 1573 962 1614 Bipont.
979 1573 1124 1606 Mitsch.
1141 1573 1293 1611 Towers,
1310 1574 1464 1615 Francis,
1480 1574 1626 1606 Wetzel.

820 1680 968 1712 NOTAE

169 1759 281 1800 palma
294 1761 329 1789 et
345 1766 473 1789 corona
485 1755 745 1795 ferantlaudes,
759 1755 818 1787 sed
833 1761 869 1787 et
922 1755 1024 1787 modo
1053 1755 1207 1796 Antium,
1234 1755 1313 1787 inde
1339 1755 1522 1796 Albanum,
1547 1756 1627 1788 inde

168 1817 244 1839 cum
274 1811 497 1839 revertantur
527 1807 561 1837 iu
591 1816 668 1837 suas
697 1806 870 1846 civitates,
923 1806 1064 1837 Romam
1079 1829 1087 1838 .
1101 1829 1109 1837 .
1125 1829 1133 1837 .
1148 1811 1244 1838 veste
1276 1815 1449 1848 purpurea
1465 1828 1473 1837 .
1488 1829 1495 1837 .
1508 1829 1516 1838 .
1529 1817 1627 1838 coro-

169 1867 246 1890 cum
262 1857 409 1889 victoria
428 1857 678 1896 triumphantes
696 1856 871 1896 quadrigis

167 1908 202 1940 iu
217 1907 339 1940 moenia
352 1907 570 1946 invehantur,
581 1915 667 1948 eque
680 1906 870 1946 Republica

168 1962 337 2001 perpetua
351 1958 420 1990 vita
434 1957 630 1988 constitutis
647 1955 871 1996 vectigalibus

168 2006 350 2040 fruantur:
387 2007 528 2038 Sueten.
544 2006 674 2038 Neron.
691 2015 766 2047 cap.
779 2014 873 2037 xxii.

170 2063 179 2077 ⁸
192 2058 278 2090 Mox
293 2062 330 2090 et
352 2057 425 2098 ipse
449 2056 623 2095 aurigare,
639 2059 744 2096 atque
770 2055 874 2087 etiam

171 2109 321 2152 spectari
337 2108 443 2141 voluit
455 2131 465 2140 .
475 2131 484 2140 .
498 2130 506 2139 .
521 2112 590 2139 tum
608 2108 712 2139 etiam
728 2107 764 2138 in
778 2107 873 2139 circo

171 2161 452 2192 mutinam-mec
476 2163 657 2190 contentus
682 2158 798 2188 barum
821 2167 874 2188 ar-

173 2210 256 2241 tium
294 2208 531 2250 experimenta
570 2208 688 2240 Romae
724 2207 873 2247 dedisse,

172 2260 336 2292 Achaiam
350 2259 474 2300 petiit?
497 2259 583 2299 Cap.
595 2267 704 2291 xxm.
727 2262 737 2277 ‘
752 2259 874 2290 Certa-

172 2311 264 2343 mina
300 2309 463 2352 deinceps
494 2309 580 2342 obiit
616 2309 751 2341 omnia.’
790 2310 877 2350 Cap.

175 2369 284 2394 xxlv.
299 2361 309 2380 ‘
322 2361 502 2403 Aurigavit
516 2360 744 2402 plurifariam,
758 2359 876 2401 Olym-

173 2412 239 2454 piis
250 2411 354 2444 etiam
370 2411 607 2453 decemjugem
619 2434 627 2442 .
639 2434 646 2443 .
659 2434 668 2443 .
678 2411 738 2442 sed
754 2419 876 2442 excus-

174 2472 231 2494 sus
246 2471 348 2494 curru
360 2485 368 2493 .
380 2484 389 2493 .
402 2485 409 2493 .
422 2471 486 2494 nec
503 2471 545 2494 eo
561 2462 670 2494 secius
694 2466 875 2493 coronatus

175 2517 228 2544 est
240 2534 250 2545 .
261 2533 270 2544 .
285 2512 444 2546 ..ludices
461 2512 600 2544 donavit
617 2513 758 2544 civitate
778 2513 875 2544 Rom.

176 2568 214 2596 et
239 2564 388 2605 pecnnia
415 2563 550 2604 grandi,
587 2574 627 2595 ac
666 2564 874 2605 provinciam

177 2613 365 2646 universam
380 2613 554 2646 libertate.
600 2614 686 2647 Quae
710 2614 877 2646 beneficia

181 2672 201 2695 e
222 2665 331 2696 medio
354 2664 474 2705 stadio,
496 2664 716 2696 Isthmiorum
733 2664 802 2703 die,
817 2673 877 2695 sua

182 2715 257 2756 ipse
281 2726 367 2749 voce
397 2716 651 2758 pronuntiavit!
676 2717 761 2758 Cap.
789 2725 877 2749 xxv·

182 2767 194 2783 ⁴
211 2765 378 2798 Reversus
406 2777 426 2799 e
455 2768 595 2800 Graecia
623 2767 808 2808 Neapolim
822 2790 830 2798 .
844 2790 852 2799 .
867 2789 875 2798 .

180 2815 270 2846 albis
282 2815 376 2856 equis
386 2817 529 2857 introiit,
541 2818 683 2858 disjecta
695 2824 792 2858 parte
805 2828 877 2849 mu-

184 2866 226 2906 ri,
254 2869 293 2896 ut
315 2870 387 2896 mos
408 2865 655 2903 hieronicarum
678 2873 750 2900 est:
776 2868 877 2900 simili

924 1865 1000 1886 nam
1014 1855 1127 1896 capite
1140 1865 1264 1896 gerens
1279 1855 1531 1896 Olympiacam,
1541 1855 1625 1888 dex-

926 1911 979 1936 tra
1003 1914 1103 1936 manu
1131 1905 1319 1947 Pythiam‚'
1341 1907 1406 1938 διο.

967 1957 988 1986 6
1012 1956 1121 1996 Neque
1143 1965 1193 1987 res
1219 1955 1327 1987 bellica
1349 1955 1454 1987 Deliis
1471 1956 1627 1987 Ornatam

914 2006 1021 2047 soliis,
1039 2008 1108 2049 ssa]
1135 2007 1367 2058 Necxfortiter
1382 2008 1417 2039 in
1441 2007 1532 2039 bello
1550 2017 1628 2048 ges-

923 2058 968 2089 tis
985 2057 1197 2099 triumphans
1212 2058 1435 2091 coronabitur
1447 2058 1564 2089 laurea
1576 2067 1628 2089 sa-

925 2118 986 2140 cra.
1015 2108 1168 2150 Apollini
1198 2109 1289 2150 apud
1321 2109 1449 2140 Delum
1481 2109 1626 2140 insulam

925 2163 1006 2190 nato
1022 2164 1057 2190 et
1071 2159 1196 2190 eximie
1207 2160 1314 2192 culto.
1342 2159 1428 2191 Vide
1439 2169 1465 2191 1.
1488 2159 1557 2190 Od.
1573 2162 1627 2190 21.

967 2212 988 2240 9
1019 2209 1172 2241 Ostendet
1199 2209 1369 2250 Capitolio]
1403 2209 1628 2251 Triumphans

925 2260 1068 2301 quisque
1085 2260 1241 2292 inaurato
1262 2269 1363 2291 curru
1389 2269 1451 2301 per
1472 2261 1560 2291 viam
1577 2270 1627 2291 sa-

926 2320 1018 2341 cram
1043 2310 1233 2342 vehebatur
1259 2310 1302 2342 ad
1324 2310 1545 2351 Capitolium,
1569 2319 1629 2341 seu

927 2371 1040 2393 arcem
1058 2361 1201 2393 Roman.
1218 2361 1252 2392 in
1274 2365 1391 2393 monte
1405 2362 1555 2403 Tarpeio
1572 2371 1631 2392 ex-

926 2416 1104 2451 structam,
1117 2412 1161 2443 ob
1177 2412 1351 2443 inventum
1376 2411 1422 2443 ibi
1447 2416 1550 2452 caput
1572 2412 1630 2442 liu-

927 2472 1064 2494 manum
1091 2462 1141 2494 sic
1172 2462 1395 2503 appellatam.
1440 2461 1518 2492 Illic
1549 2460 1629 2492 Jovi

928 2514 1068 2554 Diisque
1090 2514 1217 2554 gratias
1242 2513 1428 2550 referebat,
1454 2511 1630 2552 spoliaque

929 2564 970 2595 de
987 2564 1142 2595 hostibus
1157 2565 1267 2595 relata
1282 2562 1517 2595 consecrabat.

975 2617 1016 2645 10
1039 2615 1102 2646 Sed
1130 2625 1199 2655 quae
1227 2615 1324 2646 Tibur
1345 2623 1446 2654 aquoe,
1468 2612 1539 2653 Sym]
1560 2612 1630 2644 Sed

930 2665 1096 2705 insignem
1130 2674 1208 2696 eum
1244 2663 1375 2695 facient
1403 2663 1560 2695 Carmina
1595 2663 1630 2693 in

931 2724 1063 2746 amoeno
1080 2714 1216 2746 Tiburis
1237 2723 1374 2746 secessu
1398 2713 1550 2752 condita,
1575 2714 1631 2744 vel

930 2767 1002 2808 ejus
1024 2765 1091 2797 loci
1114 2764 1376 2806 descriptionem
1398 2767 1436 2794 et
1455 2763 1631 2795 amoenita-

932 2821 1001 2848 tem
1027 2815 1250 2848 continentia.
1294 2814 1351 2845 De
1381 2813 1507 2844 Tibure
1534 2813 1630 2853 aquis

932 2866 999 2898 udo
1022 2875 1046 2897 1.
1068 2864 1136 2897 Od.
1163 2867 1195 2896 ⁷.
1219 2872 1275 2896 111.
1293 2863 1359 2896 Od.
1375 2865 1428 2895 29.
1472 2863 1572 2897 Quod
1588 2872 1630 2894 eo
