1930 3242
645 318 923 350 8111111οΝοΜ
959 318 1055 350 Lis.
1088 320 1119 350 1.
1149 309 1191 350 9.
1554 311 1640 353 889

190 411 238 453 Si
259 413 420 466 sapiat,
443 412 568 461 vitet,
588 412 859 467 simulatque
882 413 1127 456 adoleverit
1147 415 1287 456 aetas?

188 479 381 520 Ventum
401 483 493 520 erat
511 478 566 520 ad
587 477 760 529 Vestae,
780 484 936 534 quarta
947 480 1044 534 jam
1063 486 1189 535 parte
1210 481 1299 522 diei
1316 501 1322 506 ’
1582 481 1640 525 35

188 545 442 588 Praeterita:
471 550 517 586 et
536 558 646 586 casu
665 550 767 588 tunc
793 548 1060 601 respondere
1081 548 1242 592 vadato

188 611 416 664 Debebat;
446 611 564 666 quod
583 613 630 653 ni
646 612 838 665 fecisset,
860 615 1046 669 perdere
1067 615 1206 657 litem.

187 680 236 722 Si
258 693 328 721 me
350 693 487 730 amas,
507 679 665 733 inquit,
687 681 866 735 paulum
887 681 958 723 hic
982 682 1104 725 ades,
1164 682 1200 731 ἿῘ
1225 682 1458 733 Inteream,
1481 684 1521 725 si

186 836 271 867 quaa:
282 827 448 868 aliquando
463 828 597 860 tandem.
641 829 731 868 Ergo
746 828 798 859 ubi
810 828 947 869 primum
962 831 1056 861 oetate
1078 830 1186 861 adulta
1209 830 1283 870 erit,
1299 831 1414 870 fug-iat
1433 832 1587 872 garrulos,
1611 833 1642 864 si

181 871 318 909 prudens
331 873 388 902 ese.
430 871 663 902 Deveueramus
677 872 718 902 ad
732 872 879 911 templum
895 871 1011 911 Vestoe,
1027 875 1189 905 transacta
1195 872 1266 912 jam
1277 877 1370 914 parte
1383 875 1448 906 diei
1461 878 1589 915 quarta.-
1609 879 1642 907 et

176 911 265 949 forte
279 912 408 945 debebat
422 916 497 944 tunc
511 914 624 944 vadato
637 915 834 954 respondere,
855 913 904 944 tel
925 924 1019 945 causa
1042 916 1162 954 cadere,
1189 916 1251 947 nisi
1276 917 1486 948 vadimonium
1505 917 1642 949 obiisset.

184 953 284 985 Dixit
297 964 388 987 vero:
408 954 527 992 'Quaeso
538 957 699 998 paululum
713 956 788 988 istic
802 965 850 988 me
860 955 985 995 adjuva.
1030 957 1075 989 At
1091 968 1148 997 ego
1157 969 1167 988 .·
1192 959 1328 998 Moriar,
1343 960 1371 990 si
1386 961 1470 991 valeo
1484 963 1579 1000 stare,
1591 960 1642 991 vel

795 1062 1036 1075 meeofflaeo

184 1137 271 1168 -86
291 1137 302 1155 ‘
314 1136 405 1169 Satis
419 1138 536 1171 mirari
557 1149 692 1182 nequeo
706 1140 923 1182 Interpretes
938 1151 1054 1173 omnes
1069 1141 1207 1173 latuisse
1231 1152 1304 1173 casu
1321 1143 1434 1174 vadato
1449 1140 1549 1173 modo
1573 1140 1643 1172 dici

183 1187 246 1218 pro
262 1178 295 1210 iu
310 1188 415 1212 causa
431 1181 566 1218 vadato,
581 1192 660 1215 cum
676 1189 792 1216 notum
809 1186 853 1215 sit
868 1184 947 1225 quid
965 1193 1064 1216 casus
1081 1185 1125 1216 sit
1140 1185 1413 1218 Jurisconsultis.
1455 1186 1465 1202 ⁸
1481 1184 1638 1224 Respon-

182 1219 287 1251 dere’
309 1226 421 1254 autern
445 1223 471 1254 is
490 1223 619 1257 dicitur
641 1226 674 1257 in
698 1235 796 1267 quem
822 1226 861 1258 lis
883 1227 1084 1258 intenditur.
1127 1227 1305 1259 Bentleius
1322 1229 1430 1259 multa
1450 1227 1504 1259 1110
1527 1231 1643 1258 111ονοι

184 1271 247 1302 per
261 1262 385 1295 densas
402 1266 576 1306 tenebras,
592 1278 668 1309 quae
687 1278 754 1300 non
782 1274 866 1310 puto
893 1279 979 1309 opus
1003 1279 1079 1300 esse
1106 1270 1227 1301 lectori
1253 1270 1354 1302 modo
1380 1274 1643 1310 repraesentare.

183 1304 255 1337 Pro
269 1307 384 1338 vadato
400 1310 554 1349 reposuit
569 1312 702 1342 vadatus
716 1321 759 1343 ex
776 1311 932 1351 ingenio?
956 1312 1058 1344 Baxt.
1102 1313 1112 1329 ⁴
1128 1313 1212 1344 Casu
1225 1314 1340 1344 vadato
1355 1312 1436 1343 nihil
1453 1322 1527 1343 esse
1544 1316 1642 1352 puto.

181 1350 191 1364 ⁸
205 1347 394 1380 Vadatum'
416 1360 491 1382 esse
509 1352 563 1383 vel
579 1353 742 1389 activum.
755 1354 812 1395 qui
834 1354 934 1385 alteri
961 1354 1203 1386 necessitatem
1221 1354 1315 1385 vadis
1337 1354 1439 1385 dandi
1466 1353 1642 1395 imposuit,

183 1389 238 1421 vel
251 1391 437 1431 passivum,
453 1393 511 1434 qui
528 1393 739 1435 darejussus
755 1400 819 1434 est,
842 1397 916 1437 ipse
931 1395 1060 1427 fatetur
1081 1401 1117 1427 et
1141 1397 1264 1436 probat
1280 1396 1475 1435 Bentleius,
1491 1405 1559 1437 quo
1581 1396 1642 1427 mi-

181 1440 246 1463 nus
272 1442 359 1474 opus
387 1439 441 1466 est
466 1435 538 1467 sola
564 1437 762 1476 conjectura
788 1442 923 1469 mutare
950 1438 1134 1469 lectionem
1160 1439 1309 1469 omnium
1335 1438 1513 1479 librorum,
1540 1447 1641 1478 quam

182 1473 286 1506 etiam
302 1474 583 1509 Acron.tuetur.'
606 1478 706 1512 Germ.
751 1479 761 1497 ‘
776 1479 786 1496 ‘
799 1479 929 1511 Vadari
941 1478 950 1492 ’
973 1489 1046 1510 esse
1065 1479 1206 1512 verbum
1229 1490 1408 1512 commune
1424 1491 1442 1512 0
1462 1480 1641 1511 Prisciano

180 1514 299 1549 docuit
315 1517 404 1549 Rob.
417 1518 611 1560 Stephanus
635 1521 668 1552 in
693 1521 824 1553 Latinae
842 1522 985 1563 Linguae
1001 1522 1177 1553 Thesauro
1191 1533 1200 1554 ε
1224 1523 1278 1554 hic
1294 1528 1408 1554 autem
1426 1523 1539 1554 active
1555 1522 1642 1554 sumi

179 1566 247 1590 non
264 1563 400 1600 potest;
416 1562 493 1603 quia
508 1572 586 1594 reus
599 1564 833 1604 respondebat
846 1564 953 1596 actori
969 1565 1026 1595 sed
1045 1564 1211 1606 praeconi,
1227 1576 1246 1597 a
1265 1575 1331 1606 quo
1345 1565 1530 1597 citabatur.
1576 1564 1640 1596 As-

180 1601 300 1634 conius
315 1602 357 1634 ad
373 1603 446 1636 Cic.
464 1605 507 1636 de
523 1605 633 1638 Praet.
656 1607 741 1638 Urb.
759 1617 835 1648 cap.
852 1610 883 1638 1.
907 1607 917 1624 ⁴
934 1608 1040 1639 Recte
1064 1607 1195 1639 dictum
1223 1613 1276 1639 est
1297 1609 1307 1626 ‘
1320 1608 1506 1649 respondet
1518 1607 1539 1645 ;'
1563 1617 1640 1638 nam

182 1643 273 1684 apud
290 1650 424 1677 veteres
440 1652 476 1679 et
493 1648 647 1688 judices,
662 1655 696 1680 et
714 1649 777 1690 rei,
798 1654 833 1681 et
849 1655 1080 1688 accusatores,
1103 1654 1139 1680 et
1156 1649 1371 1689 defensores,
1398 1650 1597 1681 citabantur
1621 1660 1641 1680 a

181 1694 343 1725 praecone
366 1688 569 1722 Praetoris:'
592 1701 635 1722 ex
662 1702 730 1733 quo
756 1692 932 1733 colligitur
953 1691 1136 1723 ‘vadatus’
1160 1693 1393 1732 reponendum
1418 1702 1515 1730 esse3
1537 1691 1640 1732 idque

181 1727 456 1771 Laurenbergius
475 1732 507 1763 111
526 1732 729 1773 Antiquario
745 1734 921 1771 indicavit,
936 1738 972 1766 et
986 1733 1119 1765 duobus
1136 1734 1303 1775 exemplis
1318 1735 1328 1751 ⁴
1342 1734 1459 1765 vadari
1472 1733 1483 1747 '
1506 1734 1640 1774 passive

180 1770 290 1813 accipi
307 1773 481 1806 ostendit)
506 1775 731 1815 Cuning.—38
755 1777 874 1809 Codex
890 1777 1006 1808 Divaei
1022 1786 1079 1818 ap.
1097 1777 1201 1819 Cruq.
1224 1778 1297 1809 sine
1318 1778 1386 1809 ulla
1402 1777 1527 1809 litura:
1552 1776 1591 1808 Si
1606 1779 1641 1807 tu

836 1872 977 1906 NOTAE

222 1948 263 1978 36
291 1946 409 1988 Vesta]
434 1947 554 1980 AEdem
584 1948 702 1980 Romae
731 1947 880 1980 habebat
933 1953 1118 1980 notantur:
1146 1947 1289 1979 ‘Prima
1319 1947 1507 1979 salutantes
1537 1951 1639 1989 atque

179 1995 288 2028 Vesta
313 1997 354 2029 ad
385 1998 509 2030 clivum
533 1999 763 2040 Capitolinum
790 1998 881 2031 inter
930 1998 1038 2031 altera
1053 1999 1208 2031 continet
1224 1998 1328 2038 hora3
1348 1999 1500 2030 Exercet
1517 2007 1636 2030 raucos

181 2045 346 2086 palatium
361 2051 398 2079 et
409 2047 629 2089 Capitolium.
651 2049 776 2089 Varro,
801 2050 879 2081 Fes-
934 2048 1038 2080 tertia
1053 2048 1257 2080 causidicos.
1301 2047 1342 2079 In
1359 2047 1513 2089 quintam
1528 2048 1639 2079 varios

183 2101 250 2133 tun,
261 2097 326 2127 διο.
359 2097 435 2129 Cic.
446 2097 491 2128 de
504 2098 588 2130 Nat.
601 2099 711 2131 Deor.
723 2108 764 2130 n.
779 2108 812 2130 n.
827 2102 879 2132 67.
934 2100 1090 2131 extendit
1108 2102 1216 2132 Roma
1231 2099 1366 2132 labores
1381 2110 1390 2139 ;
1418 2100 1524 2133 Sexta
1539 2100 1637 2143 quies

180 2144 224 2176 de
254 2145 360 2177 Vesta
386 2145 541 2178 disserit:
574 2147 584 2166 ⁴
600 2147 687 2179 Haec
709 2147 807 2187 Dea‚’
831 2148 882 2180 in·
936 2149 1132 2187 lassis,’&c.

180 2196 267 2236 quit,
279 2199 290 2213 ⁸
303 2198 357 2228 est
374 2205 487 2229 rerum
501 2201 613 2230 custos
626 2198 820 2230 intimarum
829 2219 839 2229 .
851 2221 859 2230 .
871 2221 880 2231 .

182 2245 315 2278 Graecis
340 2245 432 2279 ἑστία
455 2246 596 2279 dicitur.
608 2268 618 2278 .
630 2268 639 2278 .
651 2271 659 2280 .
672 2249 754 2290 Ejus
770 2249 820 2280 vis
838 2249 880 2280 ad

178 2305 254 2328 aras
268 2300 306 2328 et
320 2295 415 2329 focos
431 2297 581 2338 pertinet
594 2317 604 2328 .
617 2320 626 2330 .
639 2320 649 2330 .
665 2298 743 2330 Non
758 2298 882 2331 absunt

178 2345 280 2386 longe
293 2345 337 2378 ab
352 2356 395 2378 ea
411 2347 470 2378 Dii
486 2347 664 2385 Penates‚'
680 2350 745 2381 &c.

220 2396 424 2436 Qum-tojam
436 2401 528 2438 parte
541 2397 620 2438 diei]
645 2398 802 2430 Diximus
821 2399 882 2430 ali-

179 2445 214 2479 bi
229 2446 318 2479 diem
340 2448 533 2480 naturalem
559 2448 661 2480 horas
679 2458 738 2479 seu
762 2454 881 2489 partes

179 2496 360 2530 duodecim
376 2498 576 2539 complecti,
590 2498 726 2530 scilicet
743 2499 786 2530 ab
802 2504 879 2530 ortu

179 2545 266 2577 Soli·
295 2547 338 2578 ad
363 2557 533 2580 occasum·
577 2549 671 2590 Ergo
701 2549 770 2581 diei
800 2559 880 2590 pars

181 2600 303 2637 quarta
322 2597 404 2628 hora
425 2598 530 2630 tertia
551 2599 669 2632 Romae
692 2600 883 2640 dicebatur,

182 2651 219 2678 et
235 2639 418 2687 respondet
431 2653 556 2680 nostrae
572 2658 671 2681 nonae
690 2650 880 2682 matutiuae.

182 2695 295 2727 Porro
310 2694 401 2736 quoti
415 2696 590 2737 sequitur:
612 2702 643 2730 et
659 2709 733 2731 casu
745 2703 818 2731 tunc
832 2709 881 2731 re-

181 2746 331 2786 spondere
358 2745 469 2776 vadato
500 2745 656 2788 Debebat,
686 2750 880 2790 explicatur

182 2805 246 2838 per
259 2795 410 2828 Martini.
427 2805 478 2828 lv.
495 2799 526 2828 8.
548 2797 604 2829 ubi
623 2806 796 2834 consuetae
813 2803 880 2834 Ro-

183 2846 291 2879 manis
305 2844 550 2887 occupationes
562 2847 605 2879 ad
619 2848 718 2881 horas
734 2850 880 2893 singulas

979 2201 1022 2230 36
1038 2200 1235 2240 Βεεροπάενε
1249 2202 1362 2233 vadato
1377 2201 1536 2243 Debebat]
1551 2203 1639 2235 Gar-

937 2249 1029 2281 rulus
1045 2250 1077 2281 111
1097 2251 1154 2292 jus
1177 2261 1195 2282 11
1211 2251 1359 2293 quodam
1383 2258 1526 2285 vocatus
1550 2260 1637 2294 erat,

937 2301 1108 2342 vadesque
1130 2301 1301 2334 dederat:
1325 2313 1406 2342 ergo
1435 2305 1498 2336 nisi
1524 2304 1639 2336 affuis-

935 2355 1001 2390 set,
1030 2351 1134 2384 vades
1157 2352 1229 2394 ejus
1254 2362 1293 2384 ac
1315 2352 1532 2395 fidejussores
1557 2365 1638 2387 con-

933 2401 1086 2433 demnati
1102 2401 1211 2443 ipsum
1228 2409 1349 2444 postea
1359 2404 1513 2444 egissent
1530 2414 1636 2441 reum,

933 2461 976 2483 ex
992 2451 1080 2492 lege.

975 2503 1017 2532 38
1041 2501 1174 2534 Paulum
1203 2502 1254 2534 11ἱο
1282 2501 1371 2541 ades]
1401 2502 1441 2532 Iu
1466 2501 1636 2542 judicium

933 2552 1012 2583 veni
1027 2561 1145 2593 quaeso
1157 2562 1304 2590 mecum,
1317 2552 1358 2583 ad
1375 2551 1564 2592 proximum
1576 2554 1635 2584 tri-

933 2601 1035 2632 bunal
1051 2601 1219 2632 Praetoris
1233 2611 1242 2640 ;
1264 2601 1381 2643 ibique
1393 2610 1447 2632 me
1457 2601 1544 2642 juva
1555 2612 1636 2635 cou-

931 2656 983 2683 tra
1000 2650 1242 2682 adversarium.

977 2701 1017 2732 Si
1030 2701 1118 2732 valeo
1126 2699 1226 2741 stare]
1239 2699 1387 2732 Infirmis
1399 2710 1462 2743 ego
1475 2702 1632 2735 cruribus

932 2750 1023 2782 haud
1041 2751 1139 2782 valeo
1162 2750 1222 2782 diu
1237 2756 1331 2782 stans
1347 2761 1485 2784 manere
1506 2753 1540 2784 111
1557 2753 1634 2787 foro

935 2806 1014 2834 aute
1041 2803 1250 2841 Praetorem3
1275 2802 1334 2834 ubi
1364 2803 1484 2835 sedere
1506 2814 1573 2837 non
1598 2807 1636 2837 li-

934 2858 1004 2885 cet.
1049 2852 1117 2884 Alii
1132 2856 1218 2885 stare
1243 2852 1526 2896 interpretantur,
1543 2861 1634 2887 stare
