1904 3256
431 583 495 632 V.
546 582 650 632 CL.
710 582 936 633 ANDR.
995 580 1303 646 DACERH

611 746 1131 806 PRAEFATIO

844 913 891 938 IN

496 1035 839 1091 HORATII
893 1032 1248 1083 SATIRAS.

331 1354 386 1380 DE
415 1351 611 1380 omenta-2
640 1351 691 1377 ΕΤ
723 1349 974 1377 PROGRESSU
1003 1349 1170 1375 SATIRAE
1200 1347 1407 1382 ROMANAE,

422 1440 428 1442 ,
479 1414 531 1440 ΕΤ
559 1413 670 1443 QUAS
702 1410 984 1437 MUTATXONES
1015 1409 1238 1435 SUBIERIT.

150 1479 360 1526 Honxrn
380 1479 528 1517 Satiras
548 1478 702 1516 duobus
723 1476 846 1514 Libris
866 1475 1184 1526 comprehensas,
1204 1487 1310 1513 nunc
1330 1478 1341 1497 ‘
1358 1473 1593 1520 Sermones,’

147 1556 253 1583 nunc
267 1549 279 1565 ‘
291 1542 466 1588 Satiras:
478 1541 587 1579 nullo
601 1539 837 1586 discrimine,
850 1538 1061 1591 appellavit
1070 1539 1172 1590 ipse:
1190 1551 1321 1576 verum
1335 1550 1422 1576 cum
1437 1541 1447 1558 ‘
1462 1537 1576 1575 Ideas
1587 1537 1596 1550 '

147 1605 275 1644 modis
295 1603 527 1657 quibusdam
547 1602 753 1641 distinctas
773 1602 901 1640 animo
920 1606 1200 1651 repraesentent
1216 1613 1263 1637 ea
1277 1600 1482 1644 vocabula,
1501 1611 1595 1648 ope-

147 1682 202 1708 rae
218 1669 383 1721 pretium
401 1668 575 1706 facturus
593 1666 739 1710 videor,
760 1665 806 1710 si,
825 1663 918 1715 quid
939 1663 1089 1714 antiqui
1109 1663 1276 1700 Romani
1297 1675 1365 1712 per
1385 1660 1596 1700 ‘Satiram'

147 1731 421 1778 intellexerint,
450 1741 654 1780 exponam.
711 1727 865 1765 Primus
896 1725 1145 1764 doctissimus
1176 1716 1449 1770 casaubonus,
1478 1729 1595 1773 atque

149 1793 250 1833 adeo
269 1793 376 1832 solus
397 1793 437 1830 in
457 1805 504 1830 eo
523 1791 683 1830 feliciter
702 1802 857 1840 operam
875 1788 1020 1839 posuit,
1047 1793 1091 1826 ut
1123 1787 1408 1826 demonstraret
1438 1799 1526 1837 quae
1556 1793 1597 1823 et

151 1856 280 1908 qualis
302 1862 409 1895 esset
426 1854 564 1894 Possis
584 1852 751 1891 Satirica
770 1852 1012 1898 Graecorum,
1041 1862 1131 1901 quae
1158 1850 1287 1888 Satira
1317 1849 1594 1886 Romanorum.

151 1921 224 1974 Est
239 1919 306 1960 ille
322 1919 417 1958 liber
435 1916 630 1970 quantivis
650 1914 786 1967 pretii:
815 1926 889 1953 nec
907 1913 1074 1952 diffiteor
1091 1925 1152 1951 me
1181 1912 1272 1950 inde
1299 1912 1504 1963 plurimum
1525 1911 1595 1949 ad-

145 1984 273 2035 jutum
291 1983 426 2021 fuisse.

205 2045 283 2084 Hie
309 2047 412 2084 enim
444 2050 505 2083 est
532 2043 695 2089 fructus,
722 2054 838 2093 quem
857 2053 905 2080 ex
924 2038 1196 2080 excellentium
1213 2039 1381 2078 virorum
1402 2037 1596 2077 laboribus

151 2107 349 2159 percipere
368 2108 577 2145 debemus:
606 2106 673 2156 qui
691 2104 780 2142 ideo
797 2105 907 2142 nobis
924 2104 1172 2155 puniverunt,
1200 2107 1246 2140 ut
1275 2101 1316 2139 in
1341 2101 1478 2153 spissis
1496 2101 1596 2139 anti-

153 2169 312 2222 quitatis
331 2169 498 2207 tenebris
518 2169 642 2207 facem
675 2167 975 2206 succedentibus
1003 2165 1241 2218 praeferrent.
1297 2166 1386 2204 Non
1407 2165 1596 2204 tamenin

153 2232 370 2284 superiores
388 2232 443 2270 ita
461 2231 563 2270 oculi
593 2229 803 2281 deligendi,
832 2236 877 2267 ut
901 2228 1064 2280 propriis
1083 2229 1199 2267 etiam
1220 2228 1421 2279 gressibus
1440 2239 1518 2265 non
1539 2233 1597 2264 at-

151 2293 384 2333 tendamus:
413 2307 482 2346 per
508 2294 596 2332 illas
624 2293 727 2333 enim
752 2292 939 2331 incedunt
957 2291 1167 2342 aliquando
1187 2291 1360 2336 semitas,
1388 2291 1428 2328 in
1457 2290 1596 2341 quibus

152 2369 232 2397 non
250 2363 377 2396 tutum
397 2357 448 2395 sit
467 2370 533 2396 eos
554 2356 686 2407 sequi:
707 2355 748 2394 id
767 2355 874 2407 quod
893 2362 933 2408 et
951 2367 1024 2406 ego
1041 2354 1104 2393 hic
1121 2354 1220 2402 cavi,
1237 2367 1342 2406 saepe
1360 2354 1440 2392 vias
1461 2365 1596 2403 parum

153 2420 262 2459 tritas
284 2426 457 2467 secutus,
475 2426 519 2458 ut
535 2420 574 2456 in
595 2431 800 2470 progressu
819 2418 980 2471 patebit.

207 2482 280 2522 Est
295 2489 423 2521 autem
443 2483 570 2521 Satira
587 2481 770 2532 quaedam
790 2481 959 2520 Pokiseos
979 2479 1130 2531 species
1151 2478 1236 2516 aliis
1263 2489 1381 2529 quam
1411 2475 1597 2513 Romanis

154 2555 310 2594 prorsus
336 2545 550 2596 incognita,
577 2557 650 2583 nec
678 2544 760 2582 ulla
788 2556 876 2582 cum
898 2543 1062 2580 Satirica
1080 2540 1306 2578 Graecorum
1325 2538 1433 2588 possi
1450 2550 1597 2588 cogna-

157 2605 261 2644 tione
293 2607 514 2658 conjuncta‚
552 2620 641 2658 quae
673 2613 802 2644 tamen
835 2603 1078 2654 quorundam
1111 2602 1313 2639 doctorum
1349 2600 1480 2650 opinio
1511 2600 1595 2638 fuit.

161 2663 418 2707 Quintilianus
438 2682 589 2707 omnem
608 2667 889 2706 dubitationem
908 2665 1020 2711 tollit,
1048 2676 1136 2702 cum
1156 2662 1288 2700 scribit
1309 2675 1340 2699 1.
1363 2662 1426 2700 10.
1447 2665 1458 2683 ‘
1471 2661 1597 2699 Satira

161 2726 318 2777 quidem
334 2734 416 2767 tota
433 2737 567 2769 nostra
583 2731 670 2770 est!
727 2729 823 2768 Inde
853 2734 915 2766 est
947 2727 1052 2780 quod
1083 2725 1267 2765 Horatius
1289 2738 1320 2763 1.
1340 2724 1423 2763 Sat.
1447 2725 1507 2763 10.
1528 2725 1593 2763 66.

162 2793 172 2810 ‘
196 2787 343 2828 Graeeis
362 2791 548 2831 intactum
565 2805 719 2832 carmen
733 2794 741 2809 ’
761 2793 923 2831 dixerat.
