1930 3242
366 254 450 296 896
836 267 879 303 Q.
911 261 1110 294 nortun
1148 261 1316 291 FnAcct

370 357 546 397 Nuui‘r.
567 356 855 408 incomposito
877 355 968 392 dixi
992 352 1104 404 pede
1126 364 1293 392 currere
1314 365 1464 392 versus

369 422 511 462 Lucili
528 435 537 461 z
569 422 666 473 quis
690 427 775 458 tani
799 418 943 456 Lucili
963 417 1106 456 fautor
1126 418 1268 468 inepte
1289 423 1372 467 est,

370 487 431 527 Ut
450 499 534 526 non
556 487 640 525 hoc
660 483 880 524 fateatur?
913 481 974 521 At
994 481 1128 531 idem,
1149 481 1268 535 quod
1289 483 1382 523 sale
1403 482 1533 523 multo

370 551 530 592 Urbem
550 548 762 596 defricuit,
783 546 934 587 charta
951 547 1155 588 laudatur
1173 547 1335 588 eadem.

410 668 529 707 Scripsi
543 666 689 696 nimirum
703 665 819 696 Lucilii
831 665 968 696 carmina
990 666 1036 696 ire
1053 666 1129 705 pede
1143 666 1307 699 incondito.
1349 667 1464 708 Ecquis
1478 671 1542 698 tam
1555 667 1648 698 stulte
1664 669 1709 697 ese
1723 666 1788 697 Lu-

367 711 433 741 cilii
445 709 594 747 defensor,
614 710 649 738 ut
663 707 696 737 id
711 707 835 737 minime
849 708 991 738 concedat
1002 711 1015 738 ‚⁹
1064 708 1174 739 Verum
1189 708 1240 739 iue
1254 708 1318 748 ipse
1332 710 1435 740 eadem
1446 710 1479 740 in
1493 708 1665 740 mmbrana
1682 709 1787 739 laudu-

368 755 430 791 ίαν,
443 751 520 790 quod
533 748 699 780 acerbitate
709 749 844 789 plurima
855 749 1010 780 deitatem
1022 749 1197 789 perfricuit.
1242 751 1347 791 Neque
1360 760 1431 781 vero
1453 752 1486 781 id
1508 751 1538 781 ei
1560 750 1706 791 larg-iens,
1724 749 1788 780 alia

952 840 992 853 &O
994 840 1191 854 OOOOOOO

368 904 572 936 Horatianos
587 905 688 946 siquis
705 910 814 946 putet,
827 915 902 937 enm
919 905 951 936 in
967 906 1019 937 his
1035 906 1141 937 literis
1158 916 1273 947 parum
1291 906 1403 938 videre
1418 906 1481 938 ait:
1499 906 1559 937 sibi
1575 905 1727 936 assentiri
1741 905 1790 936 di-

367 947 416 977 cit
429 945 485 978 Jo.
501 945 674 984 Auratum,
693 948 741 978 M.
758 947 799 979 A.
813 948 996 986 Muretum,
1010 948 1057 979 Si.
1071 949 1223 986 Bosium,
1238 948 1293 980 Jo.
1309 948 1548 979 Passeratium.
1591 947 1730 978 Vossius
1745 946 1788 976 de

368 988 486 1019 Poe'tis
502 989 576 1019 Lat.
593 998 625 1028 p.
640 991 672 1019 9.
696 991 705 1006 ‘
723 995 800 1019 sunt
817 989 912 1020 valde
928 989 1081 1029 antiqui‚'
1107 990 1154 1020 ait
1175 990 1218 1020 de
1240 989 1291 1020 his
1316 989 1478 1028 versibus,
1498 991 1508 1006 ‘
1525 987 1682 1029 quicquid
1698 987 1790 1018 dicat

369 1029 574 1060 Lambinus:
618 1029 801 1061 Ascensius
826 1030 927 1068 (edit.
950 1033 1043 1061 1544.
1066 1029 1142 1071 fol.)
1163 1032 1173 1048 ‘
1190 1030 1290 1069 sunt‚’
1316 1031 1438 1071 inquit,
1457 1033 1467 1048 ‘
1483 1031 1540 1071 qui
1562 1030 1787 1061 Maecenatem

368 1073 476 1101 taxari
494 1072 547 1102 hic
563 1077 746 1107 autument,
761 1078 795 1102 et
811 1072 884 1102 ideo
900 1077 1038 1112 propter
1053 1073 1160 1111 ipsum
1176 1072 1219 1102 ab
1238 1071 1378 1102 Horatio
1394 1077 1560 1102 resectum
1583 1071 1646 1102 hoc
1665 1073 1790 1110 capnt:

367 1113 478 1143 Etiam
495 1113 690 1151 Glareanus,
712 1118 721 1132 ⁸
738 1113 876 1150 Ablatiss
898 1114 1018 1154 inquit,
1040 1114 1049 1130 ‘
1067 1118 1207 1152 possunt
1232 1112 1336 1143 videri
1362 1112 1472 1153 poetae
1496 1110 1658 1142 consilim'
1701 1111 1789 1142 Haec

369 1153 510 1192 faciunt,
528 1160 565 1185 nt
580 1155 695 1193 dignos
712 1160 825 1195 putem
841 1163 967 1192 versus,
993 1154 1050 1195 qui
1073 1155 1176 1185 etiam
1197 1155 1250 1184 hic
1273 1155 1446 1193 legantur:
1469 1155 1502 1185 in
1524 1153 1636 1193 primis
1657 1161 1744 1190 cum,
1763 1152 1792 1183 si

369 1204 433 1226 nou
449 1197 515 1227 sint
532 1197 677 1235 Horatii,
702 1197 828 1237 antiqui
853 1201 977 1233 tamen,
991 1200 1027 1227 et
1043 1195 1206 1235 ingeniosi
1221 1196 1362 1226 hominis
1377 1205 1460 1235 opus
1475 1193 1674 1226 videantur:
1697 1193 1794 1225 Gesn.

370 1236 417 1267 Hi
433 1247 548 1269 versus
564 1239 686 1268 desunt
701 1238 800 1269 etiam
827 1238 858 1268 in
887 1238 980 1269 Harl.
996 1240 1027 1268 2.
1042 1240 1074 1268 4.
1087 1241 1120 1268 6.
1144 1237 1277 1276 adsunt,
1294 1237 1440 1268 secunda
1458 1245 1569 1274 manu,
1590 1236 1622 1267 in
1643 1234 1793 1274 margine

369 1277 465 1311 Harl.
482 1283 513 1310 3.
558 1280 731 1310 Bentleius
757 1280 824 1310 alto
851 1279 984 1310 silentio
1010 1288 1070 1310 eos
1096 1279 1272 1318 praeteriit.
1314 1279 1374 1309 Vs.
1390 1282 1422 1309 2.
1444 1277 1612 1316 Defensor-e
1631 1277 1679 1308 tui
1699 1276 1794 1307 malit

369 1319 511 1351 Ascens.
556 1321 613 1352 va.
629 1324 660 1351 4.
686 1321 754 1355 Quo
768 1322 930 1360 meliorque
943 1320 993 1351 vir
1007 1323 1054 1351 est
1068 1330 1152 1351 unus
1169 1321 1262 1350 Harl.
1306 1321 1367 1352 Vs.
1378 1323 1409 1351 6.
1425 1321 1435 1338 ‘
1450 1319 1638 1359 Legendum
1683 1326 1735 1348 uer
1749 1320 1795 1348 ese

369 1361 460 1391 loris.
473 1384 480 1392 .
495 1383 502 1391 .
517 1383 524 1391 .
539 1362 727 1392 Exonmtus.
765 1362 939 1392 Posterius
955 1362 1016 1392 hoc
1034 1362 1106 1401 jam
1122 1362 1310 1400 suspicatus
1327 1367 1379 1392 est
1397 1366 1514 1392 acutus
1531 1360 1580 1391 vir
1595 1360 1639 1391 H.
1690 1359 1795 1389 latea-

370 1410 444 1432 nus.
489 1403 672 1432 Exornavit
696 1412 731 1433 se
758 1403 858 1432 armis
872 1402 1021 1442 juvenis,
1047 1412 1143 1442 quem
1172 1403 1292 1441 tangit,
1315 1407 1351 1432 et
1374 1403 1495 1432 malum
1510 1402 1656 1432 minatus
1671 1404 1723 1431 est
1740 1399 1794 1430 vel

371 1442 465 1473 dedit
482 1443 566 1473 adeo
582 1444 645 1480 his,
661 1444 716 1482 qui
734 1453 829 1474 secus
845 1444 1011 1474 sentirent
1026 1442 1068 1473 de
1085 1443 1237 1474 Lucilio:
1253 1443 1350 1473 Gesn.
1397 1444 1459 1478 Qui
1472 1443 1600 1473 mullum
1613 1450 1708 1481 nuper
1721 1442 1796 1471 loris

370 1487 400 1514 et
412 1484 541 1521 funibus
560 1485 629 1514 udis
652 1485 830 1515 Exomatas
850 1485 937 1524 conj.
964 1485 1236 1522 &utgardum—2
1257 1486 1267 1502 ‘
1286 1484 1404 1515 Codex
1424 1486 1572 1524 optimus
1595 1483 1712 1523 inepti5
1734 1481 1795 1512 sed

371 1526 467 1556 unius
494 1535 556 1565 ego
587 1526 777 1556 testimonio
804 1532 974 1566 receptam
1001 1525 1183 1556 lectionem
1209 1531 1337 1556 mutare
1366 1535 1434 1556 non
1460 1524 1586 1556 ausim!
1610 1525 1796 1555 Torreat.—

1010 1629 1150 1661 NOTAE

372 1689 470 1727 Cato,
498 1689 617 1720 Lucilii
638 1690 833 1728 admirator,
853 1690 927 1730 ejus
949 1694 1061 1722 tamen

371 1747 486 1768 versus
514 1739 701 1778 complures
738 1740 919 1771 emendare
953 1745 1061 1780 parat,

371 1791 466 1817 certe
482 1796 546 1817 non
563 1792 681 1818 carent
695 1788 836 1818 mendis.
867 1789 993 1819 Verum
1009 1793 1062 1820 est

373 1835 430 1875 qui
461 1836 623 1866 Lucilium
647 1837 776 1868 Catone
803 1838 920 1867 melius
945 1836 1061 1867 defen-

372 1883 452 1914 dat:
477 1884 503 1914 is
526 1894 647 1924 nempe
673 1885 730 1925 qui
752 1894 866 1916 secum
883 1885 995 1915 defert
1010 1884 1060 1915 fn-

372 1941 432 1963 nes
453 1937 487 1962 et
514 1931 655 1972 flagella,
679 1933 799 1973 quibus
827 1934 1000 1972 percutiat
1025 1938 1060 1964 et

371 1981 526 2012 coerceat
541 1990 598 2011 eos
614 1990 728 2011 omnes
751 1980 807 2021 qui
832 1981 1059 2013 obtrectarint

373 2030 502 2062 Lucilio
518 2035 553 2060 et
568 2030 738 2061 veteribus
754 2030 881 2062 Poetis.
925 2031 969 2061 Et
985 2031 1058 2062 haec

371 2079 512 2111 ironice.
556 2081 639 2113 Quae
664 2079 798 2120 quidem
820 2081 1002 2111 ostendunt
1024 2085 1060 2111 et

373 2129 536 2160 Lucilium
552 2129 706 2160 habuisse
725 2130 982 2170 reprehensores
1003 2129 1061 2159 du-

373 2177 465 2216 dum,
481 2183 514 2208 et
533 2179 659 2218 pariter
674 2177 819 2208 fautores
833 2178 934 2208 etiam
950 2177 1062 2218 inepte,

372 2228 461 2269 quod
477 2229 525 2259 ait
540 2228 593 2259 liic
610 2228 783 2260 Horatius.

415 2280 433 2307 l
459 2277 576 2317 Nempe
588 2278 876 2318 incom1103ito,s·c.]
900 2277 976 2309 Hoc
990 2287 1061 2309 cer-

374 2331 409 2358 te
434 2335 507 2357 esse
537 2327 722 2366 legitimum
746 2326 841 2366 hujus
869 2327 990 2357 Satirae
1020 2335 1062 2356 ex

351 2393 353 2395 v
374 2374 518 2414 abrupto
533 2375 707 2406 exordium
727 2380 910 2406 sanxerunt
929 2374 1063 2405 eruditi.

416 2423 620 2463 Incompoaeito
630 2423 700 2454 dixi
708 2425 794 2463 pede,
802 2422 872 2463 ssa]
885 2423 1063 2462 Lucilium,

374 2471 495 2512 fateor,
522 2472 748 2512 reprehendi;
771 2472 906 2512 dixique
931 2471 1062 2502 durius-

375 2521 468 2551 culos
497 2530 568 2551 esse
593 2521 665 2561 ejus
689 2530 823 2552 versus:
847 2520 906 2551 sed
928 2519 1063 2551 laudavi

375 2569 506 2607 pariter
519 2570 606 2610 quod
624 2569 759 2601 vitiosos
771 2570 859 2600 cives
873 2571 968 2601 Rom.
979 2569 1064 2600 acri-

377 2621 430 2647 ter
459 2618 642 2650 insectatus
672 2620 725 2650 sit.
771 2620 848 2650 Uno
874 2619 976 2650 verbo
1003 2628 1064 2651 nec

376 2666 491 2697 debita
520 2669 639 2708 negavi
669 2669 791 2708 elogia,
826 2677 886 2699 nec
917 2667 1065 2698 indebita

376 2716 540 2747 eoncessi-
569 2718 713 2749 Sanctus
730 2717 868 2748 Hieron.
886 2716 995 2756 Epist.
1010 2717 1063 2745 45.

1113 1691 1156 1722 ad
1192 1692 1385 1722 Pammach.
1415 1691 1425 1708 ‘
1445 1689 1648 1730 Mordetnr,’
1678 1689 1798 1731 inquit,

1114 1741 1123 1756 ‘
1139 1744 1174 1770 et
1201 1740 1348 1771 Lucilius
1366 1739 1453 1781 quod
1478 1739 1696 1780 incomposito
1710 1738 1798 1778 pede

1114 1794 1240 1827 currat,
1262 1793 1297 1819 et
1317 1793 1430 1820 tamen
1446 1789 1532 1820 sales
1548 1789 1618 1829 ejus
1641 1788 1798 1828 leposque

1113 1837 1316 1867 laudantur-,⁹
1778 1835 1781 1837 ’

1155 1887 1174 1915 3
1203 1886 1247 1915 Ut
1260 1895 1321 1915 non
1334 1884 1550 1925 hoc-fateatur]
1563 1884 1621 1916 Sic
1634 1890 1699 1918 est.
1711 1886 1799 1917 Sunt

1112 1932 1168 1974 qui
1186 1933 1330 1973 probent
1345 1935 1455 1965 onmia
1477 1935 1510 1964 in
1527 1944 1566 1965 eo
1581 1935 1668 1975 quod
1685 1935 1799 1975 aliqua

1113 1986 1210 2020 parte
1240 1981 1419 2013 admodum
1449 1983 1594 2023 placuit:
1625 1983 1799 2024 nolintque

1111 2028 1212 2060 fateri
1228 2039 1342 2061 naevos
1358 2031 1468 2062 inesse
1479 2032 1523 2071 ei,
1538 2032 1571 2062 in
1586 2041 1652 2072 ιμιο
1668 2032 1799 2073 perfec-

1115 2082 1150 2109 ta
1170 2079 1337 2119 quaepiam
1360 2079 1577 2111 admirantur.
1620 2081 1801 2112 Verumta-

1114 2136 1189 2158 rnen
1218 2128 1322 2158 ‘nihil
1345 2132 1398 2158 est
1421 2138 1462 2160 ex
1487 2129 1577 2160 omni
1601 2134 1697 2170 parte
1723 2130 1799 2162 bea-

1116 2175 1216 2206 tum-¹

1156 2223 1230 2255 Sale
1244 2225 1337 2255 multo
1357 2225 1469 2257 Urbem
1480 2225 1640 2265 defricuit]
1656 2226 1799 2258 Sanctus

1115 2273 1340 2312 Hieronymus
1367 2274 1476 2312 Epist.
1508 2277 1562 2307 47.
1592 2275 1635 2306 de
1663 2274 1798 2306 Vitaud.

1116 2322 1215 2361 Susp.
1225 2321 1368 2352 Contub.
1379 2322 1389 2338 ‘
1400 2321 1464 2352 Ubi
1475 2323 1532 2353 illa
1544 2322 1709 2363 quondam
1721 2332 1799 2354 cou-

1116 2370 1254 2407 stantia,
1275 2379 1340 2410 qua
1364 2371 1468 2401 multo
1485 2372 1554 2401 sale
1571 2371 1682 2402 orbem
1699 2371 1801 2403 defri-

1118 2428 1195 2449 cans
1220 2418 1426 2449 Lucilianum
1451 2419 1621 2460 quidpiam
1635 2420 1802 2453 retulisti!

1116 2469 1212 2499 Pers.
1226 2468 1296 2499 Sat.
1311 2477 1336 2499 ι.
1347 2471 1418 2499 114.
1439 2470 1448 2486 ‘
1461 2470 1569 2500 secuit
1586 2470 1732 2501 Lucilius
1745 2479 1799 2501 ur-

1117 2517 1204 2555 bem,
1225 2516 1288 2554 ΤΕ,
1304 2517 1410 2557 Lupe,
1428 2522 1473 2558 te,
1489 2518 1600 2554 Muti,’
1615 2520 1679 2550 ὅτε.
1705 2519 1796 2560 Lege

1119 2566 1191 2596 Cic.
1207 2564 1249 2595 de
1265 2565 1374 2595 Finib.
1390 2574 1413 2596 1.
1436 2575 1468 2596 n.
1484 2569 1516 2597 9.
1544 2567 1599 2598 ubi
1615 2568 1732 2599 Lucilii
1748 2577 1799 2599 re·

1117 2613 1186 2644 fert
1211 2622 1335 2644 versus.
1379 2614 1465 2645 Vide
1488 2621 1523 2646 et
1545 2625 1620 2656 quae
1643 2616 1799 2648 annotavi

1118 2662 1158 2694 ad
1177 2662 1275 2693 Pers.
1289 2663 1347 2694 cit.
