1890 3256
346 522 429 582 Q.
499 520 949 581 HORATII
1017 524 1403 585 FLACCI

464 705 1273 777 EPISTOLARUM

712 901 933 951 LIBER
980 903 1027 950 1.

679 1203 996 1246 EPISTOLA
1035 1205 1073 1246 I.

656 1315 723 1346 AD
757 1315 1094 1346 MAEGENATEM.

147 1390 284 1423 Omissa
306 1401 344 1423 re
366 1391 498 1423 ludicra
522 1391 751 1433 Philosophiae
773 1401 810 1423 se
834 1392 952 1424 tradit.
976 1393 1079 1426 ant.
1125 1393 1190 1435 (Et
1204 1393 1497 1435 philosophemata
1511 1404 1603 1436 quae-

187 1443 278 1484 dam,
300 1449 460 1485 tanquam
476 1445 663 1485 specimina
679 1445 781 1485 illius,
795 1455 858 1486 per
873 1446 1008 1477 lancem
1024 1451 1174 1478 saturam
1191 1446 1299 1478 addit.
1326 1447 1443 1488 Gesn.)
1492 1448 1603 1480 Hora-

187 1496 255 1528 tius
279 1505 299 1527 a
325 1497 517 1528 Maecenate
538 1501 744 1538 provocatus
768 1497 810 1529 ad
834 1506 952 1530 versus
968 1499 1180 1539 scribendos,
1197 1503 1341 1531 excusat
1356 1509 1392 1531 se
1406 1500 1449 1531 ob
1464 1504 1603 1532 aetatem

186 1548 496 1590 ingravescentem,
512 1554 548 1581 et
566 1550 666 1581 animi
684 1550 910 1592 propositum,
925 1561 992 1592 quo
1016 1551 1058 1583 ad
1083 1552 1261 1593 sapientiae
1289 1553 1437 1584 studium
1456 1554 1604 1594 amplec-

186 1601 326 1634 tendum
342 1602 503 1642 ducatur,
518 1603 700 1644 seligendis
722 1604 998 1645 philosophorum
1016 1605 1182 1636 variorum
1198 1605 1384 1646 praeceptis
1406 1606 1457 1646 iis,
1481 1606 1603 1647 quibus

187 1658 287 1694 putet
301 1663 338 1686 se
353 1655 458 1686 vitam
473 1656 618 1697 quodam
635 1655 735 1687 modo
751 1665 872 1696 regere
886 1661 924 1688 et
938 1656 1118 1688 instituere
1135 1666 1234 1697 posse
1250 1657 1438 1697 sapienter,
1454 1663 1493 1689 nt
1508 1663 1604 1690 certe

187 1706 272 1738 vitia
288 1706 398 1748 fugiat
414 1713 598 1750 careatque
624 1709 784 1748 stultitia,
809 1718 877 1750 qua
900 1709 1000 1750 vulgo
1023 1709 1181 1741 laborent
1205 1709 1369 1749 homines,
1385 1710 1442 1751 qui
1467 1710 1604 1744 divitias

183 1759 394 1801 honoresque
410 1765 541 1793 tantum
565 1761 679 1803 magni
701 1761 842 1803 faciant,
858 1762 1041 1794 contemtis
1064 1762 1167 1793 animi
1190 1762 1385 1803 ingeniique
1407 1763 1606 1804 virtutibus,

181 1812 316 1854 sintque
332 1814 442 1851 valde,
457 1816 529 1846 sive
544 1814 670 1847 divites
684 1815 755 1847 sive
771 1825 955 1856 pauperes,
978 1815 1012 1847 in
1038 1815 1139 1847 rebus
1155 1815 1361 1856 appetendis
1378 1820 1412 1847 et
1426 1815 1602 1858 fugiendis

185 1865 429 1906 inconstantes,
445 1872 481 1899 et
495 1867 737 1909 negligentiam
763 1877 877 1899 rerum
904 1868 1110 1899 minutarum
1136 1867 1170 1899 in
1197 1868 1277 1900 vitae
1300 1869 1395 1900 cultu
1416 1868 1603 1911 habituque

183 1919 334 1959 graviter
355 1919 623 1960 reprehendant,
638 1919 724 1952 vitia
740 1924 860 1952 contra
883 1920 985 1951 animi
1009 1919 1222 1961 gravissima,
1238 1925 1362 1961 utpote
1386 1922 1541 1962 vulgaria
1566 1927 1603 1955 et

188 1972 327 2012 usitata,
343 1981 410 2004 non
427 1977 561 2005 curent.

148 2044 319 2086 Pium
340 2046 459 2087 dicte
477 2047 599 2095 mihi,
620 2059 791 2088 summa
814 2046 1005 2088 dicende
1027 2046 1258 2096 Camoena‚

194 2142 224 2173 0
237 2143 395 2175 Moecenas
408 2154 427 2175 a
442 2153 489 2175 me
507 2143 656 2175 celebrate
675 2143 788 2183 primis
811 2143 1011 2184 carminibus,
1036 2147 1068 2176 et
1093 2143 1272 2175 celebrande
1291 2143 1468 2184 postremis,
1488 2154 1536 2175 me
1553 2149 1603 2177 sot

189 2291 335 2324 Decima
350 2295 386 2323 et
402 2291 522 2323 ultima
536 2290 646 2332 Epist.
663 2290 738 2323 Lib.
752 2290 896 2322 secundi
911 2291 946 2322 in
963 2291 1029 2324 Ed.
1043 2291 1232 2324 Sanam—8
1252 2293 1334 2325 Vat.
1353 2294 1450 2325 Rom.
1464 2296 1496 2326 2.
1519 2295 1602 2326 onti-

807 2375 947 2407 NOTAE

189 2440 277 2472 Haec
289 2449 365 2481 pars
377 2439 515 2472 Horatii
527 2439 728 2471 Sermonum
741 2439 848 2470 altera
901 2439 1018 2471 chrum
1030 2443 1095 2476 est,
1104 2440 1257 2472 versibus
1267 2445 1303 2472 et
1315 2441 1438 2472 stricta
1447 2441 1602 2474 oratione

147 2490 214 2523 dici
243 2495 368 2531 potent,
398 2490 574 2522 continens
604 2488 788 2529 Epistolas,
813 2489 846 2520 in
901 2490 1051 2522 scribere
1077 2490 1245 2532 ejusmodi
1276 2491 1460 2530 Epistolas.
1508 2491 1600 2524 Hinc

147 2540 269 2582 quibus
281 2541 457 2580 eleganter
468 2545 504 2571 et
519 2545 639 2571 ornate
651 2537 788 2579 quidem
803 2538 847 2569 ad
901 2540 1027 2571 etenim
1054 2544 1091 2571 et
1113 2539 1219 2580 major
1233 2538 1444 2570 familiaritas
1467 2539 1500 2571 in
1523 2550 1601 2573 suos

147 2589 274 2622 amicos
289 2588 408 2620 scribit
425 2597 490 2620 non
507 2593 577 2620 tam
593 2587 636 2619 de
660 2587 763 2619 rebus
787 2587 848 2619 do·
901 2590 1032 2621 elucet:
1057 2594 1093 2621 et
1107 2589 1303 2620 nonnullam
1320 2589 1485 2621 scribenti
1501 2590 1601 2622 liber-

150 2638 302 2670 mesticis
318 2642 355 2669 et
366 2636 531 2679 futilibus,
545 2647 647 2679 quarn
663 2638 706 2668 de
722 2638 848 2678 gravis·
903 2643 1008 2670 tatem
1020 2643 1055 2670 et
1066 2638 1296 2670 amoeuitatem
1310 2637 1466 2671 tribuunt
1478 2640 1602 2672 Musae.

149 2688 241 2720 simis
257 2687 457 2728 quibusque,
472 2693 554 2727 puta
567 2687 611 2719 de
626 2688 777 2719 moribus
789 2697 848 2719 ve·
903 2688 957 2720 Ita
971 2698 1052 2720 sane
1068 2687 1222 2729 quaedam
1239 2686 1373 2719 facilius
1387 2695 1600 2731 enarrantur,

150 2748 186 2770 ra
202 2738 330 2769 virtute
345 2735 577 2770 informandis.
602 2739 730 2771 Merito
745 2739 849 2780 igitur
904 2743 939 2770 et
953 2748 1030 2779 quae
1047 2747 1109 2779 per
1130 2747 1166 2769 se
1183 2742 1331 2777 austera,
1341 2737 1525 2779 jucundius
1541 2750 1600 2773 ex-

149 2790 159 2806 ‘
175 2788 356 2829 Sapientes
373 2786 559 2828 Epistolas'
582 2794 755 2831 nuncupat
770 2790 849 2821 Sca·
903 2790 1088 2831 cipiuntur.

152 2839 252 2879 liger.
297 2833 398 2870 Quod
419 2837 446 2868 si
462 2845 598 2878 novum,
613 2843 649 2870 at
665 2845 759 2872 certe
777 2840 849 2881 pul-
947 2839 1079 2870 Prima—
1102 2837 1173 2870 haec
1212 2838 1368 2879 Epistola
1396 2839 1601 2872 Maecenatis
