1930 3242
370 284 454 324 940
834 297 875 333 Q.
907 295 1110 325 HORA'rn
1146 295 1317 325 emaci

374 384 606 426 Hesternis
625 386 746 426 vitiis
767 387 955 425 animum
975 397 1144 438 quoque
1164 392 1404 439 praegravat
1424 401 1521 437 una,

371 448 515 503 Atque
535 450 685 501 affligit
703 449 832 488 humo
855 449 1013 490 divinae
1033 451 1282 503 particulam
1304 465 1435 494 aurae.

371 513 510 564 Alter,
530 515 603 555 ubi
622 514 740 553 dicto
761 513 890 554 citius
910 519 1059 556 curata
1079 518 1226 569 sopori
1725 519 1785 561 8⁰

373 651 469 681 Immo
481 659 586 697 cerpus
603 659 774 689 oppressum
786 651 970 690 precedenti
987 652 1222 692 intemperantia
1240 654 1332 686 simul
1353 656 1496 695 deprimit
1513 656 1657 694 animum,
1671 660 1702 687 et
1713 665 1783 696 pro-

371 692 483 723 sternit
505 701 538 722 m
559 694 673 722 terram
685 692 784 723 divini
796 693 923 732 spiritus
933 693 1112 733 portionem.
1155 695 1246 726 Alter
1258 699 1374 737 contra,
1389 701 1546 737 postquam
1559 697 1706 728 recreavit
1719 706 1785 728 cor-

963 784 1041 798 me

370 855 462 886 dubia
475 860 595 895 surgat.
639 857 723 889 Exc.
736 859 813 891 Sax.
826 860 964 898 des-urgit
979 860 1166 892 dubim—79
1179 861 1188 878 ‘
1199 861 1300 901 Atque
1315 861 1415 909 affigit
1428 866 1463 892 et
1477 865 1607 892 veteres
1622 861 1786 892 editiones

370 896 505 935 habent,
521 902 556 928 et
571 907 683 929 omnes
700 901 844 931 omnium
861 901 1014 939 codices3
1037 908 1260 942 praeterquam
1283 905 1401 942 quibus
1423 911 1500 934 usus
1522 907 1574 933 est
1598 902 1786 941 Lambinus,

371 947 510 977 quorum
526 939 714 980 duodecim,
735 942 761 972 si
784 941 867 972 fides
883 947 946 978 est,
969 942 1093 982 adfligit
1110 943 1345 983 praeferebant.
1389 945 1459 975 Nos
1483 953 1562 974 sane
1587 943 1620 974 in
1645 944 1736 974 nullo
1751 944 1786 974 id

373 979 527 1026 yidimuS.
566 981 684 1022 Neque
700 991 780 1013 vero
795 982 827 1013 id
842 984 981 1014 multum
997 984 1112 1023 refert,
1129 989 1236 1015 utrum
1253 985 1324 1023 ulli,
1336 985 1390 1024 qui
1406 994 1492 1015 nunc
1507 984 1641 1025 quidem
1656 990 1790 1023 extant,

372 1025 421 1051 its
445 1021 592 1052 habeant
615 1031 740 1054 necne:
764 1033 839 1055 cum
861 1025 940 1055 satis
955 1030 1087 1056 constet
1104 1030 1171 1056 tam
1187 1035 1228 1056 ex
1246 1026 1310 1056 alio
1336 1026 1447 1056 Flacci
1471 1026 1545 1056 loco
1560 1034 1585 1056 1.
1601 1026 1671 1056 Sat.
1688 1029 1717 1057 1.
1731 1028 1785 1058 81.

369 1071 466 1102 quam
483 1071 525 1092 ex
541 1063 653 1094 multis
669 1064 807 1095 aliorum
822 1071 1006 1103 auctorum,
1027 1075 1126 1096 voces
1146 1068 1156 1083 ‘
1169 1065 1332 1106 Affigere'
1354 1071 1389 1096 et
1410 1067 1420 1083 ⁴
1434 1065 1591 1105 Affligere
1603 1065 1612 1079 ’
1629 1067 1750 1105 passim
1767 1076 1786 1097 a

371 1103 531 1150 Librariis
554 1103 712 1136 confundi
735 1106 854 1138 solere.
897 1107 972 1137 Hoc
998 1107 1099 1146 igitur
1125 1107 1177 1137 hic
1199 1116 1353 1146 agamus3
1376 1116 1439 1136 non
1455 1111 1531 1137 utra
1551 1107 1652 1137 lectio
1674 1107 1787 1146 plures

370 1144 505 1174 codices
521 1154 696 1184 sponsores
711 1147 848 1186 habeat,
863 1148 922 1178 sed
938 1153 1014 1178 utra
1030 1148 1156 1182 melior,
1170 1148 1243 1179 loco
1258 1147 1380 1187 aptior,
1396 1153 1430 1178 et
1445 1147 1488 1178 ad
1503 1148 1699 1178 sententiam
1713 1157 1790 1179 con-

369 1185 570 1216 venientior.
613 1188 658 1218 Et
682 1187 724 1218 de
749 1188 811 1219 hoc
833 1189 969 1230 quidem
991 1189 1122 1229 litigant
1146 1189 1375 1229 Interpretes;
1399 1197 1508 1228 neque
1530 1189 1616 1219 ullus
1635 1188 1790 1228 litigandi

370 1225 446 1257 finis
469 1227 548 1267 erit,
573 1228 637 1259 nisi
662 1228 689 1259 si
715 1234 835 1261 auctor
857 1230 898 1260 ab
922 1230 1047 1262 umbris
1075 1230 1240 1262 excitatus
1264 1230 1522 1261 controversiam
1546 1230 1616 1269 ipse
1641 1230 1789 1262 dirimat.

370 1268 507 1308 Quippe
530 1273 670 1310 utraque
692 1269 794 1302 lectio
818 1271 924 1311 proba
948 1276 1020 1310 est3
1045 1275 1080 1302 nt
1099 1280 1233 1303 necesse
1257 1272 1300 1302 sit
1317 1271 1402 1302 hanc
1425 1271 1483 1307 illi,
1503 1271 1591 1302 illam
1613 1271 1710 1302 alteri
1730 1280 1790 1310 pro

370 1309 464 1340 vario
480 1310 646 1342 hominum
663 1316 762 1351 gustu
777 1313 880 1353 magis
895 1313 1042 1353 placere.
1078 1313 1200 1353 Recta,
1210 1314 1243 1344 ni
1260 1313 1409 1352 fallor,et
1424 1318 1518 1344 extra
1533 1321 1662 1344 omnem
1677 1321 1791 1352 repre-

369 1350 561 1381 hensionem
589 1353 700 1392 posita
722 1358 775 1384 est
801 1354 904 1385 lectio
930 1355 988 1385 illa
1009 1354 1173 1385 Lambini.
1218 1355 1336 1394 Neque
1353 1359 1462 1384 tamen
1485 1354 1586 1384 nihilo
1601 1354 1708 1384 minus
1724 1353 1788 1385 tibi

371 1391 520 1422 arrideat
546 1393 601 1423 illa
627 1394 744 1434 altera,
767 1404 865 1434 quam
890 1395 1028 1426 aliorum
1052 1395 1186 1426 codices
1208 1400 1303 1425 tanto
1326 1404 1487 1425 consensu
1514 1394 1786 1425 subministrant:

370 1431 472 1471 Atque
496 1433 608 1473 adfigit
633 1434 721 1465 humo
743 1435 857 1466 divinoe
877 1436 1058 1475 particulam
1077 1434 1185 1467 auraess
1209 1437 1322 1466 Bentl.
1366 1435 1456 1466 Han.
1485 1435 1581 1466 Gott.
1605 1436 1686 1466 Exc.
1709 1436 1786 1466 sax.

370 1473 468 1503 Harl.
483 1477 515 1504 2.
530 1477 561 1504 3.
576 1477 608 1505 4.
623 1477 655 1506 6.
690 1476 803 1507 Zarot.
827 1477 966 1507 Mediol.
985 1479 1077 1508 1477.
1103 1479 1197 1507 1502.
1225 1481 1262 1506 et
1290 1475 1388 1507 codd.
1415 1480 1557 1516 quatuor
1581 1476 1790 1514 Bersmnnni,

369 1514 480 1553 affigit.
522 1515 531 1531 ‘
548 1515 742 1547 Auctoritas
768 1527 864 1557 paene
892 1527 952 1557 par
974 1517 1147 1556 utriusque
1175 1517 1278 1548 verbi.
1321 1517 1381 1548 Vis
1402 1517 1545 1555 diversa,
1566 1517 1621 1547 sed
1645 1522 1789 1557 utraque

369 1554 446 1586 huic
463 1556 536 1586 loco
554 1562 654 1596 apta:
678 1558 792 1598 affligit
816 1559 847 1589 vi
872 1558 1033 1599 quadam3
1054 1559 1168 1599 affigit,
1191 1563 1228 1589 ut
1251 1567 1317 1589 non
1342 1558 1448 1598 possit
1466 1557 1627 1598 surgere.’
1650 1558 1790 1589 Gesta.—

1013 1660 1157 1692 No'rAE

372 1731 477 1772 piosa,
490 1735 528 1762 ut
537 1739 635 1772 quem
646 1741 664 1762 e
677 1736 728 1763 tot
737 1732 820 1764 cibis
835 1732 949 1773 capias
959 1732 1056 1764 dubi-

372 1790 409 1811 us
424 1780 478 1812 sis.
506 1781 640 1812 Terent.
658 1781 795 1814 Phorm.
813 1781 889 1812 Act.
905 1790 947 1813 11.
961 1782 971 1800 ‘
985 1782 1056 1814 Pu.

372 1829 475 1859 Coena
500 1829 604 1859 dubia
634 1830 824 1869 apponitur.
877 1830 944 1862 Gn.
966 1831 1056 1862 Quid

371 1876 459 1907 istuc
474 1876 566 1907 verbi
581 1877 652 1907 est?
697 1878 765 1908 ΡΗ.
790 1877 857 1908 Ubi
870 1882 907 1908 tu
921 1878 1056 1909 dubites

374 1924 453 1965 quid
468 1933 578 1955 sumas
595 1924 826 1964 potissimum.’

413 1976 455 2004 78
476 1973 622 2004 Animum
637 1977 816 2013 proegravat
829 1974 906 2014 una]
942 1974 1055 2005 Hebe-

373 2027 440 2053 tem
456 2022 569 2053 reddit
584 2031 622 2052 ac
639 2023 688 2053 sui
706 2023 859 2059 similem,
874 2032 1055 2064 secumque

373 2071 414 2101 ad
429 2075 551 2102 terram
567 2071 708 2102 inclinat
724 2072 880 2106 animum,
896 2072 965 2112 qui,
980 2081 1055 2103 cum

373 2119 496 2150 divinae
524 2129 659 2155 consors
689 2124 818 2151 naturae
841 2121 898 2160 sit,
929 2129 1056 2150 sursum

373 2168 478 2200 debet
508 2173 544 2200 et
573 2168 615 2198 ad
651 2168 807 2200 sublimia
840 2169 1058 2209 coelestiaque

373 2217 511 2248 conuiti-
555 2217 738 2248 Cic.'Tusc.
751 2227 784 2249 v.
801 2226 834 2248 n.
847 2220 919 2250 100.
933 2217 944 2235 ‘
956 2217 1060 2257 Quid,

373 2266 462 2307 quod
479 2274 521 2296 ne
536 2269 648 2296 mente
663 2266 798 2305 quidem
813 2272 905 2298 recte
917 2266 966 2297 uti
983 2275 1058 2306 pos-

375 2322 486 2344 sumus
511 2313 618 2344 multo
644 2313 718 2344 cibo
746 2318 783 2344 et
809 2314 944 2354 potione
970 2322 1059 2345 com-

374 2360 492 2402 pleti?’

415 2410 459 2440 79
468 2408 597 2450 Affiigit
609 2408 740 2450 [aeffgit]
756 2408 860 2448 humo]
877 2408 931 2439 Al.
945 2408 1059 2450 affligit

374 2458 470 2489 humi.
491 2458 563 2489 Cic.
573 2457 616 2488 de
625 2457 825 2488 Senectute:
841 2457 851 2473 ‘
861 2457 1058 2488 Estanimus

374 2507 520 2539 coelestis
549 2515 591 2537 ex
618 2506 780 2537 altissimo
807 2505 976 2538 domicilio
1001 2506 1059 2537 de-

375 2564 519 2596 pressuS,
532 2559 567 2586 et
582 2555 677 2596 quani
694 2555 863 2586 demersus
878 2555 910 2586 in
924 2560 1060 2597 terram,

374 2604 483 2635 locum
507 2604 630 2635 divinae
654 2609 783 2635 naturae
807 2605 1057 2647 aeternitatique

375 2652 601 2686 contrarium?

421 2700 546 2732 Divinoe
557 2702 741 2742 particulam
750 2701 850 2742 auroe]
874 2702 944 2736 Cic.
959 2702 1058 2733 Tusc.

376 2757 410 2781 v.
424 2757 457 2781 n.
470 2751 523 2781 38.
544 2750 554 2768 ‘
572 2750 746 2782 Humanus
769 2751 895 2782 animus
912 2758 954 2782 ex
976 2749 1058 2781 divi-

1108 1743 1151 1765 na
1171 1739 1283 1765 mente
1308 1734 1489 1775 decerptus
1513 1743 1587 1765 cum
1613 1733 1679 1765 alio
1700 1733 1790 1764 nullo

1109 1783 1173 1814 nisi
1188 1792 1261 1814 cum
1277 1783 1350 1823 ipso
1365 1785 1455 1822 Deo,
1473 1784 1499 1814 si
1515 1784 1577 1814 hoc
1592 1782 1642 1813 fas
1657 1786 1707 1813 est
1722 1782 1792 1814 dic-

1109 1836 1158 1871 tu,
1172 1833 1358 1871 comparari
1371 1832 1507 1872 potest.'
1547 1832 1668 1862 Senec.
1682 1831 1791 1871 Epist.

1109 1883 1160 1910 56.
1175 1880 1261 1910 ratio
1277 1880 1355 1910 nihil
1371 1879 1462 1910 aliud
1477 1883 1529 1910 est
1544 1887 1641 1920 quam
1663 1879 1696 1909 in
1719 1888 1791 1910 cor·

1109 1936 1170 1967 pus
1199 1927 1376 1958 humanum
1406 1937 1484 1967 pars
1518 1927 1623 1958 divini
1652 1927 1792 1967 spiritus

1107 1984 1228 2007 mersa.
1257 1977 1412 2008 Juvenal.
1426 1977 1495 2007 Sat.
1512 1985 1573 2007 xv.
1589 1978 1662 2006 146.
1683 1977 1694 1994 ⁴
1710 1975 1793 2006 Seu-

1108 2034 1180 2055 sum
1207 2034 1227 2055 a
1255 2025 1383 2056 coelesti
1415 2024 1594 2056 demissum
1630 2024 1791 2055 traximus

1109 2073 1210 2104 arce!
1254 2073 1434 2113 Egregium
1467 2073 1552 2103 hane
1583 2072 1628 2103 illi
1658 2072 1794 2104 Ethnici

1108 2121 1307 2152 sententiam
1323 2121 1463 2151 hausere
1480 2130 1523 2151 ex
1539 2121 1648 2152 Sacris
1662 2121 1793 2152 Codici-

1107 2169 1180 2208 bus,
1207 2179 1291 2210 quos
1314 2178 1378 2199 non
1405 2170 1614 2209 ignoravere,
1645 2174 1682 2200 nt
1710 2169 1792 2199 alibi

1107 2216 1190 2248 dixi.
1233 2217 1356 2249 Genes.
1370 2226 1444 2257 cap.
1455 2227 1495 2249 u.
1515 2221 1525 2235 ⁴
1538 2217 1706 2248 Formevit
1722 2217 1791 2248 Do-

1107 2265 1216 2297 minus
1230 2265 1326 2296 Deus
1341 2265 1504 2296 hominem
1525 2265 1567 2295 de
1586 2265 1664 2295 limo
1679 2267 1792 2303 ten-ae,

1107 2318 1143 2344 et
1158 2313 1334 2354 inspiravit
1350 2313 1382 2343 in
1405 2312 1525 2344 faciem
1550 2315 1621 2352 ejus
1642 2311 1791 2353 spiracu-

1109 2363 1177 2393 lum
1192 2361 1285 2392 vitae:
1315 2365 1351 2391 et
1374 2359 1484 2392 factus
1499 2365 1551 2392 est
1563 2360 1660 2392 homo
1675 2361 1709 2392 in
1723 2361 1792 2393 ani-

1110 2419 1197 2441 mam
1213 2407 1404 2440 viventem!

1151 2461 1192 2489 80
1213 2457 1316 2496 Alter,
1330 2457 1383 2488 ubi
1395 2456 1477 2487 dicto
1490 2456 1593 2496 citius,
1606 2458 1673 2499 ξω]
1695 2457 1793 2490 Alter

1110 2506 1232 2547 frugali
1261 2510 1357 2536 utens
1385 2505 1489 2545 victu,
1517 2510 1692 2546 postquam
1716 2506 1792 2538 cibo

1110 2562 1289 2594 somnoque
1325 2552 1456 2583 modico
1490 2553 1621 2596 curavit
1656 2563 1792 2595 corpus,

1110 2603 1216 2643 surgit
1231 2603 1341 2633 alacer
1357 2606 1392 2632 et
1415 2601 1591 2642 expeditus
1611 2601 1653 2632 ad
1678 2602 1793 2634 solitas

1110 2653 1270 2683 actiones.
1296 2651 1423 2682 Contra
1437 2650 1493 2691 qui
1507 2650 1670 2682 hesternis
1684 2651 1792 2691 epulis

1111 2701 1218 2732 adhuc
1233 2709 1364 2740 graves,
1382 2699 1424 2743 ad
1440 2699 1671 2731 resumendum
1696 2707 1791 2732 mane

1112 2750 1256 2785 laborem
1271 2758 1386 2791 parum
1400 2753 1477 2781 sunt
1493 2748 1615 2789 vegeti.
1670 2756 1673 2757 ⁷
