1936 3236
876 323 922 359 Q.
954 319 1162 350 HonATu
1197 316 1365 348 πωροι

579 411 710 453 Illum
728 425 813 452 non
832 412 956 453 labor
977 412 1183 452 Isthmius

632 477 824 518 clarabit
844 477 1042 530 pugilem,
1063 489 1150 516 non
1171 487 1305 528 equus
1326 475 1511 527 impiger

409 605 501 636 letam
515 605 687 637 nobilitabit
703 606 866 637 Isthmium
880 609 1044 644 certamen,
1059 614 1119 635 mm
1133 613 1225 644 equus
1240 613 1309 634 acer
1324 604 1469 635 rictorem
1483 612 1575 636 curru
1587 603 1674 633 vehet
1685 601 1833 639 Achaico,

1052 711 1082 740 N
1089 709 1188 741 01¹AE

411 793 478 826 od.
493 798 524 826 9.
542 794 618 825 init.
661 794 749 824 Vide
764 794 810 825 ibi
826 794 910 826 Not.

450 842 652 884 Melpomene]
672 843 740 874 Pro
756 844 906 883 qualibet
918 843 1090 874 Musarum

407 892 492 924 hanc
509 892 614 932 ponit.
645 892 696 922 De
712 902 752 923 ea
766 900 790 922 1.
807 892 874 924 Od.
891 894 944 923 24.
960 894 991 922 3.

449 941 470 971 2
493 941 676 971 Nascenaeem
697 940 813 980 placido
838 941 949 971 lumine
963 939 1088 977 videris,

407 988 476 1028 ξε]
512 989 674 1019 Desumta
704 988 747 1018 ab
775 988 924 1019 Hesiodo
949 988 1088 1028 aliisque

406 1030 537 1069 Graecis
573 1036 749 1067 sententia.
801 1037 928 1067 Placido
964 1035 1088 1075 lumine]

405 1085 636 1126 Εὗμενεστέροις
655 1084 794 1124 ὄμμασιν.
837 1086 894 1116 Sic
914 1091 949 1116 et
966 1085 1088 1116 Tibuil.

404 1144 447 1166 11.
470 1138 503 1166 4.
521 1136 555 1165 in
578 1134 667 1166 fine:
690 1135 747 1165 ‘Si
767 1135 865 1165 modo
888 1145 940 1165 me
956 1135 1088 1175 placido

402 1185 517 1216 videat
533 1185 687 1216 Nemesis
702 1195 777 1216 mea
793 1186 909 1216 vultu.’
948 1187 1023 1217 Huc
1038 1186 1088 1216 fa-

403 1233 453 1264 cit
477 1233 566 1273 quod
590 1233 706 1263 scribit
730 1233 905 1265 Juvenalis
928 1234 997 1264 Sat.
1023 1243 1086 1264 vn.

402 1284 475 1312 195.
498 1283 508 1298 ‘
522 1280 625 1312 distat
640 1281 740 1319 enim,
757 1291 830 1321 quae
847 1281 965 1312 Sidera
981 1286 1015 1312 te
1031 1290 1088 1312 ex-

402 1329 529 1369 cipiant
548 1328 645 1359 modo
667 1329 790 1368 primos
810 1329 1028 1367 incipientem
1042 1329 1086 1358 E-

402 1378 482 1409 dere
497 1377 652 1417 vagitus:
662 1378 724 1407 &c-

443 1428 462 1456 3
499 1426 591 1456 Illum
628 1435 688 1455 non
720 1424 809 1455 labor·
832 1424 990 1460 Isthmius,
1016 1424 1085 1464 δμκ]

402 1475 518 1508 Quem.
534 1473 623 1505 facili
647 1477 682 1504 et
697 1473 858 1504 benevolo
875 1473 975 1503 Musa
989 1473 1084 1503 vultu

400 1527 593 1554 nascentem
609 1522 741 1560 viderit,
761 1521 788 1552 is
809 1521 942 1562 quidem
967 1531 1031 1552 non
1047 1522 1084 1553 il·

401 1572 513 1602 lustris
525 1572 590 1602 erit
601 1571 765 1611 pugilatu,
777 1571 960 1612 quadrigali
973 1580 1085 1607 cursu,

401 1624 459 1651 aut
473 1620 538 1650 alio
564 1619 779 1650 Isthmiorum
802 1619 955 1650 ludorum
977 1625 1086 1651 certa—

400 1669 489 1699 mine
500 1678 509 1706 ;
522 1677 587 1698 non
598 1669 699 1698 etiam
713 1666 800 1698 bello
816 1668 923 1698 clarus
937 1667 1081 1699 evadet:

398 1715 458 1746 sed
481 1715 601 1746 nobilis
624 1715 691 1746 erit
713 1714 827 1754 poeta,
851 1715 976 1756 ubique
1000 1716 1087 1746 cele·

399 1764 492 1795 brior
507 1773 605 1804 quam
621 1763 688 1793 sint
709 1763 755 1792 illi
776 1763 936 1794 Isthmica
957 1764 1010 1794 vel
1025 1764 1085 1794 mi-

398 1812 489 1843 litari
518 1812 666 1842 victoria.
710 1812 793 1842 Eam
821 1821 900 1842 vero
927 1812 990 1842 sibi
1014 1814 1083 1852 glo-

399 1862 483 1892 riam
512 1870 531 1891 a
557 1861 666 1892 Musis
695 1869 887 1891 concessam
919 1861 1084 1901 praedicat

400 1909 574 1941 Horatius.

440 1958 541 1989 Labor
566 1958 731 1998 Isthmius]
755 1959 935 1993 Certamen
958 1964 993 1991 et
1016 1960 1083 1991 vic-

367 2004 373 2010 *
400 2007 487 2038 toria
512 2007 545 2038 in
571 2007 656 2038 ludis
680 2008 719 2038 iis
747 2008 802 2048 qui
828 2009 927 2039 tertio
951 2018 1083 2049 quoque

399 2064 498 2094 anno,
508 2056 610 2087 totius
622 2056 759 2087 Achaiae
771 2066 946 2095 concursu,
955 2057 1083 2088 fiebant

398 2106 432 2136 in
454 2105 582 2137 Isthmo
607 2114 712 2145 prope
729 2105 940 2146 Corinthum,
959 2105 1001 2136 de
1017 2115 1082 2146 quo

399 2164 425 2186 1.
440 2154 507 2185 Od.
521 2157 554 2186 7.
567 2157 598 2185 2.
623 2154 752 2185 Ibidem
766 2159 839 2185 erat
849 2164 977 2185 sacrum
993 2155 1083 2195 Nep·

399 2208 479 2235 tuno
495 2203 618 2235 fanum.
660 2203 770 2234 Ludos
786 2204 860 2234 illos
874 2204 1019 2234 instituit
1030 2204 1079 2234 Si-

397 2254 521 2294 syphus
546 2254 620 2284 Rex
646 2252 907 2289 Corinthiorum,
932 2257 970 2282 ut
999 2253 1080 2283 scri-

397 2302 481 2334 bunt
509 2302 624 2342 aliqui,
650 2301 683 2332 in
707 2302 866 2332 honorem
890 2300 1079 2332 Melicertae

398 2360 457 2382 seu
486 2350 686 2382 Palaemonis
708 2355 766 2380 aut
788 2350 931 2380 Portuni
960 2350 1080 2380 marini

397 2399 483 2438 Dei3
504 2399 569 2438 vel,
584 2403 620 2430 ut
636 2399 692 2429 alii
708 2397 870 2438 referunt,
885 2399 1030 2429 Theseus
1046 2399 1079 2429 in

395 2448 554 2481 honorem
583 2447 747 2488 Neptuni,
770 2448 981 2478 aemulatione
1004 2448 1078 2488 qui-

398 2496 473 2527 dem
494 2495 648 2527 Herculis
672 2496 727 2536 qui
745 2494 906 2536 Olympia
925 2496 1003 2528 Jovi
1027 2496 1077 2527 di-

397 2552 544 2575 caverat.
587 2543 674 2574 Vide
690 2543 788 2575 Alex.
811 2543 852 2574 ab
869 2543 965 2575 Alex.
993 2553 1027 2576 v.
1045 2547 1077 2575 8.

396 2591 570 2623 Plutarch.
595 2592 630 2623 in
650 2591 768 2622 Thesei
789 2592 880 2624 vita.
922 2592 1076 2624 Strabou.

397 2639 590 2678 Geograph.
605 2640 661 2671 lib.
675 2648 756 2671 vm.
783 2640 857 2671 Liv.
873 2649 1007 2672 xxxm.
1023 2644 1076 2673 32.

393 2687 404 2703 ⁴
418 2687 654 2726 Isthmiorum,’
678 2688 797 2728 inquit,
818 2689 828 2706 ⁴
842 2692 964 2719 statum
992 2689 1074 2720 ludi-

395 2745 487 2766 crum
503 2735 637 2765 aderat.
652 2757 661 2765 .
675 2756 683 2765 .
695 2745 760 2775 quo
775 2737 956 2768 certamina
968 2738 1074 2768 omnis

394 2783 528 2823 generis
544 2784 662 2814 artium
681 2783 864 2825 viriumque
879 2795 919 2817 ac
931 2786 1073 2826 pernici-

1076 803 1082 809 ‘
1143 794 1221 826 tatis
1232 794 1384 825 visuntur
1395 816 1403 826 .
1415 815 1423 825 .

1432 815 1440 824 .
1450 796 1587 834 propter
1594 789 1828 832 opportunita-

1142 848 1210 874 tem
1227 844 1293 874 loci
1317 853 1376 884 per
1400 843 1464 874 duo
1487 843 1619 873 diversa
1633 840 1736 871 maria
1757 848 1827 870 orn·

1142 894 1232 924 nium
1253 893 1450 925 Graecorum
1475 891 1621 932 undique
1643 894 1828 921 conventus

1140 941 1237 973 erat!
1280 942 1319 972 In
1351 942 1390 972 iis
1413 941 1555 972 victores
1581 938 1661 979 pinu
1690 945 1831 969 corona·

1141 990 1274 1029 bantur,
1291 1000 1333 1022 ex
1350 990 1439 1020 Plin.
1455 997 1514 1019 xv.
1530 991 1580 1018 10.
1602 987 1728 1018 Contra
1744 984 1828 1016 Coel.

1142 1039 1285 1079 Rhodig.
1315 1048 1380 1070 vn.
1410 1041 1462 1069 10.
1492 1045 1647 1068 coronam
1674 1033 1828 1065 Isthmia-

1141 1098 1213 1119 cam
1229 1088 1365 1119 contexi
1381 1097 1422 1118 ex
1446 1087 1522 1126 apio
1543 1092 1722 1116 consuesse
1747 1081 1829 1114 scri-

1141 1137 1202 1168 bit.
1235 1139 1280 1169 Et
1296 1146 1380 1168 xm.
1398 1139 1445 1168 1⁷.
1459 1137 1492 1167 in
1504 1133 1689 1174 olympicis
1701 1132 1826 1171 cetina,

1141 1186 1216 1226 (seu
1229 1185 1399 1226 oleastro‚)
1410 1186 1443 1216 in
1452 1184 1582 1225 Pythiis
1593 1184 1699 1222 lauro,
1711 1181 1744 1212 in
1757 1181 1790 1212 N
1793 1190 1827 1212 e-

1141 1234 1221 1263 meis
1243 1235 1347 1264 selino
1375 1233 1507 1271 virenti,
1531 1231 1565 1262 id
1588 1235 1654 1271 est,
1681 1230 1771 1271 apio,
1792 1229 1827 1260 in

1139 1279 1287 1310 Isthmiis
1315 1280 1420 1310 selino
1443 1279 1536 1317 item,
1555 1277 1614 1308 sed
1641 1279 1828 1316 arescente,

1139 1327 1254 1357 solitos
1269 1328 1433 1357 coronari.
1467 1326 1606 1356 Archias
1622 1325 1732 1356 Poeta
1747 1326 1828 1366 Epi-

1139 1383 1243 1414 gram.
1259 1374 1318 1405 lib.
1332 1383 1358 1404 ι.
1374 1374 1415 1405 de
1431 1377 1575 1414 quatuor
1593 1371 1738 1403 Groeciae
1755 1382 1826 1404 cer-

1137 1423 1315 1454 taminibus
1330 1423 1377 1453 ita
1392 1422 1502 1453 canit:
1517 1419 1620 1452 Ἀθλα
1634 1419 1667 1451 δὲ
1688 1422 1762 1462 τῶν,
1777 1420 1826 1452 0:6-

1136 1482 1231 1509 τινος,
1243 1472 1340 1510 μῆλα,
1353 1471 1473 1506 σέλινα,
1488 1469 1586 1501 πίτυς.

1178 1523 1198 1551 4
1223 1520 1378 1560 Clarabit]
1412 1520 1481 1551 Pro
1516 1520 1527 1537 ‘
1539 1518 1753 1558 declarabit,
1777 1519 1825 1550 in·

1137 1569 1276 1610 quiunt3
1293 1579 1368 1602 nam
1383 1579 1463 1601 voce
1479 1569 1644 1609 praeconis
1657 1569 1823 1600 victorum

1135 1618 1270 1649 nomina
1292 1617 1549 1649 declarabantur
1571 1622 1608 1648 et
1629 1618 1824 1658 pronuntia-

1136 1667 1268 1698 bantur.
1311 1667 1399 1698 Illud
1416 1675 1546 1708 quoque
1568 1665 1707 1697 verbum
1730 1676 1826 1697 usur·

1135 1720 1271 1754 parunt,
1283 1715 1370 1755 apud
1386 1714 1424 1747 C.
1439 1715 1482 1746 de
1492 1715 1606 1746 Divin.
1623 1723 1646 1746 ¹.
1662 1717 1715 1746 21.
1736 1714 1824 1747 1²03-

1135 1770 1183 1803 ta,
1207 1765 1366 1804 ‘Jupiter
1394 1765 1528 1795 excelsa
1553 1764 1704 1796 clarabat
1725 1774 1823 1805 scep-

1133 1818 1188 1844 tra
1216 1813 1362 1852 corona,’
1396 1814 1532 1844 Lucret.
1564 1812 1624 1843 lib.
1655 1821 1708 1845 ιν.
1763 1813 1822 1844 Sic

1134 1863 1252 1901 virgil.
1266 1862 1398 1894 AEneid.
1417 1871 1468 1894 x1.
1481 1863 1542 1902 ait,
1565 1864 1574 1880 ‘
1586 1862 1712 1894 crimen
1729 1872 1822 1894 acer-

1133 1910 1216 1941 bat.’

1178 1959 1335 2000 Pugilem]
1357 1959 1442 1991 Vide
1454 1960 1535 1991 Not.
1554 1958 1630 1991 Ode
1645 1959 1822 2000 superiori,

1134 2008 1270 2048 strophe
1286 2012 1317 2038 5.

1178 2057 1251 2088 Non
1271 2066 1363 2096 equus
1383 2056 1515 2096 impiger
1539 2056 1641 2087 Curru
1665 2057 1753 2088 ducet
1774 2059 1820 2089 A·

1133 2105 1252 2144 choico]
1275 2106 1329 2136 De
1343 2105 1450 2136 curuli
1463 2105 1648 2137 certamine
1663 2115 1689 2136 ι.
1705 2105 1773 2137 od.
1790 2109 1820 2138 1.

1134 2155 1166 2184 4.
1211 2154 1287 2184 Non
1304 2153 1439 2184 videtur
1454 2153 1567 2184 facere
1583 2154 1625 2185 ad
1641 2163 1711 2185 rem
1728 2154 1818 2195 quod

1134 2201 1283 2231 nonnulli
1309 2200 1452 2232 afferunt
1477 2202 1544 2241 hic,
1562 2203 1596 2233 in
1614 2201 1744 2234 Achaia
1765 2213 1818 2234 sa-

1133 2259 1207 2280 cros
1225 2259 1346 2290 agonas
1361 2249 1524 2281 celebrari
1545 2251 1769 2291 consuevisse,
1784 2251 1817 2281 in

1132 2299 1251 2340 quibus
1272 2299 1328 2339 qui
1353 2299 1512 2338 vicerant,
1527 2298 1705 2330 hieronicae
1721 2298 1815 2336 dicti,

1129 2348 1162 2378 in
1177 2347 1322 2387 patriam
1345 2347 1590 2378 reducebantur
1605 2356 1704 2379 curru
1721 2349 1815 2388 quasi

1131 2396 1323 2436 triumphali
1347 2396 1441 2436 equis
1463 2396 1547 2427 albis
1569 2401 1710 2437 quatuor
1725 2401 1815 2428 trac·

1130 2449 1176 2476 to.
1219 2444 1319 2484 Apud
1347 2445 1484 2476 Diodor.
1510 2445 1613 2475 Sicul.
1640 2445 1698 2476 lib.
1729 2453 1813 2477 1111.

1128 2495 1311 2525 Exaenetus
1328 2493 1548 2532 Agrigentum
1563 2493 1741 2533 invehitur,
1757 2504 1811 2526 co-

1129 2545 1227 2573 mites
1255 2546 1332 2572 sunt
1359 2541 1445 2581 bigae
1475 2542 1607 2573 curules
1635 2547 1811 2574 trecentae.

1128 2591 1263 2622 Vitruv.
1287 2590 1347 2621 lib.
1371 2599 1424 2622 1x.
1449 2600 1585 2631 prooem·
1607 2592 1616 2610 ‘
1632 2591 1811 2624 Nobilibus

1129 2639 1263 2670 athletis
1277 2638 1332 2679 qui
1346 2638 1660 2680 Olympia,Pythia‚
1674 2641 1814 2680 Nemea,

1126 2687 1267 2719 Isthmia
1277 2687 1447 2726 vicissent,
1457 2687 1652 2719 Graecorum
1666 2689 1809 2728 majores

1127 2738 1174 2768 ita
1188 2747 1323 2777 magnos
1338 2738 1478 2768 honores
1491 2738 1748 2775 constituerunt,
1761 2739 1808 2770 uti

1125 2795 1192 2818 non
1212 2786 1310 2818 modo
1333 2786 1366 2818 in
1388 2790 1557 2818 conventu
1580 2790 1710 2819 stantes
1730 2797 1805 2820 cum
