1890 3256
367 272 475 314 1074
832 287 876 323 Q.
910 285 1115 314 HoRATn
1151 285 1323 315 FLAcm

373 374 463 414 Nec
485 386 641 426 sequar
661 380 735 415 aut
755 375 930 427 fugiam,
950 389 1046 428 quae
1067 376 1207 428 diligit
1224 377 1320 429 ipse
1344 378 1409 418 vel
1431 378 1548 430 odit;

365 438 479 479 Olim
497 439 615 491 quod
635 441 788 491 vulpes
804 445 970 491 aegroto
991 445 1119 480 cauta
1139 442 1254 481 leoni

366 504 625 556 Respondit,
644 504 843 545 referam:
876 504 994 554 Quia
1013 518 1079 545 me
1100 507 1281 558 vestigia
1296 510 1451 547 terrent

365 569 523 610 Omnia
544 575 585 610 te
608 569 835 609 adversum
855 571 1114 622 spectantia,
1136 571 1252 611 nulla
1273 575 1519 612 retrorsum.
1725 575 1781 614 75

365 634 519 674 Bellua
534 634 759 674 multorum
776 647 822 674 es
842 636 1057 686 capitum:
1080 647 1180 675 nam
1200 636 1302 688 quid
1323 638 1505 689 sequar?
1528 641 1606 677 aut
1625 650 1749 690 quem
1762 640 1781 678 t

364 698 475 739 Pars
493 698 711 739 hominum
732 700 860 751 gestit
881 701 1124 741 conducere
1144 701 1345 754 publica:
1379 707 1479 742 sunt
1499 702 1575 754 qui

361 840 544 862 communes.-
567 836 597 862 et
611 842 666 863 cur
680 843 738 864 non
753 843 848 863 amem
866 834 913 864 vel
939 833 1053 863 oderim
1075 843 1142 872 quae
1158 834 1221 872 ipse
1241 838 1324 866 amat
1338 838 1391 866 aut
1405 839 1582 866 aversatur:
1603 834 1783 875 respondebo

361 872 440 902 idem
453 875 530 912 quod
544 874 615 903 olim
628 878 731 905 astuta
746 876 848 913 vulpes
861 874 963 904 aiebat
976 874 1054 904 leoni
1068 876 1232 912 aegrotanti
1241 887 1251 906 .-
1269 876 1352 911 Quia
1368 886 1413 907 me
1426 878 1581 908 deterrent
1595 876 1727 915 vestigia
1740 877 1781 906 cui

362 916 392 942 ie
415 923 558 945 conversa
582 916 696 953 omnia,
721 917 806 947 nulla
830 919 931 947 autem
953 918 1046 945 retro.
1094 916 1123 945 Ο
1143 917 1282 955 populus,
1307 917 1404 948 bellua
1428 928 1459 948 es
1479 919 1614 958 plurium
1636 918 1782 957 capitum.

365 954 448 988 Quid
461 965 533 986 vero
546 959 602 987 aut
615 966 702 995 quem
714 960 842 996 sequar?
885 957 968 987 Pars
988 956 1141 986 hominum
1163 959 1278 995 gaudet
1293 960 1455 990 conducere
1469 959 1632 998 vectigalia
1649 958 1782 999 publica.

952 1047 1190 1062 eeeeeeeeeeee

362 1121 443 1150 -71
462 1120 538 1150 Duo
554 1120 648 1151 Vatt.
661 1120 851 1157 frizon—72
867 1120 1027 1151 Nonnulli
1043 1120 1141 1151 codd.
1156 1130 1210 1159 ap.
1229 1121 1340 1161 Feam,
1353 1125 1383 1152 et
1395 1122 1543 1161 sugium;
1565 1121 1614 1152 ita
1629 1120 1684 1152 alii
1700 1121 1783 1152 Mas.

363 1160 452 1200 apud
478 1161 587 1192 Pulm.
613 1161 732 1192 Oberl.
756 1161 839 1192 edit.
864 1161 979 1193 Princ.
1003 1163 1110 1193 Venn.
1129 1164 1328 1194 1479.1481.
1345 1165 1547 1194 1483.1490.
1564 1165 1656 1194 1495.
1692 1162 1783 1194 Flor-

362 1203 456 1232 1482.
480 1202 573 1241 Lips.
591 1205 683 1234 1499.
715 1212 750 1233 ac
763 1203 890 1242 sugium
915 1203 993 1233 vat.
1010 1206 1039 1233 1.
1068 1203 1147 1234 Vat.
1164 1204 1259 1234 Rom.
1277 1206 1307 1235 4.
1341 1203 1446 1234 Aldus
1468 1206 1562 1235 1501.
1579 1206 1673 1234 1509.
1690 1206 1785 1235 1519.

361 1242 467 1274 Junta
485 1245 576 1274 1503.
598 1244 707 1274 Venn.
723 1246 816 1274 1509.
836 1247 926 1275 1552.
951 1244 1064 1275 Basill.
1078 1247 1174 1276 1527.
1192 1247 1285 1275 1531.
1310 1245 1401 1276 Frib.
1418 1247 1510 1276 1536.
1532 1245 1631 1275 Dion.
1645 1244 1686 1275 ab
1698 1244 1785 1275 Har·

362 1284 411 1314 sio
441 1284 547 1324 Lugd.
575 1287 666 1316 1538.
689 1285 735 1316 H.
761 1285 877 1325 Stepb.
906 1287 999 1317 1544.
1022 1285 1162 1325 Cuuing.
1183 1289 1237 1316 aut
1249 1286 1376 1324 sugium
1391 1286 1424 1316 in
1439 1286 1658 1318 κωπῆεν-76
1680 1285 1785 1317 Plaza

362 1325 451 1364 conj.
473 1329 518 1356 est
533 1327 688 1366 capitum;
711 1331 746 1357 et
762 1327 808 1357 sic
827 1327 878 1357 vel
898 1326 1009 1357 invitis
1024 1326 1121 1358 codd.
1139 1327 1247 1358 edidit
1262 1327 1374 1358 Bentl.
1389 1337 1488 1368 quem
1505 1331 1687 1367 sequuntur
1702 1327 1785 1358 Cun-

362 1366 440 1397 San.
465 1367 551 1397 Phil.
571 1366 702 1397 Wakef.
719 1368 858 1398 Wetzel.
880 1368 889 1384 ‘
907 1367 1057 1399 Inscite:
1080 1372 1133 1399 est
1157 1368 1245 1399 enim
1271 1369 1438 1407 responsio
1460 1368 1501 1398 ad
1527 1368 1693 1408 Populum
1718 1368 1784 1399 Ro-

361 1416 506 1444 manum,
522 1417 620 1447 quern
636 1418 700 1438 non
719 1413 846 1439 tantum
865 1408 1018 1447 belluam,
1035 1413 1070 1439 ut
1086 1409 1150 1446 leo,
1174 1409 1232 1439 sed
1248 1410 1424 1440 multorum
1446 1410 1595 1449 capitum
1623 1409 1784 1449 appellat,

362 1457 459 1487 quam
476 1449 548 1488 quis
564 1450 671 1488 sequi,
689 1458 729 1479 ne
745 1449 772 1479 si
789 1449 869 1480 velit
885 1449 1032 1489 quidem,
1049 1451 1174 1488 possit;
1193 1455 1228 1480 ut
1246 1449 1330 1480 bene
1347 1453 1483 1481 annotat
1499 1450 1691 1482 Gesnerus.’
1707 1450 1782 1481 Fea.

365 1489 508 1527 Cupitum
533 1500 564 1520 es
587 1490 669 1520 edit.
697 1490 810 1521 Princ.
837 1489 914 1521 Zar.
939 1490 1078 1521 Mediol.
1100 1493 1192 1522 1476.
1209 1493 1303 1522 1477.
1346 1492 1456 1522 Venn.
1473 1494 1565 1522 1478.
1581 1493 1674 1522 1479.
1690 1493 1784 1522 1481.

364 1532 456 1561 1483.
472 1533 562 1562 1490.
581 1533 674 1562 1495.
698 1531 786 1562 Flor.
805 1533 896 1562 1482.
918 1535 972 1562 aut
995 1541 1060 1571 quae
1084 1541 1153 1563 var.
1176 1532 1255 1564 lect.
1277 1541 1332 1572 ap.
1349 1533 1463 1573 Feam,
1479 1533 1599 1572 Bothe,
1613 1537 1649 1564 et
1663 1531 1782 1563 Jaeek.

1006 1623 1142 1655 NOTIE

403 1687 443 1716 73
470 1684 554 1715 Olim
567 1687 646 1725 quod
661 1687 774 1726 vulpes,
789 1686 855 1726 &cd
876 1686 1046 1727 Apologus
1099 1692 1135 1719 et
1158 1686 1342 1719 ambitione
1368 1687 1557 1719 inveterata
1581 1685 1701 1718 misere
1726 1686 1782 1718 ab·

361 1739 414 1766 est
433 1734 558 1774 AEsopi‚
581 1734 771 1766 celebratus
796 1736 895 1767 etiam
924 1747 944 1767 a
969 1737 1046 1767 Pla·
1098 1741 1237 1767 sumtus.

362 1789 441 1815 tone
467 1784 499 1814 in
527 1783 702 1815 Alcibiade
733 1785 850 1824 primo.
898 1786 963 1816 Leo
986 1795 1045 1817 rex

362 1832 552 1862 animalium
569 1833 774 1871 aegrotabat3
797 1833 961 1873 ferasjam
974 1835 1044 1874 plu-

361 1889 415 1910 res
433 1879 532 1910 offlcii
547 1889 649 1910 causa
673 1880 836 1911 adeuntes
861 1881 1045 1912 devorave-

362 1931 426 1958 rat.
459 1926 604 1958 Accedit
616 1931 652 1958 et
667 1928 784 1967 vulpes
802 1927 844 1957 ad
855 1928 975 1958 ostium
990 1937 1043 1958 ca·

360 1986 472 2008 veruae
487 1987 496 2007 ε
529 1981 564 2007 at
593 1985 669 2007 cum
708 1975 838 2015 ingredi
876 1982 1043 2012 renueret,

361 2025 440 2066 quid
470 2026 518 2056 ita
547 2024 691 2056 officium
722 2025 791 2056 sola
827 2024 1044 2064 detrectaret,

360 2074 448 2105 leoni
473 2074 705 2114 interroganti,
731 2073 923 2114 respondit:
958 2074 1045 2107 Quia

361 2132 414 2154 me
430 2123 603 2154 deterrent
618 2122 802 2154 belluarum
815 2123 964 2163 vestigia,
977 2123 1045 2165 qui-

361 2171 423 2202 bus
439 2170 481 2202 ad
498 2174 531 2202 te
543 2170 774 2210 spectantibus
785 2171 959 2210 universis,
969 2181 1045 2212 cog-

361 2230 463 2252 nosco
484 2221 604 2251 multas
619 2220 751 2257 adiisse,
777 2221 914 2252 rediisse
931 2221 1047 2253 nullas.

361 2269 464 2310 Apud
480 2269 567 2300 Non.
581 2269 727 2300 Lucilius
744 2269 802 2300 lib.
816 2277 906 2300 xxx.
934 2270 943 2287 ‘
956 2269 1045 2303 Quid

361 2317 427 2349 sibi
448 2318 531 2353 vult,
556 2326 658 2358 quare
672 2317 711 2348 fit
728 2322 764 2348 ut
779 2317 983 2349 introversus
1010 2322 1046 2349 et

361 2366 403 2397 ad
421 2370 455 2397 te
470 2366 646 2406 Spectent,
662 2370 762 2406 atque
780 2364 892 2397 ferant
908 2366 1046 2406 vestigia

363 2424 399 2446 se
415 2415 526 2446 omnia
540 2423 673 2454 prorsus
684 2413 714 2445 ?'

405 2466 446 2496 74
470 2463 628 2503 Referam]
655 2463 711 2494 Sic
741 2472 815 2503 ego,
844 2463 951 2504 inquit
977 2463 1046 2494 Ho-

362 2513 477 2551 ratius,
489 2513 611 2552 populo
622 2512 853 2552 quaerenticur
863 2521 928 2542 non
940 2521 1045 2543 amem

363 2566 399 2591 et
413 2570 533 2601 sequar
544 2560 661 2591 eadem
678 2571 750 2601 quae
765 2561 835 2601 ipse
850 2560 973 2601 diligit,
984 2568 1046 2592 uec

363 2608 488 2648 fugiam
513 2610 598 2650 quod
622 2610 695 2650 ipse
715 2610 798 2646 odit,
822 2609 1042 2650 respondebo:

364 2657 529 2689 Quoniam
549 2658 671 2689 multos
697 2657 851 2700 equidem
875 2667 976 2689 cerno
999 2657 1045 2688 vi-

364 2705 485 2736 tiorum
508 2707 592 2738 inire
621 2707 730 2745 viam3
762 2711 798 2737 at
826 2715 950 2746 paucos
969 2705 1045 2736 inde

365 2762 557 2795 emergere:
581 2756 680 2787 immo
692 2755 763 2787 fere
779 2764 891 2786 omnes
908 2754 1046 2787 avaritia

1139 1787 1181 1816 76
1214 1785 1327 1816 Bellum
1361 1786 1524 1815 multorum
1563 1793 1597 1815 es
1633 1783 1782 1823 cupitum]

1098 1833 1202 1864 Velut
1238 1833 1365 1872 Hydra.
1401 1831 1546 1871 Egregia
1582 1831 1696 1871 populi
1725 1831 1782 1863 de-

1098 1879 1247 1918 scriptio.

1139 1929 1181 1958 77
1215 1927 1387 1958 Conducere
1413 1926 1550 1966 publica]
1581 1926 1671 1959 Hinc
1701 1927 1783 1959 dicti

1098 1976 1279 2016 publicani,
1303 1976 1359 2015 qui
1386 1975 1563 2015 vectigalia
1577 1975 1691 2016 populi
1717 1977 1782 2008 Ro-

1098 2025 1185 2055 mani
1218 2024 1398 2063 redimunt,
1431 2029 1603 2064 exercent,
1632 2024 1788 2065 exiguum·

1099 2073 1294 2104 Notandum
1313 2082 1390 2104 vero
1407 2082 1447 2103 ex
1472 2073 1553 2104 Caio
1571 2072 1695 2105 Jurisc.
1710 2073 1782 2104 nul-

1099 2122 1162 2152 lam
1179 2121 1349 2153 civitatem
1367 2127 1491 2162 praeter
1507 2121 1644 2152 Romam
1659 2120 1782 2152 habere

1099 2171 1311 2212 publicanos:
1329 2172 1481 2212 quoniam
1492 2172 1565 2202 aliae
1574 2171 1673 2215 urbes
1683 2180 1783 2216 mem:

1100 2220 1161 2250 bra
1179 2225 1379 2251 censeantur
1405 2220 1502 2260 Reip.
1520 2219 1613 2250 Rom.
1647 2224 1655 2237 ¹
1673 2217 1782 2258 Eum,’

1099 2267 1218 2309 inquit,
1248 2268 1257 2284 ‘
1275 2268 1330 2307 qui
1359 2268 1501 2307 vectigal
1533 2266 1654 2307 Populi
1682 2266 1780 2299 Rom.

1098 2317 1299 2348 conductum
1314 2316 1429 2355 habet,
1452 2316 1667 2357 publicanum
1683 2325 1781 2347 voea—

1097 2375 1181 2398 muS.
1241 2365 1326 2396 Nam
1363 2365 1493 2404 publica
1529 2364 1712 2404 appellatio
1746 2364 1780 2395 iu

1097 2414 1319 2455 compluribus
1334 2415 1440 2445 causis
1457 2414 1498 2444 ad
1514 2413 1597 2454 Pop.
1616 2413 1712 2444 Rom.
1729 2423 1780 2445 re-

1097 2465 1216 2504 spicit:
1239 2463 1393 2495 civitates
1419 2463 1504 2494 enim
1534 2462 1607 2493 loco
1633 2462 1780 2502 privato-

1099 2521 1171 2543 rum
1194 2511 1378 2542 habeutur.’
1421 2511 1527 2542 Porro
1551 2509 1676 2550 triplex
1701 2510 1778 2542 olim

1101 2559 1243 2600 vectigal
1262 2559 1478 2600 exigebatur;
1502 2558 1642 2600 primum
1662 2568 1704 2590 ex
1719 2559 1790 2592 im-r

1099 2609 1284 2649 portatione
1313 2617 1421 2640 rerum
1454 2613 1490 2640 et
1522 2607 1777 2648 exportatione;

1098 2657 1336 2698 dicebaturque
1349 2657 1358 2675 ‘
1376 2655 1583 2698 portorium‚'
1602 2661 1777 2687 exactores

1097 2709 1208 2736 autem
1223 2706 1232 2723 ‘
1242 2705 1443 2746 portitores!
1459 2705 1612 2736 Alterum
1619 2713 1661 2736 ex
1673 2705 1777 2746 agris3

1097 2754 1247 2785 nimirum
1263 2754 1393 2786 decima
1417 2762 1494 2796 pars
1514 2752 1670 2785 frumeuti
1689 2752 1775 2784 exci-
