1890 3256
541 296 894 328 EPtSTOLARUM
929 298 1022 328 mu.
1055 298 1086 328 1.
1117 290 1158 328 5.
1462 289 1573 330 1097

123 392 167 434 N
171 405 224 434 ec
245 392 422 435 modica
442 405 618 434 coenare
639 393 768 434 times
788 393 890 434 olus
912 406 1040 434 omne
1060 391 1261 446 patella;

121 460 337 514 Supremo
357 465 398 502 te
417 461 512 502 sole
532 459 669 508 domi,
691 459 936 514 Torquate,
955 461 1160 501 manebo.

121 525 242 569 Vina
259 528 400 578 bibes,
422 529 577 569 iterum
597 527 748 569 Tauro
769 528 930 570 diffusa
950 528 1174 582 palustres

122 593 240 635 Inter
259 593 508 636 Minturnas
528 594 931 650 Sinuessanumque
951 595 1191 644 Petrinum.
1546 597 1575 637 5

120 730 206 777 tenui
224 731 347 771 patina,
359 741 377 761 ο
396 731 562 772 Torquate,
585 731 752 773 expectabo
768 735 799 763 ie
815 732 898 763 domi
914 733 1069 764 occidente
1082 734 1156 764 sole.
1201 733 1335 764 Potabis
1349 732 1456 763 vinum
1472 732 1575 763 Tauro

120 774 236 805 uerum
248 774 367 806 conante
374 773 408 806 in
420 776 511 806 cados
515 774 638 816 fusum,
652 774 737 806 inter
744 775 928 806 Minturnas
941 777 1107 816 paludosus
1121 779 1152 807 et
1170 776 1335 807 Petrinum
1342 775 1576 807 Sinuessanum.

729 867 967 882 eeeeeeeeeeee

120 945 255 978 Odinus
278 946 312 978 in
335 946 437 979 Misc.
461 946 562 979 Obss.
577 947 666 979 Crit.
683 951 764 979 tom.
782 957 818 979 v.
833 957 867 988 p.
878 949 954 978 428.
974 957 1069 988 seqq.
1097 950 1283 988 sequuntur
1299 945 1409 977 Anon.
1425 945 1516 985 Traj.
1533 946 1575 976 ad

120 988 225 1020 Riten.
251 991 346 1021 1713.
362 989 467 1020 Baxt.
488 990 633 1030 Cuning-
647 989 773 1022 Sanad.
791 990 896 1021 Gesu.
913 989 1003 1021 Phil.
1017 990 1172 1030 Sandby,
1196 989 1330 1020 Palati.
1354 988 1451 1020 Batt.
1469 987 1577 1018 Ober-

118 1029 176 1062 lin.
190 1031 310 1063 Comb.
324 1031 460 1063 Wakef.
477 1033 586 1064 Wetz.
603 1032 711 1063 zeun.
724 1032 867 1072 Dorigh.
881 1033 964 1070 Fea,
980 1033 1085 1064 Kidd.
1102 1033 1225 1071 Bothe,
1241 1031 1362 1070 Jaeck,
1373 1035 1409 1062 et
1423 1030 1577 1069 Doering.

119 1073 286 1105 Archaion
301 1073 400 1106 Harl.
415 1077 447 1106 2.
461 1074 560 1106 Vatt.
577 1079 661 1113 tres,
682 1074 842 1114 Angelic.
860 1077 889 1106 1.
903 1077 936 1105 2.
950 1077 982 1106 4.
1007 1074 1189 1106 Barberin.
1206 1077 1238 1106 2.
1256 1073 1413 1105 Vallicel.
1428 1075 1461 1103 3.
1472 1076 1504 1104 4.
1519 1073 1577 1104 alii

119 1115 222 1146 codd.
238 1125 294 1156 ap.
313 1115 426 1148 Putm.
442 1116 561 1148 Lamb.
577 1117 680 1157 Cruq.
696 1117 853 1147 Tot-rent.
869 1117 1004 1148 Valart.
1026 1123 1062 1148 et
1080 1117 1234 1148 Oberliu.
1261 1116 1344 1146 item
1367 1115 1445 1146 edd.
1461 1115 1578 1146 Zarot.

119 1157 264 1190 Mediol.
278 1161 373 1190 1476.
398 1161 493 1191 1477.
519 1159 661 1191 Venett.
677 1161 773 1191 1477.
791 1161 886 1191 1478.
903 1162 997 1190 1479.
1016 1162 1110 1191 1481.
1130 1162 1223 1190 1483.
1239 1161 1335 1189 1486.
1362 1160 1456 1188 1490.
1484 1159 1576 1188 1492.

120 1202 216 1232 1495.
239 1200 333 1242 Lips.
348 1203 444 1232 1499.
467 1201 547 1233 Ald.
566 1204 662 1233 1501.
686 1202 815 1233 Muret.
831 1201 977 1233 Chabot.
996 1202 1087 1233 Dan.
1105 1202 1224 1232 Heius.
1243 1202 1367 1241 Delpli.
1392 1201 1435 1230 al.
1457 1200 1467 1216 ‘
1485 1199 1575 1240 quod

119 1251 186 1273 non
203 1242 290 1274 bene
303 1242 493 1275 defendunt
514 1244 633 1276 Lamb.
649 1243 753 1285 Cruq.
771 1249 806 1275 et
822 1243 958 1276 Dacer.'
983 1244 1059 1275 Fen.
1104 1243 1336 1276 Sflmenborn.
1355 1245 1387 1274 2.
1411 1243 1577 1273 recondere

118 1285 283 1316 lectis—2
308 1285 491 1326 Bamberg.
515 1285 604 1318 holus
625 1289 789 1318 πεπτω-3
813 1287 1046 1318 Schoenborn.
1062 1290 1094 1318 4.
1116 1290 1217 1318 tocate
1239 1286 1378 1323 manebo,
1403 1285 1462 1316 sed
1489 1295 1506 1314 a
1530 1294 1576 1315 m.

118 1331 254 1359 sea—5
271 1328 361 1359 Inter
374 1328 555 1360 Micturnas
569 1329 800 1361 Schoenborn.
816 1332 847 1360 2.
895 1329 1078 1361 Minturnas
1091 1330 1176 1360 inter
1191 1329 1335 1368 Cuning.
1371 1328 1578 1358 Sinuesanum

120 1369 345 1411 Pariumque
368 1371 598 1404 Schoenborn.
619 1373 652 1402 4.
697 1372 865 1403 Patr-inum
891 1372 1074 1404 Barberin.
1090 1374 1121 1402 2.
1153 1371 1234 1403 Vid.
1252 1371 1325 1403 Cic.
1345 1371 1437 1402 Fam.
1455 1378 1506 1402 vr.
1523 1371 1576 1401 19.

782 1456 922 1488 NOTAE

118 1531 350 1571 simplieitatem
377 1535 408 1563 et
435 1532 643 1563 rusticitatem
670 1532 821 1570 referem,

117 1589 185 1612 non
210 1581 316 1612 sotum
340 1581 372 1612 in
399 1581 561 1621 moribus,
587 1581 647 1613 sed
667 1582 769 1613 etiam
786 1582 820 1613 in

119 1629 334 1663 fabrefacti&
378 1630 468 1663 Gau.
496 1634 516 1663 ὰ
540 1633 572 1663 Ia
594 1632 697 1664 vieille
712 1634 821 1664 mode:

119 1690 188 1721 quo
202 1690 304 1712 sensu
323 1681 378 1712 hic
394 1686 588 1722 usurpatur.
626 1681 747 1723 Apage
764 1683 821 1723 qui

119 1730 164 1761 ab
188 1730 323 1762 Archea
351 1731 404 1762 vel
428 1727 556 1762 Archia
578 1731 695 1762 humili
722 1730 821 1763 fabro

118 1789 238 1812 vanam
255 1781 496 1822 etymologiam
510 1781 741 1823 expiscantnr.

163 1831 303 1862 Conviva
323 1831 498 1863 recumbere
518 1832 622 1873 lectis]
646 1831 700 1864 Ad
728 1842 819 1864 men-

116 1889 188 1912 sam
203 1880 406 1912 accumbere
430 1881 674 1913 tricliniaribns
698 1882 732 1913 in
749 1883 817 1914 lec-

119 1931 163 1962 tis
179 1932 320 1973 antiquo
341 1930 442 1963 modo
458 1930 635 1963 fabricatis
650 1942 670 1964 e
690 1933 818 1964 rudiori

118 1980 276 2016 materia,

162 2032 183 2060 2
208 2030 286 2060 Olus
296 2025 399 2070 omui]
421 2030 552 2062 Durum
569 2031 657 2071 olus,
678 2036 689 2052 ⁴
702 2032 817 2063 betam

121 2078 316 2120 plebeiam‚'
328 2079 424 2111 Pers.
440 2080 512 2111 Sat.
529 2089 584 2112 ιιι.
602 2083 676 2112 112.

163 2132 183 2160 3
217 2129 366 2170 Suprenw
402 2129 479 2170 sole]
522 2130 594 2162 Sub
627 2139 820 2170 vesperam.

121 2181 308 2220 l'erperam
346 2181 448 2221 aliqui
483 2180 682 2211 altissimum
715 2181 820 2212 solem

121 2230 309 2271 accipiunt,
345 2229 557 2272 sfferamque
587 2230 671 2261 illud
707 2240 749 2261 ex
782 2239 821 2262 ιι.

118 2280 195 2313 Sat.
217 2283 248 2312 8.
272 2281 283 2298 ⁴
300 2279 343 2312 de
364 2280 477 2312 medio
503 2286 620 2321 potare
637 2279 731 2319 die3’
755 2290 819 2311 nec

121 2332 209 2363 enim
233 2332 315 2363 liora
341 2331 407 2362 ista
432 2331 594 2363 convenit
614 2330 736 2372 frugali
753 2342 820 2363 coe-

119 2391 191 2414 nae:
217 2381 304 2413 adde
325 2381 416 2423 quod
432 2382 586 2423 sequitur
607 2381 651 2412 de
666 2383 674 2398 ‘
693 2381 819 2413 aestivae

118 2434 228 2466 noctis
243 2433 389 2474 benigno
405 2432 584 2464 sermone!

166 2482 336 2524 Torquate]
352 2484 458 2515 Estne
482 2483 509 2514 is
525 2484 563 2514 L.
580 2482 729 2514 Manlius
743 2482 819 2523 ipse

120 2530 324 2572 Torquatus,
344 2541 520 2563 causarum
543 2531 680 2572 quidem
704 2536 820 2572 patro-

122 2581 207 2612 nus?
230 2580 272 2611 ad
287 2591 384 2622 quem
407 2586 460 2612 est
475 2591 524 2613 1v.
545 2583 622 2613 Ode
637 2584 670 2613 7.
692 2583 818 2613 Theod.

121 2631 318 2664 Marc-ilius:
341 2633 351 2649 ‘
365 2632 484 2673 Euge,’
510 2633 652 2674 inquit,‘
669 2634 716 2665 sic
732 2643 818 2664 rnor-

124 2685 219 2713 tunm
235 2686 335 2713 vocat
350 2682 498 2714 Quintus
513 2683 669 2716 scilicet!
712 2684 819 2716 Intel-

121 2731 200 2772 ligit
224 2741 304 2763 vero
333 2732 376 2764 Q.
403 2732 552 2764 Nonium
578 2732 819 2774 Asprenatem,

124 2780 180 2821 qui
197 2785 232 2812 et
242 2781 435 2822 Torquatus
452 2781 494 2813 sit
511 2783 701 2823 appellatus
715 2795 726 2824 ;
748 2785 818 2816 Au-

123 2837 290 2872 gustoque
320 2831 483 2878 ‘junctus
513 2833 654 2865 arctius’
683 2835 820 2867 dicitur.

874 1532 1014 1563 Sueton.
1045 1532 1173 1564 Octav.
1197 1540 1271 1572 cap.
1300 1533 1352 1562 56.
1382 1529 1460 1561 vide
1492 1528 1578 1561 ibid.

875 1591 952 1622 cap.
965 1585 1019 1614 43.
1041 1583 1098 1613 ubi
1115 1582 1164 1614 sic
1177 1581 1342 1614 habetur:
1366 1582 1375 1598 ‘
1390 1581 1430 1612 In
1447 1580 1510 1610 hoc
1529 1580 1576 1610 ln-

875 1631 970 1663 dicto
991 1633 1030 1664 C.
1055 1632 1204 1663 Nonium
1224 1631 1451 1672 Asprenatem
1478 1630 1575 1669 lapsu

874 1680 1092 1712 debilitatum
1123 1691 1227 1712 aureo
1261 1685 1379 1721 torque
1415 1680 1576 1710 donavit:

875 1740 1058 1771 passusque
1075 1731 1246 1772 estipsum
1262 1738 1486 1772 posterosque
1495 1731 1578 1762 Tor-

874 1781 968 1823 quati
981 1781 1072 1813 ferre
1090 1781 1303 1822 cognomen!

916 1833 937 1862 4
966 1831 1047 1863 Vina
1061 1832 1157 1874 bibes]
1183 1833 1255 1863 Nec.
1271 1842 1454 1873 generosa3
1478 1830 1577 1874 quip-

874 1890 917 1921 pe
934 1890 953 1912 e
969 1882 1176 1922 palustribus
1198 1882 1403 1914 Minturnis:
1429 1892 1494 1914 neo
1519 1892 1577 1913 ve-

873 1935 1002 1963 tustate
1031 1933 1195 1972 insiguia3
1220 1943 1296 1964 nam
1324 1934 1420 1964 annis
1443 1934 1578 1974 superi-

872 1981 987 2012 oribus
1003 1980 1077 2013 fusa
1093 1983 1125 2013 in
1143 1983 1337 2022 amphoras.

916 2031 1036 2063 Iterum
1052 2032 1169 2073 Tauro]
1186 2033 1368 2064 Consulum
1385 2033 1577 2065 nominibus

873 2081 975 2111 solita
998 2082 1108 2113 notari
1136 2083 1228 2122 vina,
1252 2083 1332 2113 alibi
1358 2083 1487 2114 dictum
1510 2089 1575 2114 est.

875 2130 966 2162 Vide
981 2140 1006 2162 1.
1020 2131 1087 2162 Od.
1099 2134 1152 2163 20.
1166 2135 1202 2163 et
1214 2140 1256 2162 ιι.
1270 2131 1338 2162 od.
1356 2135 1386 2163 3.
1414 2133 1522 2163 Porro
1535 2133 1575 2164 T.

874 2181 1030 2212 Statilius
1056 2182 1187 2212 Taurus
1210 2181 1310 2212 homo
1336 2191 1454 2220 novus,
1480 2186 1516 2212 ut
1542 2187 1577 2213 et

876 2229 1050 2271 Agrippa3
1074 2231 1135 2262 sed
1151 2231 1298 2271 Augusti
1322 2231 1483 2270 amicitia,
1508 2231 1577 2262 vic·

876 2286 979 2322 toque
992 2282 1025 2312 in
1038 2281 1155 2313 Sicilia
1165 2281 1308 2322 Lepido,
1318 2282 1487 2321 rebusque
1499 2291 1576 2312 mox

872 2331 906 2362 in
923 2330 1043 2363 Africa
1059 2331 1177 2372 gestis,
1201 2331 1292 2363 unde
1307 2337 1343 2363 et
1368 2332 1575 2371 triumphum

873 2382 1019 2421 meruit3
1037 2382 1286 2422 amphitheatro
1303 2382 1406 2414 etiam
1422 2387 1576 2412 exstruc-

874 2437 910 2463 to
939 2431 1006 2464 fuit
1044 2433 1264 2464 clarissimus.
1311 2432 1435 2463 Consul
1467 2431 1577 2472 primo

872 2482 977 2515 fuisse
993 2484 1120 2515 dicitur
1143 2493 1198 2514 an.
1224 2483 1268 2514 U.
1282 2482 1320 2513 C.
1335 2484 1412 2513 717.
1425 2482 1577 2514 secundo

872 2543 954 2565 vero
980 2544 1034 2566 an.
1058 2537 1134 2565 728.
1161 2543 1236 2565 cnm
1261 2533 1428 2564 Horatius
1451 2542 1576 2564 annum

873 2585 983 2615 aetatis
1006 2589 1125 2624 ageret
1146 2586 1200 2614 40.
1226 2587 1286 2613 aut
1307 2582 1460 2614 circiter.
1506 2583 1578 2614 Ne-

874 2633 949 2664 roni
984 2633 1103 2674 nupsit
1139 2633 1212 2672 ejus
1249 2632 1406 2673 abneptis
1438 2633 1577 2664 statilia

873 2683 1063 2715 Messalini.

916 2738 935 2765 5
961 2733 1159 2774 Minturnas]
1186 2733 1274 2764 Haee
1300 2733 1379 2764 olim
1403 2733 1468 2766 fnit
1494 2734 1575 2767 urbs

875 2783 967 2815 Latii
987 2783 1070 2815 satis
1099 2784 1203 2819 culta,
1236 2792 1342 2823 prope
1372 2785 1462 2814 ostia
1488 2785 1575 2816 Liris

874 2834 981 2870 ssavii,
1011 2834 1043 2865 in
1081 2834 1242 2875 planitie:
1279 2833 1335 2865 ubi
1367 2834 1576 2876 atiiphithea—
