1890 3256
351 278 461 327 ‘1152
791 283 861 335 ’ᾳ
898 297 1105 328 nonA'ru
1139 296 1309 328 FLAGCI
1355 298 1359 300 ’

1712 389 1768 432 21)

353 388 519 438 Credis,
538 402 709 430 amoena
729 395 858 431 vocat
877 387 1045 431 mecum
1067 391 1142 444 qui
1165 392 1313 441 sentit,
1335 395 1379 432 et
1399 390 1493 433 odit

354 455 467 504 Quae
487 459 532 495 tu
553 455 733 507 pulchra
753 459 905 507 putas:
935 456 1075 496 fornix
1090 456 1178 501 'tibi
1198 461 1243 496 et
1263 461 1394 498 uncta
1413 457 1579 510 popina

352 520 573 560 Incutiunt
593 521 710 561 urbis
730 520 1002 570 desiderium,
1022 522 1148 562 video
1166 535 1177 573 ;
1208 526 1252 562 et
1270 523 1387 575 quod
1639 513 1642 515 ’

350 585 546 637 Angulus
565 587 646 626 iste
665 585 772 626 seret
791 587 919 639 piper
937 590 981 627 et
999 587 1102 627 thus
1118 599 1256 641 ocyus
1277 599 1389 638 uva3

354 651 451 691 Nec
471 652 618 691 vicina
638 652 785 691 subest
803 652 950 701 vinum
970 654 1165 704 praebere
1184 654 1362 693 taberna

353 715 467 765 Quae
486 717 629 769 possit
647 717 724 757 tibi
741 730 752 767 ;
782 729 860 757 nec
879 718 1081 758 meretrix
1102 718 1295 767 tibicina,
1317 718 1444 770 cujus

353 781 424 821 Ad
445 782 668 834 strepitum
690 782 822 822 salias
843 788 968 824 terrae
987 786 1157 836 gravis:
1189 788 1233 835 et
1251 787 1394 824 tamen
1414 795 1539 835 urges

353 845 382 886 J
385 847 617 899 ampridem
637 859 721 888 non
741 851 860 888 tacta
878 849 1093 900 ligonibus
1114 861 1231 897 arva,
1250 849 1492 900 bovemque

353 911 628 963 Disjunctum
643 925 785 960 curaS‚
807 916 851 952 et
869 913 1035 953 strictis
1055 913 1281 952 frondibus
1299 913 1473 965 exples:
1496 912 1500 916 ’

352 974 493 1016 Addit
513 989 620 1029 opus
639 977 760 1028 pigro
779 977 912 1026 rivus,
933 978 971 1017 si
990 977 1150 1017 decidit
1168 977 1315 1024 imber,
1360 1006 1366 1011 .

353 1129 397 1160 lia
410 1130 475 1161 loca
488 1141 591 1168 vocas,
603 1142 639 1163 ea
657 1135 752 1170 grata
773 1134 863 1171 putat
877 1131 1012 1171 quisquis
1025 1140 1138 1162 mecam
1159 1132 1267 1171 sentit,
1281 1134 1311 1162 et
1329 1135 1488 1173 uversptur
1501 1142 1568 1172 quoe
1591 1136 1625 1164 tu
1635 1132 1772 1171 jucunda

353 1170 522 1203 existimas.
567 1173 637 1203 Tibi
648 1182 749 1212 ganea
763 1176 794 1204 et
808 1174 900 1203 lautae
922 1173 1040 1212 popinoe
1061 1172 1206 1210 injiciunt
1227 1173 1424 1213 cupiditatem
1438 1173 1534 1213 urbis,
1545 1174 1629 1210 scien·
1649 1178 1680 1206 et
1693 1176 1772 1214 quod

353 1211 403 1242 hic
416 1214 535 1251 agellus
545 1215 692 1253 producet
714 1214 784 1245 thus
799 1218 827 1244 et
841 1214 929 1254 piper:
942 1214 1035 1244 citius
1049 1223 1136 1253 quam
1151 1223 1242 1244 uvas:
1265 1223 1319 1244 nec
1341 1223 1432 1254 prope
1446 1217 1531 1251 adest
1552 1215 1691 1254 taberna,
1706 1225 1773 1255 qm

353 1253 457 1284 vinum
471 1255 529 1285 tibi
542 1256 711 1296 suppeditet
721 1266 734 1291 ,·
754 1264 848 1294 neque
862 1255 1010 1286 meretrix
1029 1255 1171 1293 tibicina,
1183 1255 1268 1292 cnjus
1282 1257 1322 1286 ad
1336 1259 1458 1287 cantum
1470 1258 1563 1290 salter
1572 1260 1687 1288 terram
1698 1267 1773 1295 gra-

353 1293 434 1324 viter
445 1296 587 1334 pulsans:
607 1307 643 1327 ac
662 1296 856 1327 nihilominus
877 1306 998 1327 exerces
1016 1305 1110 1334 agros
1128 1297 1242 1327 dudum
1256 1297 1387 1328 incultos
1397 1307 1409 1334 ;
1431 1301 1462 1328 et
1482 1307 1571 1328 curas
1582 1298 1684 1329 bovem
1697 1298 1773 1328 otio-

352 1344 428 1375 sum,
441 1341 619 1378 satura-sque
626 1337 717 1376 foliis
729 1339 872 1369 decussis.
918 1338 1016 1368 Porro
1028 1337 1140 1368 desidis
1161 1338 1293 1368 laborem
1311 1342 1406 1378 aug-et
1418 1339 1515 1380 rivus,
1531 1339 1558 1370 si
1573 1339 1682 1380 pluvia
1693 1339 1772 1370 deci·

945 1450 1181 1463 eeeeeeeeeeee

356 1532 505 1563 sentibus
542 1534 589 1564 sic
617 1534 853 1566 nominantur.'
888 1535 957 1566 Vet.
989 1535 1090 1565 Schol.
1134 1539 1214 1565 tesca
1244 1535 1346 1565 etiarn
1378 1534 1556 1566 Lambinus
1581 1534 1614 1565 in
1640 1538 1772 1565 nota.—

354 1577 394 1604 21
421 1575 431 1591 ‘
445 1574 557 1605 Pulch.
583 1579 673 1614 putas
694 1576 818 1607 habent
833 1575 908 1607 cod.
927 1577 993 1607 duo
1004 1576 1117 1606 Vatic.
1131 1576 1289 1608 Jannoct.
1305 1575 1426 1606 Fabirn.
1442 1576 1535 1607 Rain.
1552 1575 1652 1606 Card.
1671 1575 1774 1607 Torn-

355 1615 516 1646 Rnssard.
543 1616 667 1651 Nicon
681 1617 798 1648 Cleric.
823 1627 938 1647 meus:
963 1618 1018 1648 alii
1032 1627 1130 1656 voca-3,
1146 1622 1183 1647 ut
1199 1618 1286 1656 vulg.
1309 1617 1482 1656 mendose,
1502 1615 1642 1657 opinor!
1663 1615 1772 1648 Lamb.

354 1665 442 1687 vocas
466 1657 543 1687 edd.
568 1658 781 1697 primae.—22
804 1659 1028 1690 Schoenborn.
1044 1661 1076 1690 2.
1090 1662 1126 1688 et
1140 1659 1218 1689 Vat.
1231 1659 1327 1688 Rom.
1341 1661 1373 1690 9.
1393 1658 1481 1689 video
1493 1659 1584 1698 quod,
1605 1658 1676 1688 sine
1690 1660 1773 1688 et.—

354 1699 395 1727 23
418 1699 537 1729 Anulus
550 1699 775 1730 Schoenborn.
791 1702 823 1730 3.
845 1699 932 1738 ferat
951 1700 1039 1740 piper
1053 1700 1131 1731 Vat.
1146 1701 1284 1730 15.-24
1310 1701 1356 1730 Ne
1369 1699 1470 1730 vicina
1484 1699 1559 1731 Vnt.
1572 1699 1682 1729 Palat.
1697 1701 1774 1729 6.—

353 1741 394 1768 25
418 1739 494 1770 Vat.
508 1743 560 1770 12.
577 1745 610 1770 et
627 1741 777 1781 Angelic.
797 1744 828 1771 8.
848 1744 1045 1780 pesum—26
1065 1741 1240 1780 Bamberg.
1255 1744 1283 1772 et
1299 1743 1400 1771 tamen
1413 1743 1624 1779 unguem—28
1637 1739 1773 1778 Defunc-

356 1783 421 1810 tum
435 1780 533 1811 codd.
548 1786 688 1821 quatuor
703 1792 756 1823 ap.
768 1783 884 1814 Lamb.
897 1783 1015 1813 strictis
1029 1786 1058 1813 et
1064 1782 1228 1820 frondibus
1243 1791 1326 1812 unus
1341 1782 1447 1813 codex
1461 1781 1638 1815 Pulmanni
1650 1791 1660 1818 ;
1674 1784 1709 1811 et
1723 1779 1771 1810 sic

356 1821 497 1862 Cuning.
518 1825 549 1853 et
561 1823 681 1854 strictis
692 1823 724 1860 s.
739 1820 844 1864 'imples
857 1824 1085 1855 Schoenborn.
1099 1826 1217 1862 2.-29
1238 1823 1336 1854 Idem
1360 1823 1477 1863 codex,
1495 1824 1525 1854 si
1539 1822 1654 1854 decidet
1667 1819 1773 1851 imbet-

993 1949 1130 1978 NOTAE

357 2028 404 2058 tia
418 2038 426 2066 ;
453 2027 597 2069 hincque
633 2029 831 2068 peragendis
870 2028 1037 2068 mysteriis

357 2076 411 2106 vel
425 2076 598 2116 captandis
615 2077 761 2117 auguriis
777 2082 856 2116 apta
870 2082 906 2108 et
921 2085 1037 2108 couse-

356 2128 461 2155 crata.
504 2124 650 2156 Proinde
664 2125 798 2166 qnidam
815 2126 964 2156 scribunt
979 2126 1037 2156 tes-

356 2182 403 2213 ca,
418 2173 509 2213 quasi
525 2177 636 2213 tuesca,
647 2184 666 2204 a
679 2174 810 2205 tuendis
825 2175 939 2206 saeris.
953 2175 1035 2205 Var-

357 2231 397 2252 ro
412 2221 454 2252 de
476 2221 572 2262 Liug.
595 2223 669 2254 Lat.
693 2223 750 2254 lib.
770 2232 817 2254 vr.
845 2223 925 2254 Fist.
950 2223 1038 2254 Loca

357 2271 494 2302 densam
509 2271 656 2303 umbram
668 2271 825 2304 facientia
834 2282 907 2303 esse
919 2275 1036 2313 tesqua,

359 2319 406 2350 ait
418 2319 579 2359 Scaliger.

399 2370 440 2399 23
465 2368 604 2406 Angulus
618 2368 690 2408 iste]
707 2368 854 2409 Exiguus
869 2369 931 2400 iste
947 2378 1039 2400 meus

360 2425 441 2457 ager
455 2417 608 2448 Sabinus.

403 2466 496 2496 Feret
505 2465 602 2505 piper,
617 2465 687 2505 ssa]
709 2465 904 2505 Adynaton.

401 2517 441 2544 25
465 2514 621 2545 Meretrix
636 2513 777 2553 tibicina]
805 2514 852 2545 Ut
867 2514 1039 2554 plurimum

360 2562 515 2594 tibicinas
529 2562 630 2594 fuisse
646 2564 839 2594 meretrices
854 2563 932 2595 alibi
949 2568 1045 2594 nota-

360 2612 476 2642 vimus.

401 2662 443 2690 26
469 2659 570 2690 Terrae
581 2659 701 2699 gravis]
716 2659 902 2691 Saltatione
915 2669 972 2690 seu
983 2660 1039 2691 tri-

361 2707 555 2751 pudiatione
580 2708 665 2743 rudi,
686 2708 822 2747 agresti,
844 2708 980 2748 rustica,
996 2710 1041 2740 in·

363 2756 540 2788 concinam
579 2756 668 2788 Vide
684 2765 741 2789 111.
758 2756 825 2789 Od.
843 2759 892 2787 18.

1132 2027 1177 2056 Et
1203 2028 1304 2056 tamen
1331 2025 1438 2064 urges]
1467 2023 1612 2056 Ironice.
1655 2024 1771 2064 Negli-

1090 2075 1190 2115 gebat
1216 2074 1303 2105 enim
1332 2074 1459 2105 villicus
1487 2075 1551 2105 iste
1579 2073 1771 2106 fastidiosus

1089 2124 1159 2155 lraec
1182 2133 1257 2164 quae
1285 2122 1340 2153 hic
1363 2127 1599 2154 enumerantur
1624 2131 1703 2154 sane
1728 2123 1769 2154 ad

1090 2172 1178 2202 villae
1195 2171 1463 2211 procurationem
1479 2169 1646 2202 facienda.

1131 2223 1172 2251 28
1194 2219 1404 2258 Disiunctum]
1435 2219 1524 2260 Jugo
1550 2220 1707 2258 solutum,
1727 2221 1769 2250 ab

1090 2269 1197 2299 altero
1210 2268 1294 2299 bove
1306 2278 1460 2308 compare
1472 2278 1532 2299 sno
1543 2269 1750 2309 dejunctum.

1130 2321 1172 2349 29
1193 2318 1289 2349 Addit
1302 2326 1373 2356 opus
1382 2318 1474 2356 pigro
1488 2318 1584 2358 rivus,
1595 2317 1663 2357 850]
1683 2318 1771 2349 Lon-

1090 2376 1131 2406 ge
1157 2364 1310 2406 profecto
1335 2365 1436 2404 major
1461 2370 1514 2396 est
1535 2375 1637 2405 opera
1659 2366 1769 2396 labor-

1088 2425 1153 2456 que
1169 2415 1200 2445 in
1215 2414 1382 2446 moliendo
1397 2423 1482 2444 novo
1495 2423 1617 2454 aggere
1632 2423 1694 2454 per
1704 2419 1770 2446 tor-

1089 2469 1219 2496 rentem
1234 2473 1350 2504 aquam
1373 2462 1558 2502 destructo,
1580 2473 1676 2504 quam
1691 2463 1770 2495 fuis-

1091 2518 1142 2544 set
1157 2513 1189 2544 in
1206 2517 1320 2544 vetere
1336 2510 1514 2542 muniendo
1529 2515 1565 2542 et
1581 2512 1770 2552 constipan-

1090 2563 1145 2594 do.
1189 2561 1288 2594 Quod
1316 2560 1343 2590 si
1380 2559 1492 2605 facere
1521 2559 1648 2600 pigeat,
1678 2560 1769 2591 rivus

1090 2611 1247 2643 imbribus
1269 2608 1450 2648 repentinis
1473 2613 1590 2640 auctus
1615 2609 1769 2640 eluvione

1092 2671 1150 2692 sua
1178 2665 1213 2691 et
1233 2659 1455 2689 exundatione
1484 2658 1668 2698 proximum
1696 2666 1771 2698 pra·

1094 2715 1163 2742 tum
1175 2707 1375 2740 devastabit.
