1904 3256
394 247 478 289 764
693 259 892 289 monstri
929 255 1183 287 PRAEFA'NO
1221 254 1272 283 ιΝ
1306 254 1532 288 SA-rrnAs.

395 350 543 388 dentior
561 349 703 399 cogito,
724 348 835 397 quale
854 346 902 383 de
918 345 1095 396 operibus
1114 344 1220 390 mei8‚
1251 345 1283 382 si
1301 346 1403 384 bono
1423 359 1493 385 suo
1513 349 1592 386 fato
1616 362 1662 388 eo
1682 363 1812 401 perve-

394 411 474 449 nire
492 411 653 460 possint,
675 409 861 459 judicium
881 407 1004 443 latura
1023 405 1084 443 sit.
1140 406 1226 443 Non
1247 405 1333 444 ideo
1350 414 1475 445 tamen
1497 409 1652 447 minoris
1666 413 1814 451 aestimo

395 472 530 510 doctos
558 472 672 513 viros,
691 469 756 519 qui
775 468 890 506 hodie
911 468 1066 510 vivunt3
1095 466 1204 505 multi
1235 475 1336 514 sunt,
1367 470 1501 516 fateor,
1532 471 1596 520 qui
1631 473 1814 511 soeculum

394 542 565 572 nostrum
591 536 791 575 exornant,
821 531 886 580 qui
916 530 1042 580 priora
1071 529 1287 580 potuissent
1309 543 1516 574 exornare;
1544 533 1581 570 in
1601 533 1738 582 quibus
1758 541 1815 572 ta-

394 608 480 632 men
501 608 548 632 ne
567 605 685 631 unum
703 592 858 642 quidem
879 592 978 636 novi,
1005 592 1071 641 qui
1093 604 1166 628 non
1184 592 1343 630 honoret
1361 598 1399 630 et
1418 593 1521 630 colat
1540 595 1734 643 antiquos,
1750 596 1815 634 ‚cui

394 670 471 693 non
491 655 589 692 idem
610 654 713 704 quod
733 653 808 691 illis
829 654 965 703 sapiat,
994 660 1059 690 aut
1090 654 1155 703 qui
1171 667 1299 692 eorum
1318 662 1510 705 praecepta
1530 668 1606 692 non
1625 656 1815 700 observet,

395 717 496 754 unde
515 723 700 765 quantum
720 715 966 759 aberraveris,
987 721 1134 752 tantum
1165 716 1211 752 ab
1240 715 1324 765 ipsa
1350 723 1486 753 natura
1505 723 1543 754 et
1561 717 1716 754 veritate
1736 716 1817 754 dis-

394 778 567 816 cesseris.
622 777 756 826 Neque
775 789 904 815 verear
922 779 1159 823 confirmare,
1178 790 1255 815 non
1278 790 1362 816 esse
1392 778 1584 815 difficilius
1619 779 1699 815 sine
1731 778 1816 816 luce

395 846 461 878 aut
490 838 612 876 oculis
644 838 796 888 objecta
827 839 1053 890 perspicere,
1087 852 1202 890 quarn
1233 839 1393 878 solidam
1413 840 1564 877 laudem
1584 840 1759 890 adipisci,
1776 847 1817 878 et

393 901 590 951 ingenium
619 901 793 939 excolere
823 900 906 938 aliis
932 901 1156 947 rationibus,
1187 913 1301 951 quam
1331 914 1428 951 quas
1449 901 1577 939 Graeci
1597 908 1635 939 et
1654 901 1817 939 Romani

393 963 503 1001 nobis
522 963 838 1013 praescripserunt
854 976 863 1000 :
893 964 970 1001 sive
989 964 1088 1000 enim
1119 964 1279 1014 propriis
1298 963 1419 1002 felicis
1438 963 1580 1013 ingenii
1599 963 1740 1002 viribus
1759 963 1818 1000 in·

394 1024 485 1070 nixi,
514 1026 591 1062 sive
607 1026 655 1062 ab
675 1031 754 1062 arte
783 1031 822 1062 et
851 1025 988 1062 studiis
1021 1025 1209 1070 instructi,
1236 1037 1364 1062 earum
1383 1024 1554 1074 vestigiis
1575 1024 1816 1063 succedimus

393 1093 537 1125 tamen.
594 1087 668 1129 Qui
702 1093 828 1124 autem
859 1087 1047 1136 Antiquos
1078 1087 1275 1131 damnant,
1306 1098 1426 1123 causa
1444 1098 1520 1123 non
1541 1085 1709 1135 cognita,
1738 1097 1816 1122 non

394 1150 463 1186 abs
484 1162 523 1186 re
539 1150 621 1194 erit,
641 1160 707 1186 eos
727 1148 845 1186 semel
865 1155 903 1186 et
923 1148 1037 1186 simul
1057 1155 1165 1185 tanto
1186 1160 1311 1185 errore
1330 1147 1502 1193 liberare,
1517 1154 1559 1184 ut
1578 1146 1671 1197 ipsis
1690 1146 1818 1197 palam

394 1211 474 1255 fiat,
506 1223 562 1254 se,
593 1210 685 1248 dum
714 1210 830 1248 nimio
860 1210 899 1247 in
929 1209 1028 1248 hanc
1047 1215 1201 1247 aetatem
1219 1209 1348 1247 studio
1374 1208 1581 1246 transversi
1610 1209 1820 1258 rapiuntur,

394 1272 476 1321 ejus
506 1272 618 1310 famae
646 1271 749 1322 apud
775 1278 950 1322 posteros
980 1271 1246 1322 gravissimum
1275 1271 1414 1309 vulnus
1443 1270 1702 1321 imprudentes
1721 1269 1820 1307 infli-

396 1346 497 1383 gere.
556 1333 761 1376 Quodnam
791 1335 892 1371 enim
925 1333 1134 1383 excogitari
1163 1339 1291 1382 potest
1321 1333 1462 1370 clarius
1485 1337 1750 1381 argumentum
1768 1330 1818 1368 ad

396 1394 528 1432 saeculi
544 1395 712 1444 cujusvis
730 1394 996 1443 ignorantiam,
1012 1401 1078 1431 aut
1089 1395 1215 1444 potius
1226 1393 1452 1438 barbariem,
1464 1391 1819 1437 demonstrandam,

394 1468 509 1505 quam
529 1455 631 1505 quod
659 1455 709 1492 ibi
740 1454 929 1493 Homerus
962 1455 1094 1493 audiat
1121 1455 1288 1505 ineptus,
1317 1454 1430 1492 Plato
1449 1454 1498 1491 ad
1517 1454 1711 1492 fastidium
1730 1466 1818 1504 pro-

394 1516 508 1561 lixus,
542 1517 766 1556 Aristoteles
798 1530 930 1567 parum
964 1517 1116 1563 doctus,
1145 1517 1425 1554 Demosthenes
1450 1522 1489 1554 et
1515 1515 1651 1553 Cicero
1668 1527 1689 1552 e
1707 1515 1819 1553 trivio

397 1577 628 1622 Oratorculi,
648 1578 831 1627 Virgilius
859 1578 980 1615 Po'eta
1008 1577 1124 1615 nullis
1153 1578 1300 1627 gratiis,
1330 1576 1437 1614 nullo
1465 1582 1616 1622 ornatu,
1635 1576 1818 1616 Horatius

395 1638 562 1688 denique
581 1638 700 1685 rudis,
719 1635 885 1685 humilis,
904 1645 943 1677 et
961 1639 1045 1677 sine
1063 1639 1218 1678 nervis?
1257 1639 1435 1676 Barbarae
1454 1638 1531 1676 illae
1555 1644 1704 1688 gentes,
1733 1651 1820 1688 quoe

397 1700 588 1738 Graeciam
608 1707 647 1738 et
666 1701 815 1738 Italiam
845 1701 1088 1752 populantes,
1123 1707 1231 1740 tanto
1256 1702 1381 1740 furore
1411 1701 1697 1750 grassabantur,
1728 1699 1821 1750 quid

397 1775 566 1812 unquam
598 1762 636 1799 in
669 1763 843 1801 delendis
876 1764 1138 1814 pulcherrimis
1171 1765 1373 1802 vetustatis
1401 1762 1656 1806 monumentis
1686 1761 1819 1800 tetrius

397 1823 480 1860 ausi
501 1822 619 1860 sunt?
657 1824 760 1868 Quid
780 1825 902 1875 magis
922 1825 1180 1863 horrendum?
1219 1826 1358 1862 Verum
1379 1837 1467 1874 spes
1485 1829 1547 1861 est
1564 1835 1639 1860 non
1659 1822 1729 1860 toti
1749 1835 1821 1860 sae·

396 1885 485 1923 culo
505 1885 730 1935 imputatum
751 1885 794 1923 iri
813 1885 1054 1936 quorundam
1074 1898 1291 1936 perversum
1322 1883 1521 1935 judicium,
1550 1895 1622 1922 nec
1639 1883 1820 1934 Antiquis

399 1946 525 1984 fraudi
545 1947 635 1985 fore.

452 2008 610 2046 Frustra
642 2008 852 2058 Imperator
882 2007 946 2046 ille
976 2020 1081 2046 arma
1109 2009 1147 2046 in
1180 2009 1404 2054 Homerum,
1437 2006 1656 2057 Virgilium,
1692 2006 1821 2046 Titum

398 2069 544 2108 Livium
578 2070 719 2108 movit:
747 2070 942 2108 incassum
966 2070 1138 2108 cecidere
1170 2070 1266 2107 tanti
1294 2076 1481 2108 conatus:
1510 2068 1650 2107 bellum
1668 2068 1821 2107 absolu-

396 2130 555 2169 tissimis
574 2131 751 2181 operibus
771 2131 957 2169 indictum
971 2131 1065 2182 quid
1084 2131 1188 2170 aliud
1207 2131 1300 2181 egit,
1320 2131 1392 2169 nisi
1411 2131 1460 2168 ad
1489 2143 1685 2168 numerum
1710 2131 1818 2179 inep-

396 2193 533 2231 tiarum
553 2193 729 2239 accessit,
749 2207 825 2244 quo
845 2194 995 2232 laborat
1015 2194 1135 2243 ipsius
1163 2193 1345 2239 Historia,
1365 2192 1726 2242 cumulatioremque
1744 2191 1819 2242 ipsi

395 2254 574 2294 invidiam
592 2254 695 2305 apud
715 2262 889 2306 posteros
907 2254 1116 2296 conflavit?

441 2459 500 2500 *s*
525 2459 760 2493 Advertendu·
784 2466 837 2494 est
853 2462 991 2502 Lector,
1009 2470 1082 2500 nos,
1099 2459 1341 2500 Porphyrionis
1360 2457 1532 2489 admonitu
1553 2453 1730 2490 adductos,
1752 2449 1820 2482 duo

398 2515 526 2552 puncta
539 2512 770 2552 dignoscendis
792 2514 951 2546 Pei-sonis
977 2514 1010 2545 in
1037 2513 1154 2545 Satiris
1170 2522 1191 2544 a
1204 2511 1386 2544 Veteribus
1402 2509 1568 2546 adhibita,
1583 2503 1821 2539 Recentiorum

397 2572 478 2594 vero
496 2565 702 2606 negligentia
722 2566 883 2598 hactenus
901 2566 1032 2601 omissa.
1044 2565 1177 2598 tandem
1194 2565 1227 2596 in
1240 2563 1350 2594 sedem
1363 2572 1454 2593 suam
1467 2559 1678 2601 reposuisse;
1693 2555 1772 2597 quin
1785 2545 1821 2590 e?

397 2614 597 2654 Eclogarum
613 2617 785 2649 Lemmata
801 2623 866 2650 tam
882 2618 915 2648 in
931 2617 1044 2649 Satiris
1059 2626 1155 2658 quam
1165 2616 1200 2647 in
1217 2614 1314 2650 Odis,
1326 2623 1390 2654 quo
1405 2612 1521 2643 melius
1536 2610 1694 2641 instituto
1707 2609 1822 2638 nostro

399 2667 628 2704 convenirent,
650 2678 737 2700 nova
759 2669 883 2701 fecisse
907 2669 1024 2700 omnia,
1048 2669 1148 2699 Baxt.
1191 2667 1271 2698 Pro.
1283 2666 1349 2696 illis
1371 2664 1501 2695 dnobus
1522 2660 1656 2704 punctis
1677 2668 1736 2691 nos
1757 2658 1819 2688 hoc

397 2716 524 2757 signum
539 2718 565 2754 ἵ
584 2721 838 2762 praeposuimus,
859 2721 988 2763 quoties
1009 2728 1151 2761 persona
1167 2722 1324 2750 mutatur.
1350 2717 1444 2748 Gesn.
1811 2718 1814 2721 '
