1930 3242
646 311 923 344 SERMONUM
958 312 1051 344 ms.
1084 311 1117 344 1.
1149 300 1217 343 10.

1564 299 1648 342 907

197 406 396 458 Mollius,
419 419 472 448 ac
493 406 533 448 si
555 406 671 460 quiS,
685 406 875 460 pedibus
895 406 1000 460 quid
1017 405 1218 448 claudere
1236 404 1369 455 senis,

198 474 303 516 Hoc
320 479 491 516 tantum
511 477 762 523 contentus,
783 476 900 515 amet
918 473 1149 527 scripsisse
1167 471 1385 514 ducentos

1595 471 1653 512 60

196 539 316 582 Ante
334 542 481 583 cibum
503 552 666 590 versus,
685 540 871 582 totidem
891 541 1124 582 coenatus?
1161 539 1336 582 Etrusci

199 606 347 658 Quale
367 607 450 649 fuit
470 607 603 649 Cassi
625 607 780 661 rapido
801 607 1038 649 ferventius
1061 607 1180 648 amni

198 673 445 728 Ingenium,
465 673 616 728 capsis
636 687 769 727 quem
790 674 910 715 fama
930 679 1002 714 est
1021 685 1119 714 esse
1140 673 1351 727 librisque

197 739 464 783 Ambustum
487 741 698 794 propriis.

759 740 912 782 Fuerit
932 739 1152 791 Lucilius,v
1168 740 1367 794 inquam,

194 879 303 902 versus
317 869 490 907 limatior-es
501 873 531 900 et
546 870 676 901 suavius
680 868 845 911 fluentes?
891 869 982 905 Quod
1007 870 1036 901 si
1058 870 1174 911 aliquis
1194 869 1229 901 id
1250 880 1347 902 unum
1367 870 1446 902 satis
1460 869 1570 902 habeat
1584 878 1654 901 cure

194 921 264 943 men
278 912 402 953 aliquod
418 912 574 944 includere
586 921 643 944 sex
656 912 788 953 pedibus
798 923 811 950 ;
833 913 861 943 is
874 912 1132 951 gaudeatsecisse
1145 913 1292 944 ducentos
1306 922 1413 944 versus
1432 916 1506 944 ante
1528 922 1655 951 coenum,

194 964 231 986 uc
246 954 374 985 totidem
391 957 480 995 post.-
502 955 605 995 qualis
620 955 692 993 fuit
704 965 783 986 vena
800 955 904 986 Cassii
926 954 1056 986 Etrusci
1079 955 1254 986 vehemente
1267 955 1370 996 fluvio
1383 956 1544 997 rapidior:
1566 963 1654 996 quem

193 999 326 1028 nunant
339 997 617 1036 crematumsuisse
631 997 758 1029 scriniis
772 1001 804 1029 et
818 998 948 1039 scriptis
961 997 1040 1029 suis.
1086 998 1169 1030 Dico
1183 997 1287 1038 igitur
1296 1009 1307 1029 .-
1331 999 1424 1039 Esto,
1437 998 1544 1036 fuerit
1558 997 1653 1029 Luci-

807 1091 868 1104 ”O

1014 1091 1050 1103 ‘O

193 1156 297 1196 magis
310 1157 398 1188 altos.
445 1156 544 1188 Harl.
561 1159 593 1188 3.
616 1158 718 1198 mgis
729 1161 914 1199 aptam—59
937 1157 1037 1190 Gott.
1063 1166 1182 1189 omnes
1198 1157 1352 1198 Crnquii,
1367 1157 1466 1190 Harl.
1478 1159 1510 1188 2.
1525 1159 1558 1189 3.
1573 1159 1604 1188 4.
1619 1159 1652 1188 6.

194 1199 266 1238 alii,
288 1199 429 1230 Venett.
456 1202 554 1232 1477.
581 1202 678 1231 1478.
704 1203 800 1232 1479.
837 1201 982 1233 Mediol.
1006 1203 1102 1232 1486.
1126 1201 1242 1232 Bentl.
1264 1201 1368 1232 Baxt.
1385 1200 1490 1241 Crnq.
1506 1199 1654 1239 Cuning.

194 1241 320 1273 Sanad.
335 1247 372 1272 et
387 1246 537 1274 recentt.
558 1252 596 1274 uc
610 1243 639 1274 si
652 1242 734 1283 quis.
771 1244 858 1275 Exc.
870 1243 951 1275 Sax.
967 1244 1084 1275 Zarot.
1100 1243 1242 1275 Loclier.
1257 1242 1384 1279 Acron,
1401 1242 1543 1274 Mediol.
1558 1244 1654 1274 1477.

193 1287 230 1315 et
245 1284 397 1316 Florent-
414 1287 510 1317 1482.
529 1285 606 1316 atsi
623 1286 703 1325 quis.
748 1286 934 1318 Lambinus
957 1295 1000 1317 ex
1024 1285 1112 1326 conj.
1133 1289 1168 1317 at
1188 1287 1231 1317 sit
1251 1286 1331 1327 quis.
1377 1286 1505 1317 Dacer.
1519 1284 1654 1317 emend.

193 1335 237 1358 un
258 1326 449 1368 siquis—64
475 1327 675 1359 Combustum
699 1328 790 1369 conj.
818 1328 1014 1360 Markland.
1036 1329 1104 1370 Ep.
1131 1329 1217 1361 Crit.
1239 1338 1272 1369 p.
1290 1330 1451 1360 111.—66
1474 1329 1557 1360 Exc.
1574 1327 1655 1359 Sax.

849 1433 993 1466 NOTAE

189 1496 272 1528 mite
289 1501 444 1538 currunt,
463 1497 532 1529 Sed
559 1507 635 1539 quae
660 1507 723 1540 per
741 1497 894 1531 salebras

191 1547 326 1587 altaque
341 1555 426 1578 saxa
441 1547 595 1579 cadunt!

232 1599 276 1628 ⁵9
299 1597 347 1628 Αι·
361 1597 426 1639 [at]
440 1598 471 1629 si
490 1597 574 1639 quis]
612 1599 750 1632 Quanta
763 1599 819 1630 hic
835 1609 894 1630 va·

191 1647 296 1680 rietus
333 1647 588 1692 difficultasque
613 1651 626 1681 ?
671 1650 740 1682 Alii
775 1652 895 1692 legunt

191 1709 229 1731 uc
238 1699 268 1731 si
278 1699 584 1743 quis,junguntque
596 1710 671 1733 cnm
685 1701 894 1734 anteceden-

191 1750 296 1790 tibus,
317 1755 353 1782 et
377 1751 426 1782 sic
449 1752 648 1792 explicant:
671 1752 681 1770 ‘
699 1752 894 1784 Versiculos

191 1804 314 1832 euntes
338 1801 486 1842 mollius,
513 1811 554 1833 ac
577 1802 605 1833 si
630 1802 704 1843 quis
725 1801 896 1843 pedibus‚'

191 1852 256 1882 διο.
273 1850 307 1882 id
331 1856 396 1892 est,
417 1861 535 1883 versus
557 1853 730 1884 molliores
754 1858 789 1884 et
811 1862 894 1884 con-

191 1900 376 1937 cinniores,
405 1910 503 1942 quam
529 1900 643 1933 facere
666 1902 775 1934 soleat
791 1901 894 1943 poeta

191 1949 382 1993 negligens,
394 1951 452 1993 qui
469 1952 552 1983 satis
566 1951 671 1983 habet
685 1953 798 1993 plures
810 1952 894 1983 scri-

193 1998 276 2031 bere
311 2010 416 2041 parvo
452 2002 568 2033 labore
605 2011 738 2042 versus,
773 2011 892 2043 parum

193 2048 297 2080 etiam
328 2055 498 2083 venustos.
556 2050 638 2090 Alii,
670 2056 725 2083 aut
757 2053 786 2083 si
814 2054 894 2094 quis.

194 2097 277 2139 Alii,
298 2109 339 2130 un
360 2100 388 2131 ci
410 2100 492 2141 quis,
513 2102 567 2140 ὅγε.
610 2101 728 2132 Prima
756 2102 894 2142 legendi

194 2149 284 2181 ratio
319 2150 401 2182 satis
439 2151 587 2191 placet:
620 2151 734 2182 malim
767 2156 895 2192 tamen,

193 2211 233 2233 an
262 2201 306 2234 sit
334 2202 389 2243 qui
422 2202 561 2243 pedibus,
587 2204 641 2243 &sc-
669 2202 735 2233 hoc
765 2211 894 2234 sensu:

193 2251 286 2285 Quid
303 2256 398 2284 vetat
412 2261 473 2283 nos
489 2252 621 2293 scripta
637 2252 760 2283 Lucilii
779 2261 896 2283 recen-

190 2305 306 2333 sentes
318 2311 474 2344 quaerere
490 2302 581 2334 unde
594 2301 671 2342 fiat,
685 2306 722 2334 ut
736 2302 894 2344 plerique

190 2361 308 2383 versus
338 2351 411 2392 eius
436 2351 664 2393 incompositi,
692 2362 759 2384 non
785 2353 894 2394 magis

189 2399 288 2443 facti,
299 2406 335 2433 et
350 2402 480 2434 mollius
496 2403 602 2434 eant?
625 2412 667 2434 an
684 2412 726 2435 ex
741 2404 824 2435 vitio
841 2413 894 2435 re-

192 2459 286 2491 rum3
310 2461 352 2483 an
367 2452 528 2493 exipsius
544 2452 673 2485 rudiori
689 2458 831 2494 natura;
850 2463 892 2485 an

192 2500 222 2532 is
236 2500 311 2542 ipse
322 2501 428 2534 fuerit
443 2503 500 2544 qui
525 2503 536 2520 ‘
547 2503 689 2544 pedibus
706 2503 786 2544 quid
801 2504 894 2535 clan-

193 2547 276 2582 dere
311 2551 400 2582 senis
428 2551 493 2583 hoc
530 2557 665 2585 tantum
698 2558 894 2594 contentus,

193 2599 361 2631 amaverit
393 2601 570 2642 scripsisse
602 2602 796 2643 ducentos‚’
826 2605 892 2635 &c-

193 2657 259 2681 nec
283 2648 454 2682 studuerit
482 2660 674 2693 recensere,
698 2653 892 2691 emendare,

194 2708 235 2730 sc
264 2699 274 2717 ⁴
296 2699 384 2733 male
416 2703 568 2732 tornatos
597 2702 712 2735 incudi
745 2703 891 2736 reddere

196 2749 338 2790 veram,¹
364 2754 402 2782 ut
424 2755 479 2783 est
499 2751 532 2782 in
555 2753 668 2794 Epist.
692 2754 735 2786 ad
751 2755 823 2788 Pis.
839 2765 888 2788 vs·

196 2802 271 2832 441.

202 2866 205 2872 ·
237 2853 275 2881 01
304 2851 432 2882 Etrusci
450 2851 549 2887 Quale
556 2851 637 2893 fuit,
651 2852 719 2894 fisa]
751 2855 889 2888 Cassius

950 1498 1148 1531 Parmensis
1175 1497 1381 1529 abundantis
1411 1506 1452 1528 ac
1483 1495 1653 1528 foecundae

948 1550 1054 1589 magis
1079 1559 1179 1591 quam
1203 1548 1318 1581 divitis
1333 1554 1370 1580 et
1385 1547 1538 1589 pulchrae
1555 1556 1652 1578 venae

949 1600 1064 1642 poeta,
1090 1602 1132 1632 ab
1162 1599 1319 1640 Augusto
1350 1599 1466 1639 jussus
1492 1596 1654 1635 interfici,

949 1655 1020 1682 tum
1050 1650 1140 1692 qnod
1164 1650 1230 1691 ipsi
1257 1650 1454 1681 obtrectare
1479 1652 1653 1688 pergeret,

949 1705 1021 1732 tum
1035 1700 1211 1741 praecipne
1223 1699 1313 1741 quod
1326 1698 1397 1731 Jul.
1413 1697 1560 1729 Caesaris
1579 1706 1655 1738 per-

949 1751 1145 1783 cussoribus
1176 1750 1398 1791 hostibusque
1423 1749 1492 1780 suis
1517 1757 1653 1788 semper

949 1802 1152 1833 adliaeserat.
1198 1800 1292 1832 Hinc
1308 1809 1386 1831 eum
1410 1803 1532 1840 sponte
1556 1798 1653 1829 velli·

949 1857 1006 1884 cat
1019 1852 1187 1884 Horatius
1198 1851 1358 1891 Augusto
1370 1848 1556 1881 velificans.
1569 1848 1652 1879 Sue-

949 1907 1021 1934 ton.
1035 1902 1162 1935 Octav,
1176 1903 1296 1942 capas.
1312 1904 1320 1918 ⁸
1334 1900 1472 1932 Cassius
1488 1899 1653 1930 Parmen-

949 1953 994 1984 sis
1010 1951 1156 1993 quadam
1174 1951 1343 1991 Epistola,
1367 1958 1433 1980 non
1456 1952 1590 1980 tantum
1614 1953 1652 1980 ut

948 2002 1101 2044 pistoris,
1136 2000 1195 2032 sed
1227 2001 1332 2031 etiam
1365 2004 1404 2030 nt
1434 1998 1651 2029 nummularii

949 2056 1121 2093 nepotem,
1143 2051 1193 2082 sic
1216 2054 1315 2081 taxat
1336 2048 1550 2090 Augustum:
1576 2048 1652 2079 Ma-

949 2107 1048 2134 terna
1063 2101 1125 2133 tibi
1142 2099 1271 2132 farina:
1289 2098 1454 2141 siqnidem
1466 2108 1508 2129 ex
1520 2098 1649 2130 ‹erudis-

948 2151 1032 2183 simo
1047 2151 1174 2183 Ariciae
1190 2150 1333 2192 pistrino
1349 2150 1436 2181 lianc
1451 2149 1559 2190 pinsit
1582 2158 1651 2180 ma-

949 2201 1048 2234 nibus
1061 2201 1198 2242 collybo
1214 2200 1418 2232 decoloratis
1434 2199 1650 2232 Nerulonen-

946 2251 994 2283 sis
1019 2249 1230 2283 mensurius!
1273 2249 1364 2282 Vide
1387 2250 1479 2282 Vell.
1506 2249 1648 2281 Patere.

946 2303 1006 2334 lib.
1031 2311 1073 2334 11.
1098 2302 1200 2334 Oros.
1225 2309 1276 2332 vx.
1302 2303 1354 2333 19.
1383 2300 1534 2342 Appiau.
1560 2300 1650 2331 Bell.

946 2352 1020 2384 Civ.
1044 2352 1104 2383 lib.
1128 2361 1165 2383 v.
1190 2351 1274 2383 item
1297 2351 1376 2384 Val.
1403 2351 1499 2383 Max.
1519 2359 1544 2382 1.
1568 2353 1600 2382 7.
1616 2352 1648 2380 7.

943 2402 1067 2435 Crinit.
1085 2411 1143 2434 111.
1159 2403 1215 2434 47.

985 2454 1027 2484 63
1053 2452 1166 2493 capsis
1193 2450 1342 2491 librisque
1363 2449 1549 2481 Ambustum
1574 2458 1647 2489 pro-

941 2503 1039 2545 priis]
1061 2504 1132 2535 Tot
1148 2503 1254 2535 libros
1270 2512 1310 2534 ac
1325 2510 1441 2532 versus
1461 2499 1575 2532 futiles
1590 2500 1649 2532 ille

947 2554 1147 2594 scripserat,
1177 2552 1288 2593 inquit
1317 2551 1445 2582 Noster
1463 2550 1585 2591 jocose
1613 2555 1650 2583 et

946 2603 1124 2638 dicaciter,
1143 2606 1182 2633 ut
1197 2600 1382 2632 cremando
1398 2600 1473 2641 ejus
1489 2600 1649 2633 cadaveri

947 2651 1158 2685 suffecerint.
1194 2650 1294 2683 Quod
1311 2659 1353 2681 ex
1369 2650 1649 2683 Senatnsconsul-

947 2707 983 2734 to
995 2701 1123 2733 factum
1133 2699 1255 2731 asserit
1271 2703 1339 2731 vet.
1364 2699 1556 2732 Commeat.
1572 2701 1648 2739 ,Ve-

944 2762 1018 2785 rum
1036 2751 1068 2783 id
1087 2749 1254 2782 refellitur
1266 2759 1307 2781 ex
1318 2748 1370 2780 his
1383 2749 1507 2788 verbis,
1531 2751 1540 2768 ‘
1556 2749 1647 2782 fama

944 2803 1021 2836 est.’
1064 2801 1173 2834 Cassii
1204 2801 1398 2833 Parmensis
1429 2801 1472 2832 de
1502 2801 1645 2843 Orpheo

946 2855 1091 2886 Carmen
1116 2852 1180 2883 hoc
1200 2849 1344 2883 afferunt
1360 2862 1368 2882 :
1394 2852 1403 2869 ‘
1419 2850 1559 2892 Arguta>
1578 2853 1647 2893 pri-
