1904 3256
610 324 662 355 ιΝ
696 323 907 355 floRA'rn
939 322 1166 355 sArrnAs.
1523 315 1609 357 ’757

156 419 196 456 in
217 417 313 461 alias
333 429 408 464 τες,
435 428 534 467 quas
562 415 816 466 propinquius
851 419 862 438 ‘
879 415 1030 454 Horatii
1059 414 1289 454 Sermones'
1319 415 1607 466 contingerent.

159 481 222 519 Ad
242 494 359 532 quam
378 491 458 518 rem
478 478 749 530 explicandam
762 478 845 528 jam
865 478 1115 529 accingimur,
1131 490 1218 515 eum
1235 479 1406 517 secuturi
1420 478 1608 525 ordinem,

158 544 226 595 qui
245 544 319 595 ipsi
336 543 576 581 Casaubono
594 543 632 580 in
652 549 821 580 mentem
842 554 919 579 non
940 541 1093 580 videtur
1111 540 1287 585 venisse;
1308 542 1453 592 quippe
1469 555 1548 580 rem
1563 555 1610 581 ea

157 606 246 645 luce
264 605 483 658 perfundet,
511 611 554 643 ut
587 604 695 643 nulla
717 604 881 655 amplius
901 605 1083 656 cuiquam
1101 603 1340 654 relinquatur
1357 603 1409 641 ad
1427 603 1611 642 dubitan-

159 669 253 707 dum
273 669 446 707 materia.

213 732 379 770 Romani
397 744 487 769 cum
509 730 818 782 quadringentos
837 729 989 769 circiter
1009 742 1134 767 annos
1156 730 1341 767 Scenicos
1361 729 1474 767 ludos
1493 730 1606 780 igno-

158 801 302 839 rarent,
335 806 446 840 casu,
466 793 558 832 dum
580 793 664 832 dies
685 794 806 832 festos
826 805 894 844 per
914 793 1111 830 licentiam
1129 800 1167 831 et
1186 792 1386 831 lasciviam
1404 792 1617 844 agitarent,

156 856 198 894 in
212 856 360 894 Versus
375 856 580 894 Saturnios
596 863 634 895 et
649 856 913 894 Fescenninos
934 855 1167 902 inciderunt,
1185 856 1250 906 qui
1266 863 1402 907 postea
1417 855 1454 893 in
1472 855 1608 894 Scenis

157 931 227 969 per
243 925 400 958 centum
420 926 460 958 et
477 920 614 970 viginti
634 921 712 959 fere
732 932 856 958 annos
875 920 1003 957 locum
1025 931 1136 957 suum
1157 919 1270 957 tutati
1292 925 1397 957 sunt.
1598 954 1600 959 ,

211 981 386 1020 Fuerunt
402 981 466 1020 isti
487 982 634 1021 Versus
654 982 818 1034 impoliti
837 988 877 1019 et
895 994 1032 1032 parum
1060 981 1269 1028 numerosi,
1302 987 1436 1032 utpote
1467 979 1613 1019 subita-

156 1044 235 1092 nei,
254 1052 294 1083 et
314 1059 337 1084 a
355 1045 502 1098 populo
520 1047 598 1085 fusi
618 1046 748 1085 adhuc
767 1046 854 1084 rudi
872 1055 911 1083 et
931 1046 1089 1097 agresti,
1122 1045 1266 1096 quique
1292 1058 1369 1083 non
1390 1044 1509 1082 alium
1530 1055 1613 1080 ma-

157 1107 319 1158 gistrum
339 1115 489 1156 nosset,
508 1122 624 1160 quam
646 1110 827 1147 Cererem
848 1115 887 1146 et
907 1108 1120 1146 Bacchum.
1168 1109 1255 1147 Hoc
1276 1121 1398 1160 genus
1417 1104 1609 1145 Carminis

156 1170 368 1222 implebant
383 1172 671 1211 .cavillationes
702 1179 742 1210 et
770 1172 977 1223 opprobria
1006 1172 1164 1218 rustica,
1185 1171 1368 1210 adhibitis
1388 1168 1608 1208 Gesticula-

158 1235 329 1274 tionibus
348 1241 387 1273 et
407 1235 689 1274 saltationibus
709 1234 899 1273 ridiculis.
958 1234 1056 1271 Rem
1085 1234 1294 1285 intelliges,
1325 1234 1358 1272 si
1391 1233 1440 1271 ob
1473 1230 1609 1270 oculos

157 1297 228 1335 tibi
248 1309 443 1349 proponas
463 1299 588 1337 bonos
608 1298 658 1337 de
677 1311 779 1350 pago
799 1299 900 1336 viros
919 1297 1151 1336 rusticorum
1172 1311 1277 1336 more
1298 1297 1502 1342 saltantes,
1523 1306 1610 1332 sese

158 1368 293 1403 mutuo
312 1363 621 1411 extemporaneis
641 1361 826 1400 conviciis
859 1361 1112 1406 insectantes,
1145 1373 1269 1411 eaque
1288 1360 1326 1396 in
1348 1360 1452 1396 vices
1472 1371 1614 1410 expro-

158 1423 329 1469 brantes,
348 1435 511 1473 quorum
541 1424 640 1462 alius
671 1425 734 1462 alii
767 1422 916 1461 conscii
946 1429 1050 1460 sunt.
1108 1423 1195 1460 Hoc
1215 1428 1277 1459 est
1295 1421 1401 1472 quod
1423 1421 1608 1461 Horatius

156 1485 250 1525 dicit
276 1499 330 1524 11.
349 1487 475 1537 Epist.
499 1489 532 1526 1.
558 1488 649 1525 145.

371 1561 613 1600 Fescennina
633 1573 701 1612 per
720 1559 823 1598 hunc
842 1559 1001 1597 inventa
1020 1558 1178 1597 licentia
1198 1570 1344 1596 morem

370 1624 556 1662 Versibus
577 1624 735 1662 alternis
755 1623 963 1675 opprobria
981 1622 1129 1660 rustica
1147 1621 1260 1659 fudit.

158 1697 364 1736 Infraenam
384 1698 487 1737 hanc
506 1704 546 1736 et
563 1699 812 1749 impotentem
831 1696 1027 1735 licentiam
1045 1694 1196 1746 excepit
1217 1707 1296 1732 non
1313 1695 1368 1732 ita
1379 1694 1502 1732 multo
1520 1702 1611 1746 post

156 1759 256 1799 alius
276 1762 430 1812 generis
452 1762 634 1806 Carmen,
655 1761 887 1812 castigatius
905 1759 1060 1810 quidem
1081 1757 1190 1803 illud,
1207 1756 1278 1795 sed
1296 1757 1476 1795 refertum
1493 1757 1610 1796 etiam

156 1822 327 1863 dicteriis
348 1824 399 1863 ad
420 1824 654 1863 movendum
673 1825 793 1863 risum
812 1822 1060 1873 comparatis,
1091 1819 1196 1872 quod
1224 1826 1355 1858 tamen
1374 1819 1470 1858 nihil
1488 1821 1609 1872 turpi·

155 1885 303 1925 tudinis
334 1887 559 1931 admiserim
588 1887 804 1938 comparuit
835 1886 910 1924 hoc
941 1885 1111 1922 Carmen
1132 1883 1204 1921 sub
1226 1882 1365 1920 Satirae
1384 1883 1540 1922 nomine
1561 1883 1611 1921 ob

156 1950 381 1990 varietatem
401 1964 512 1990 suam
529 1964 539 1990 z
569 1964 658 2002 quae
678 1949 835 2001 quidem
856 1947 983 1986 Satira
1001 1953 1129 1985 certos
1151 1945 1286 1983 habuit
1314 1949 1325 1967 ‘
1340 1945 1509 1992 modos,'
1526 1945 1552 1984 i.
1572 1959 1608 1985 e.

159 2013 350 2053 musicum
370 2020 411 2053 et
428 2021 709 2066 congruentem
729 2019 892 2059 motum,
921 2011 1104 2062 relegatis
1125 2009 1302 2061 gestibus
1322 2008 1449 2047 minus
1467 2009 1610 2048 hones-

158 2075 224 2115 tis.
279 2077 407 2116 Livius
423 2091 511 2117 ivn.
531 2080 569 2117 2.
599 2077 856 2116 ‘Vernaculis
883 2075 1108 2119 artificibus,
1145 2072 1238 2124 quia
1270 2071 1451 2111 ‘Hister'
1481 2072 1611 2112 Tusco

159 2138 276 2176 verbo
294 2143 306 2161 ‘
319 2139 442 2177 Ludio
459 2140 470 2155 ’
485 2141 712 2185 vocabatur,
733 2152 872 2178 nomen
893 2145 903 2161 ‘
921 2137 1172 2177 histrionibus
1188 2136 1198 2150 '
1227 2134 1410 2182 inditum,
1429 2136 1495 2187 qui
1516 2148 1611 2183 non,

160 2201 263 2238 sicut
281 2207 385 2247 ante,
402 2202 644 2241 Fescennino
662 2215 775 2241 versu
797 2201 973 2249 similem,
993 2198 1294 2249 incompositum
1315 2204 1459 2236 temere
1480 2211 1527 2236 ac
1547 2211 1612 2235 ru-

159 2262 247 2301 dem
269 2264 426 2302 alternis
447 2264 658 2316 jaciebant,
686 2266 756 2304 sed
777 2266 956 2316 impletas
974 2263 1102 2303 modis
1123 2263 1298 2308 Saturas,
1319 2261 1513 2313 descripto
1528 2261 1611 2312 jam

157 2326 209 2365 ad
228 2327 423 2366 tibicinem
442 2335 576 2375 cantu,
594 2336 779 2381 motuque
798 2328 1044 2380 congruenti,
1065 2325 1332 2378 peragebant!
1388 2325 1478 2362 Non
1499 2322 1609 2361 ablu-

158 2389 277 2427 debat
293 2389 379 2428 haec
399 2391 526 2430 Satira
545 2404 568 2430 a
585 2393 726 2431 nostris
748 2393 890 2431 Farces
909 2390 1220 2443 pudenfioribus,
1248 2389 1314 2427 ubi
1333 2387 1550 2440 promiscue
1570 2394 1610 2424 et

159 2451 448 2502 spectatoribus
467 2461 506 2492 et
525 2455 732 2494 Actoribus
755 2455 919 2494 scenico
940 2454 1023 2492 sale
1042 2452 1331 2492 defricabantur
1352 2448 1545 2495 auriculae.

209 2514 339 2565 Atque
371 2516 427 2555 ita
455 2530 498 2555 se
523 2518 691 2556 habebat
722 2531 783 2556 res
804 2518 982 2563 Scenica,
1010 2528 1100 2554 cum
1135 2514 1265 2552 Livius
1285 2509 1532 2548 Andronicus
1555 2508 1605 2546 ad

160 2574 380 2616 Comoedias
400 2586 440 2618 et
457 2579 686 2632 Tragoedias
705 2581 756 2619 ad
783 2580 1009 2618 Graecorum
1030 2576 1283 2614 imitationem
1302 2571 1606 2610 conscribendas

161 2635 306 2685 primus
327 2641 495 2680 animum
515 2645 688 2695 appulit;
718 2656 807 2694 quae
837 2654 925 2680 cum
946 2646 1052 2678 esset
1071 2636 1279 2675 oblectatio
1298 2641 1338 2672 et
1356 2633 1551 2672 liberalior
1569 2642 1608 2673 et

162 2698 388 2748 absolutior,
405 2716 494 2742 mox
512 2705 588 2745 huc
607 2707 781 2756 undique
802 2702 1029 2742 catervatim
1061 2710 1294 2739 concursum
1322 2702 1397 2743 est,
1427 2696 1607 2747 neglecta

161 2759 213 2798 ad
242 2766 392 2812 tempus
423 2765 602 2815 ‘Satin-ei:
632 2782 747 2820 quam
777 2775 908 2806 tamen
937 2764 1056 2817 paulo
1089 2769 1179 2814 post
1206 2760 1478 2812 reprehensam
1496 2766 1607 2798 erant

162 2821 229 2872 qui
249 2822 457 2863 Comoediis
471 2826 550 2876 jam
575 2832 741 2879 peractis
764 2844 842 2870 non
862 2828 1030 2869 absurde
1053 2828 1341 2871 subnecterem,
1359 2822 1481 2874 (quod
1501 2821 1606 2860 Galli
