1930 3242
572 297 849 341 sannionum
888 311 981 341 nm.
1011 312 1063 343 11.
1092 301 1134 342 3.
1502 299 1588 341 953

142 402 198 445 Et
217 404 355 445 morbi
377 404 511 445 miror
531 407 766 457 purgatum
786 408 829 446 te
849 404 983 446 illius.
1042 404 1078 454 ῚῘ
1098 403 1239 459 Atqui

141 469 321 513 Emovit
341 475 532 512 veterem
554 472 659 512 mire
681 485 839 521 novuS‚
862 476 908 514 ut
928 472 1058 523 solet,
1076 473 1120 513 in
1138 485 1216 514 cor

140 537 345 592 Trajecto
365 538 514 579 lateris
535 538 684 580 miseri
706 540 952 593 capitisque
973 540 1123 582 dolore
1140 553 1151 581 :

141 603 204 646 Ut
222 605 485 658 lethargicus
503 605 592 655 hic,
608 619 709 647 cum
729 606 779 647 fit
797 607 934 660 pugil,
953 610 995 648 et
1012 606 1231 648 medicum
1251 611 1388 660 urget.
1530 609 1587 650 30

141 669 176 720 ἹῘ
195 671 316 714 Dum
335 684 389 713 ne
404 671 509 726 quid
527 672 668 714 simile
687 672 806 723 huic,
822 678 920 715 esto
937 678 988 715 ut
1005 674 1129 716 libet.
1160 674 1195 723 ἹῘ
1214 674 1254 715 Ο
1271 676 1398 726 bone,
1412 689 1468 717 ne
1486 681 1532 718 te

141 792 236 824 miror
245 796 277 824 te
285 792 450 824 liberatum
463 802 498 824 eo
512 793 627 825 morbo.
671 796 856 828 DAMASH».
881 796 1041 827 Nimirum
1054 799 1189 827 veterem
1205 795 1342 827 morbum
1355 805 1451 826 nonus
1470 797 1589 837 depulit

140 835 218 866 miro
232 836 339 867 modo:
363 836 444 867 sicut
455 836 502 876 fit
517 838 636 876 quando
657 838 827 869 laborantis
849 839 958 870 luteris
971 842 1026 870 aut
1046 839 1158 878 capitis
1170 838 1325 877 ‘egritudo
1339 838 1454 869 transit
1470 841 1510 870 cul
1523 842 1588 869 eto-

139 878 298 909 machum:
319 881 413 918 atque
426 879 617 917 lethargicus
636 881 751 920 aliquis
765 880 813 922 fit
832 882 936 921 pugil,
956 884 988 912 et
1010 882 1160 912 medicum
1183 880 1337 913 τρώει-αἱ.
1383 881 1482 912 Hon.
1508 882 1587 912 Esto

137 919 270 961 quidvis,
282 921 443 952 dummodo
456 931 517 952 non
532 921 655 953 accidat
674 923 836 964 quicquam
848 933 907 964 par
919 924 986 954 isti.
1031 924 1216 955 DAMAsn’.
1243 924 1272 954 Ο
1286 923 1372 962 bone,
1395 933 1434 955 ne
1454 923 1589 960 aberres,

746 1005 982 1019 ”nweeeeo

137 1070 228 1111 quod
249 1079 412 1112 recepere
426 1071 551 1102 Sanad.
576 1075 612 1103 et
636 1072 873 1104 Francia—27
901 1074 942 1104 Et
957 1073 1057 1104 morbi
1071 1074 1168 1104 miror
1183 1082 1298 1104 omnes
1314 1072 1392 1103 edd.
1410 1076 1496 1104 vett.
1511 1083 1588 1105 cum

137 1113 254 1144 multis
271 1113 371 1144 codd.
408 1115 450 1144 Et
473 1115 570 1145 miror
589 1115 687 1145 morbi
705 1115 801 1146 Harl.
816 1117 849 1146 2.
866 1119 897 1146 3.
911 1118 942 1146 4.
957 1119 989 1148 6.
1016 1126 1102 1146 unns
1125 1116 1338 1154 Bersmanni,
1364 1116 1443 1146 Vet.
1467 1116 1588 1148 Comb-

138 1154 264 1186 venet.
279 1158 376 1187 1477.
388 1157 483 1188 1478.
498 1159 594 1188 1479.
610 1158 723 1188 Bentl.
734 1158 858 1189 Sanad.
874 1157 1056 1198 Heindorf,
1066 1159 1215 1189 Wetzel.
1227 1163 1261 1189 et
1273 1157 1469 1189 Inda—29
1485 1158 1588 1190 Gott.

139 1197 224 1229 Exc.
237 1197 318 1229 Sax.
334 1196 434 1229 Harl.
449 1201 479 1230 3.
495 1201 530 1230 4.
552 1199 562 1215 ‘
578 1200 689 1231 Etiam
705 1200 758 1231 hic
771 1209 833 1240 per
845 1201 1073 1240 interpretum
1089 1201 1330 1241 negligentiam
1346 1201 1481 1240 impune
1497 1211 1590 1241 gras-

138 1243 212 1270 sata
227 1245 280 1271 est
295 1241 476 1272 sciolorum
491 1241 661 1273 hominurn
678 1243 834 1274 audacia.
869 1243 953 1274 Cum
971 1243 1058 1274 enim
1073 1244 1219 1274 Venetae
1237 1247 1273 1274 et
1291 1243 1501 1274 Locheriana
1517 1243 1589 1275 edi-

139 1282 187 1313 tio
213 1286 308 1314 recte
331 1283 528 1315 habuissent
549 1293 610 1321 ve‚·
632 1288 667 1316 ut
680 1285 755 1316 solet
770 1286 804 1316 in
818 1295 870 1316 cor·
886 1285 1027 1324 Trajeceo
1042 1287 1150 1317 lateris
1175 1286 1283 1317 miseri
1305 1286 1454 1326 capitisve
1465 1286 1587 1318 dolore.-

138 1325 254 1356 nescio
266 1325 433 1366 quomodo
446 1326 520 1366 jam
535 1336 595 1366 per
616 1328 776 1358 saecnlum
793 1333 829 1359 et
843 1329 986 1368 amplius
1002 1328 1085 1359 illud
1101 1338 1160 1368 que
1174 1329 1207 1359 in
1222 1329 1359 1359 excusis
1373 1330 1527 1359 omnibns
1543 1329 1591 1360 lo-

138 1376 214 1398 cum
231 1367 391 1400 obtinuit.
436 1368 542 1409 Atqui
557 1379 624 1400 non
639 1369 722 1400 illud
741 1370 812 1400 vult
829 1370 1007 1406 Horatius,
1031 1372 1175 1401 eundem
1189 1370 1357 1401 hominem
1375 1375 1410 1402 et
1426 1371 1536 1402 latere
1552 1374 1590 1402 et

137 1410 252 1450 capite
267 1409 396 1448 dolere,
418 1415 521 1451 atque
548 1415 729 1452 utrumque
745 1412 896 1443 dolorem
914 1413 947 1442 in
963 1421 1023 1443 cor
1038 1422 1103 1443 nna
1119 1412 1245 1453 trajici.
1289 1413 1379 1443 Nam
1396 1422 1438 1443 ex
1454 1422 1590 1453 compa-

137 1451 290 1482 ratione:
307 1455 316 1470 ¹
329 1452 374 1482 Et
387 1452 491 1482 miror
505 1453 614 1484 morbi
630 1458 815 1493 purgatum
832 1458 866 1484 te
883 1453 998 1489 iuius?
1013 1453 1056 1485 de
1074 1464 1139 1485 uno
1156 1455 1209 1484 hic
1222 1454 1356 1492 morbo,
1370 1463 1437 1485 non
1453 1455 1497 1485 de
1514 1455 1590 1495 pln-

136 1492 227 1524 ribus
243 1493 298 1534 agi
314 1493 530 1525 manifestum
546 1499 610 1526 est.
654 1495 746 1535 Ergo
761 1505 798 1526 ve
812 1495 877 1527 hnc
894 1496 1144 1527 restituendum
1159 1509 1168 1536 ;
1189 1495 1222 1526 iu
1239 1497 1305 1527 alio
1319 1497 1452 1528 scilicet
1467 1497 1590 1538 capitis

135 1533 245 1574 dolor,
259 1536 294 1567 in
309 1535 376 1567 alio
391 1536 520 1577 lateris,
533 1537 567 1568 in
582 1546 642 1568 cor
657 1538 769 1577 trajici
785 1538 884 1570 solet.
934 1538 978 1570 Ve
992 1539 1098 1570 etiam
1121 1539 1226 1570 habet
1240 1539 1456 1571 Battelianus
1471 1545 1508 1571 et
1525 1540 1591 1571 Re-

134 1577 223 1617 gius,
234 1587 310 1609 cum
325 1587 391 1610 nno
410 1579 631 1611 Bersrnanni:
656 1580 736 1620 quin
753 1585 789 1612 et
804 1581 1011 1612 Scholiastes
1025 1580 1140 1613 Acron
1156 1582 1247 1612 clare
1263 1583 1420 1621 agnoscit
1435 1592 1444 1620 ;
1467 1581 1524 1613 ubi
1541 1583 1590 1614 sic

135 1619 246 1651 locum
262 1625 419 1659 enarrat3
442 1622 451 1638 ‘
464 1621 532 1653 Qui
557 1622 672 1653 lateris
695 1628 754 1654 aut
778 1624 900 1663 capitis
917 1623 1035 1654 dolore
1051 1624 1201 1664 correpti
1219 1624 1322 1655 sunt!
1347 1624 1457 1655 Bentl.
1500 1625 1509 1641 ‘
1524 1625 1590 1655 Mi·

135 1671 197 1693 nus
220 1663 404 1702 probabilis
420 1663 556 1695 videtur
579 1665 727 1696 Bentleii
755 1665 972 1706 Disjunctiva
996 1665 1148 1705 capitisve
1175 1675 1237 1705 pro
1262 1666 1457 1706 capiti-squam
1480 1675 1590 1707 neque

134 1704 224 1735 enim
240 1705 331 1737 utilis
346 1705 434 1738 erit.’
458 1707 646 1738 Basa—3⁰
665 1708 675 1724 ‘
691 1707 818 1738 Nescio
833 1717 894 1739 cur
910 1708 1088 1738 Bentleius
1105 1708 1297 1747 praetulerit
1311 1707 1415 1746 angit,
1438 1717 1514 1739 cum
1538 1718 1590 1739 ur-

132 1750 188 1785 get
202 1747 490 1780 accommodatior
505 1749 550 1780 sit
562 1758 627 1780 vox
641 1754 743 1790 atque
758 1750 861 1781 etiam
878 1749 1021 1781 fortior.'
1040 1750 1138 1781 Idm.
1172 1750 1250 1781 Hoc
1265 1751 1342 1781 loco
1357 1749 1485 1781 fallitur
1499 1750 1606 1781 Baxn

136 1794 253 1830 terus3
276 1800 354 1822 nam
370 1800 486 1822 omnes
500 1791 650 1823 Bentleii
665 1792 746 1825 edd.
761 1792 827 1823 illae
851 1798 947 1824 certe
969 1792 1092 1833 quibus
1117 1793 1166 1824 usi
1187 1802 1315 1834 sumus,
1332 1792 1590 1827 Cantab..l⁷ll.

788 1866 934 1901 NOTAE

175 1931 218 1960 27
244 1929 351 1961 Morbi
379 1929 476 1961 miror
496 1930 683 1970 purgatum]
724 1931 835 1963 Miror

137 1983 171 2009 te
193 1985 376 2020 purgatum
398 1989 438 2012 ea
453 1989 579 2012 vesana
592 1980 731 2012 libidine
748 1989 833 2012 mer-

137 2028 236 2059 candi
251 2038 328 2060 cum
343 2030 450 2061 lucro.

179 2079 222 2110 28
236 2078 278 2109 In
300 2089 352 2110 cor
370 2079 510 2118 Trqy'ecto
531 2080 640 2110 lateris
660 2079 833 2120 capitisque

137 2126 254 2168 dolore]
280 2129 332 2159 Ne
343 2128 398 2160 hic
411 2138 470 2160 cor
485 2129 608 2170 ipsum,
628 2129 688 2160 sed
709 2135 834 2160 stoma-

137 2177 234 2208 chum
246 2182 304 2208 aut
312 2178 538 2210 ventriculum
547 2178 714 2219 intellige.
737 2179 837 2211 Grae-

137 2226 186 2258 cis
210 2227 329 2269 napata,
342 2238 395 2260 cor
413 2228 595 2270 significat,
611 2230 692 2261 item
709 2234 835 2262 stoma-

135 2277 235 2310 chum
257 2279 329 2310 sive
345 2288 382 2310 os
400 2279 579 2311 ventriculi
602 2279 770 2321 superius,
786 2280 835 2311 in-

134 2325 245 2370 deque
275 2338 337 2369 pro
364 2329 439 2370 ipso
465 2330 654 2361 ventriculo
683 2330 834 2370 ponitur.

135 2377 186 2409 Eo
215 2387 316 2410 sensu
355 2379 596 2420 percommode
630 2380 834 2421 intelligitur

135 2427 224 2469 quod
237 2427 365 2462 dicitur
389 2430 444 2462 hic
470 2430 504 2462 in
527 2440 588 2462 cor
606 2440 626 2462 e
645 2431 761 2472 capite
778 2431 832 2462 vel

134 2476 243 2511 latere
257 2479 353 2512 dolor
368 2480 502 2522 trajici:
520 2481 664 2522 primum
681 2481 831 2523 quidem,

137 2534 215 2559 cnm
237 2528 361 2568 pituita
378 2535 540 2572 corrupta
554 2531 588 2563 in
605 2532 831 2564 ventriculum

139 2583 159 2606 e
175 2577 288 2618 capite
304 2578 445 2613 defluit:
468 2582 612 2615 alterum
635 2592 729 2619 vero.
754 2592 831 2614 cum

138 2624 218 2657 bilis
240 2626 274 2658 iu
301 2628 408 2660 tatere
430 2631 574 2663 saeviens
597 2631 784 2664 effunditur
799 2633 832 2663 in

138 2675 389 2717 ventriculum;
411 2683 513 2722 atque
540 2682 633 2714 illinc
658 2682 834 2723 aegritudi-

139 2734 217 2757 nem
242 2725 308 2758 linc
332 2731 369 2760 et
391 2730 514 2762 malum
533 2733 706 2774 transfert,
728 2743 834 2776 osque

141 2775 323 2807 ventriculi
338 2775 454 2810 afficit·

182 2828 225 2859 30
251 2826 296 2859 Ut
309 2827 497 2868 lethargicus
514 2831 576 2873 hic,
589 2841 658 2865 cum
666 2833 713 2876 fit
728 2833 836 2876 pugil]

887 1931 1031 1965 Quando
1047 1932 1221 1972 lethargus
1244 1932 1379 1964 morbus
1396 1931 1540 1963 vertitur
1556 1933 1590 1964 in

886 1981 1081 2022 phrenitim.
1124 1981 1266 2012 Scilicet
1290 1985 1469 2012 veternum
1494 1986 1592 2013 creat

883 2030 1038 2071 frigidior
1052 2035 1089 2062 et
1105 2030 1332 2062 abundantior
1345 2031 1488 2071 pituita;
1513 2041 1590 2072 quae

885 2081 911 2112 si
942 2091 1008 2122 qua
1035 2081 1166 2113 ratione
1202 2082 1422 2119 accendatur,
1453 2082 1591 2114 cerebri

886 2130 1101 2162 membranas
1147 2130 1348 2172 inflammat,
1395 2133 1590 2175 mentisque

887 2181 1194 2221 perturbationem,
1227 2182 1396 2223 delirium,
1437 2183 1589 2216 furorem

887 2230 1014 2271 gignit:
1040 2241 1107 2272 quo
1134 2231 1173 2263 fit
1194 2235 1232 2263 ut
1254 2232 1476 2273 phreneticus
1497 2243 1591 2275 aeger

886 2281 1038 2322 quemvis
1055 2281 1200 2322 impetat
1215 2282 1309 2323 quasi
1326 2274 1431 2324 pugil,
1445 2294 1507 2316 nec
1525 2284 1590 2326 ipsi

887 2336 1007 2371 parcat
1021 2330 1165 2363 medico.
1189 2332 1291 2364 Corn.
1309 2334 1397 2366 Cels.
1412 2343 1453 2366 n.
1470 2338 1522 2367 20.

929 2383 968 2412 31
997 2381 1082 2413 Dum
1108 2391 1147 2413 ne
1172 2383 1246 2423 quid
1276 2383 1378 2415 simile
1404 2385 1488 2422 huic,
1519 2385 1590 2425 ξω]

886 2430 1024 2462 Festive
1050 2432 1114 2463 hoc
1135 2437 1172 2463 et
1189 2433 1339 2473 satyrice
1355 2433 1543 2464 Horatius:
1568 2443 1589 2464 o

884 2480 1108 2523 Damasippe,
1125 2482 1170 2513 sis
1193 2483 1281 2517 licet
1295 2483 1431 2513 insanus
1448 2491 1500 2522 ac,
1514 2491 1588 2514 mu·

886 2536 960 2563 tato
983 2532 1115 2569 morbo,
1136 2531 1355 2572 phreneticus
1382 2531 1589 2571 quantumli-

883 2581 955 2622 bet,
969 2581 1070 2612 modo
1082 2590 1126 2612 ne
1141 2581 1265 2621 pugnis
1279 2590 1333 2612 me
1346 2581 1536 2613 contundas
1547 2592 1588 2615 ac

886 2630 1086 2662 verberibus
1102 2640 1233 2670 urgeas.

932 2682 961 2713 0
977 2681 1062 2719 bone,
1077 2690 1115 2712 ne
1130 2683 1160 2711 te
1176 2679 1357 2719 Frustrere,
1372 2682 1441 2723 ξω]
1462 2682 1512 2713 Εη
1531 2692 1585 2714 ar-

886 2731 969 2772 ripit
988 2730 1199 2762 occasionem
1212 2729 1366 2762 Stoicum
1387 2731 1511 2774 dogma
1526 2742 1586 2774 ag-

886 2781 1065 2824 grediendi
1080 2784 1116 2813 et
1131 2780 1361 2824 expendendi.
