1904 3256
325 286 408 326 646
791 300 832 336 Q.
863 297 1066 328 noRA‘ru
1100 296 1269 326 FoAcm

548 389 755 431 Utrumne
769 390 883 442 jussi
903 400 1216 442 persequemur
1235 390 1382 439 otium,

605 455 705 496 Non
725 455 866 505 dulce,
886 457 930 495 ni
950 461 1092 497 tecum
1112 455 1271 495 simul?

548 521 621 561 An
640 522 751 561 hunc
771 521 964 561 laborem
983 528 1122 561 mente
1141 521 1284 571 laturi,
1306 522 1430 562 decet

603 585 707 635 Qua
723 586 830 626 serre
851 599 940 626 non
959 587 1113 626 molles
1130 586 1280 626 viros?

554 651 760 691 Feremus
777 664 789 702 ;
818 655 861 691 et
881 657 921 692 te
941 652 1007 691 vel
1028 664 1102 704 per
1121 649 1303 704 Alpium
1318 651 1442 704 juga,

605 715 914 770 Inhospitalem
930 720 971 756 et
992 715 1250 766 Caucasum,

545 780 630 821 Vel
648 781 886 822 occidentis
906 794 1045 833 usque
1067 781 1124 822 ad
1144 782 1340 823 ultimum
1361 781 1516 829 sinum,

604 845 723 886 Forti
749 859 974 899 sequemur
992 849 1184 898 pectore.

547 910 706 964 Roges,
727 917 848 952 tuum
867 912 1012 953 labore
1032 912 1137 965 quid
1151 912 1302 965 juvem
1322 925 1431 962 meo,

607 978 802 1018 Imbellis
824 990 877 1018 ac
895 978 1042 1018 firmus
1064 991 1230 1031 parum.

548 1043 705 1084 Comes
725 1044 886 1084 minore
906 1057 1003 1084 sum
1022 1044 1188 1084 futurus
1206 1045 1252 1084 in
1272 1048 1404 1093 metu,

605 1107 694 1156 Qui
713 1109 854 1161 major
873 1110 1077 1150 absentes
1095 1109 1240 1149 habet.

1685 586 1738 626 10

325 1232 447 1262 minime
472 1230 621 1269 jucundo,
648 1230 711 1262 nisi
735 1241 796 1263 una
830 1233 948 1262 tecum?
999 1232 1050 1261 An
1083 1240 1152 1261 vero
1184 1230 1278 1262 istum
1303 1231 1433 1263 laborem
1461 1231 1620 1262 toleraturi
1638 1240 1741 1262 sumus

324 1283 358 1303 eo
379 1274 492 1312 animo,
513 1283 570 1314 quo
593 1273 723 1304 tolerare
750 1272 859 1303 debent
879 1272 941 1303 viri
965 1281 1025 1302 non
1051 1271 1183 1311 segnes?
1243 1272 1448 1304 Talei-abimus
1476 1277 1568 1310 certe,
1594 1275 1683 1312 atque
1710 1275 1740 1302 te

323 1315 506 1345 sectabimur
527 1324 675 1353 generosa
702 1318 800 1346 mente
817 1323 873 1354 per
900 1314 978 1344 altas
1004 1313 1112 1353 Alpes,
1126 1317 1167 1344 'et
1197 1314 1365 1345 Caucasum
1390 1314 1629 1354 inhabitabilem,
1648 1317 1680 1345 et
1702 1315 1743 1344 ad

323 1360 462 1386 extrema
491 1356 665 1386 Occidentis
691 1356 799 1386 nwria.
853 1355 991 1392 Quoeres,
1018 1355 1090 1395 quid
1122 1358 1207 1385 tuum
1240 1356 1370 1386 laborem
1402 1365 1467 1387 meo
1500 1356 1650 1387 sublevem
1684 1364 1742 1392 ego

323 1406 383 1426 non
405 1400 495 1436 aptus
523 1397 654 1434 militiae,
682 1396 860 1435 niinimeque
887 1399 1039 1426 strenuus.
1091 1395 1227 1426 Scilicet.
1241 1399 1272 1426 te
1296 1398 1444 1427 comitans
1465 1398 1611 1427 minorem
1630 1395 1742 1426 habebo

321 1447 379 1477 pro
411 1441 440 1468 te
470 1438 618 1477 timorem,
639 1437 693 1477 qui
709 1437 839 1476 gravius
863 1438 952 1475 angit
973 1437 1128 1468 absentes.-
1152 1437 1245 1468 veluti
1271 1438 1338 1468 avis
1359 1438 1503 1469 incubans
1520 1438 1614 1478 pullis
1634 1438 1741 1477 implu-

919 1528 1152 1540 eeeeeeeeeeee

323 1583 508 1622 superstite!
525 1584 630 1615 Zeun.
672 1585 766 1615 Unus
785 1583 953 1615 Torrentii
975 1592 1035 1623 pro
1057 1593 1087 1615 v.
1101 1584 1124 1614 l.
1147 1583 1248 1614 habet
1268 1586 1408 1615 est.-10
1433 1585 1531 1620 Quem
1553 1585 1638 1616 Exc.
1662 1585 1744 1615 Sax-

324 1624 421 1655 Gott.
437 1625 541 1656 Brod.
558 1625 654 1656 Harl.
667 1628 696 1656 1.
713 1628 744 1656 2.
758 1629 789 1656 4.
802 1629 833 1656 6.
849 1635 962 1656 omnes
976 1624 1048 1656 fere
1063 1624 1159 1655 codd.
1173 1625 1352 1661 Torrenfii,
1367 1626 1480 1658 Zarot.
1494 1626 1634 1656 Venett.
1647 1629 1742 1657 14⁷7·

324 1668 418 1696 1478.
433 1668 526 1697 1479.
551 1666 687 1697 Mediol.
705 1669 797 1698 1486.
814 1669 906 1697 1502.
931 1667 1006 1697 Vet.
1031 1666 1147 1697 Comb.
1196 1667 1265 1702 Qua
1286 1668 1384 1698 Harl.
1399 1670 1430 1698 3.
1454 1676 1567 1698 omnes
1590 1667 1741 1708 Cruquii‚

322 1707 472 1738 Florent.
496 1710 589 1738 1482.
617 1708 739 1739 Venet.
758 1710 850 1739 1544.
874 1708 1024 1739 Lambin.
1045 1708 1199 1739 Tot-rent.
1223 1709 1324 1749 Cruq.
1349 1710 1466 1740 Heius.
1494 1709 1610 1748 Stepb.
1633 1708 1742 1739 Bond.

322 1748 492 1779 Schrevel.
513 1749 634 1789 Delph.
650 1750 787 1788 Bipont.
806 1749 943 1781 Mitsch.
967 1749 1107 1789 Cuning.
1129 1749 1252 1780 Sanad.
1277 1750 1424 1789 Francis,
1444 1751 1590 1789 Towers,
1610 1750 1742 1781 Talbot.

324 1790 422 1827 Pine,
444 1791 556 1820 Bentl.
578 1791 720 1822 Wetzel.
741 1791 876 1822 Wakef.
900 1796 936 1822 et
960 1791 1145 1822 Kidd.—l5
1169 1791 1264 1822 Harl.
1282 1795 1313 1823 1.
1328 1795 1359 1823 2.
1376 1795 1407 1823 3.
1421 1794 1454 1823 4.
1467 1794 1501 1823 6.
1522 1801 1634 1823 omnes
1655 1791 1742 1822 Tor-

323 1832 435 1870 rentii,
456 1833 500 1862 al.
523 1841 599 1862 cum
620 1833 699 1863 Vet.
723 1832 840 1864 Comb.
852 1837 886 1863 et
901 1833 1038 1863 Venett.
1055 1833 1207 1868 laborem,·
1231 1834 1389 1865 Glareau.
1411 1834 1565 1865 Torrent.
1589 1832 1741 1864 Lambin.

325 1873 427 1912 Cruq.
453 1873 612 1903 Torrent.
635 1873 754 1912 Stepb.
778 1873 895 1904 Heius.
917 1874 1040 1904 Dacer.
1059 1874 1139 1904 Fab.
1165 1874 1288 1914 Delph.
1312 1875 1421 1905 Bond.
1442 1875 1614 1905 Schrevel.
1630 1874 1743 1905 Bentl.

323 1913 462 1954 Bipont.
478 1914 615 1945 Mitscli.
630 1914 772 1946 Wetzel.
787 1913 919 1945 Wakef.
936 1915 1053 1946 Comb.
1067 1920 1103 1946 et
1118 1915 1222 1946 Kidd.
1235 1915 1428 1947 labora—1⁷
1443 1918 1452 1933 ‘
1466 1917 1556 1955 Lege
1572 1925 1614 1946 ex
1629 1924 1740 1947 emen-

962 1990 1104 2023 NOTAE

1060 2056 1212 2097 aliisque.
1256 2055 1343 2088 Vide
1362 2056 1436 2088 Liv.
1453 2065 1530 2088 xxi.
1546 2059 1599 2088 36.
1624 2060 1660 2087 et
1673 2065 1745 2099 seq.

1059 2105 1142 2135 istos
1165 2109 1294 2136 montes
1314 2106 1433 2146 quibus
1451 2105 1552 2136 Italia
1567 2105 1660 2146 quasi
1675 2107 1744 2137 val-

365 2058 384 2086 ⁷
412 2056 562 2087 Utrumne
573 2057 655 2095 jussi
679 2066 889 2097 persequemur
902 2057 1009 2096 otium,

321 2104 391 2145 ὅπη]
411 2104 465 2136 Αη
482 2105 559 2135 dum
570 2105 735 2136 laborabis
747 2110 782 2137 et
792 2106 1007 2146 periclitabe-

324 2155 368 2184 ris
396 2158 445 2194 tu,
469 2154 573 2185 otium
599 2164 661 2194 ego
688 2155 844 2196 persequi
868 2155 1007 2195 potero?

323 2203 425 2234 Certe
440 2203 793 2244 quantumvisjubeas‚
811 2213 929 2245 parere
944 2204 1006 2235 bac

322 2252 356 2282 in
385 2261 422 2282 re
451 2256 487 2282 et
521 2261 646 2283 morem
679 2252 740 2283 tibi
774 2261 892 2293 gerere
918 2253 1006 2284 haud

323 2301 431 2331 valeo.

363 2353 384 2380 9
407 2350 458 2381 An
471 2350 551 2380 hunc
565 2350 707 2385 laborem,
722 2348 791 2389 δμκ]
825 2350 1008 2390 Prolepsis‚

322 2408 390 2439 qua
404 2398 478 2439 ipse
490 2399 553 2429 sibi
570 2399 728 2430 Horatius
740 2399 855 2439 objicit
870 2409 878 2428 :
903 2404 938 2430 at
949 2400 1008 2429 mi-

322 2448 405 2479 litiae
428 2451 591 2479 aer'umnas
612 2447 701 2479 serre
727 2449 834 2478 minus
850 2457 918 2478 sum
935 2448 1007 2479 ido-

323 2507 426 2528 neus:
453 2496 635 2538 respondet
651 2506 742 2536 vero,
757 2497 820 2527 sibi
833 2507 907 2528 cum
924 2497 1006 2527 Μω-

323 2552 442 2579 cenate
455 2547 615 2588 quaelibet
630 2547 815 2578 tolerabilia
831 2547 946 2577 videri.
968 2555 1008 2578 11.

324 2597 392 2628 Od.
409 2599 458 2628 17.
481 2598 489 2614 ‘
505 2597 563 2628 Me
586 2606 648 2627 nec
673 2596 847 2627 Chimaerae
869 2596 1007 2635 spiritus

321 2646 444 2686 igneae,
471 2646 545 2676 Nec
571 2645 598 2676 si
624 2649 776 2684 resurgat
797 2645 1006 2676 centimanus

323 2695 430 2734 Gyas,
447 2695 595 2725 Divellet
611 2694 780 2735 unquam!

366 2746 401 2774 11
430 2743 493 2774 Per
506 2743 631 2782 Alpium
636 2743 733 2782 juga]
771 2744 857 2776 Quae
873 2741 1007 2783 quidem

323 2801 498 2833 superasse
520 2793 605 2823 tanti
625 2792 720 2823 stetit
738 2792 800 2830 ipsi
824 2791 1006 2824 Hannibali

1059 2155 1160 2194 latur,
1186 2155 1452 2186 ‘transcendisse
1473 2165 1606 2197 qnoque
1626 2155 1742 2187 mirum

1059 2203 1136 2242 fuit,
1151 2208 1254 2244 atque
1269 2204 1300 2234 in
1318 2208 1474 2244 portento
1485 2214 1589 2244 prope
1599 2205 1742 2244 majores

1058 2252 1226 2284 habuere!
1269 2253 1358 2284 Pliu.
1375 2253 1588 2284 Prooem‚1ib.
1602 2261 1732 2284 xxxv1.

1101 2305 1140 2333 12
1163 2302 1378 2341 Inhospitalem
1391 2305 1421 2332 et
1443 2302 1623 2341 Caucasum]
1643 2301 1741 2332 Mon·

1059 2354 1128 2382 tem
1152 2350 1241 2382 Asiae
1257 2351 1464 2386 altissimum,
1489 2351 1546 2380 ubi
1567 2350 1690 2390 glacies
1707 2356 1742 2382 et

1059 2400 1151 2430 nives
1177 2403 1376 2440 perpetuum
1406 2399 1575 2429 horrorem
1605 2397 1742 2431 faciunt.

1059 2447 1146 2479 Vide
1161 2457 1187 2478 1.
1203 2447 1270 2479 Od.
1285 2450 1337 2479 22.

1095 2499 1133 2528 13
1159 2496 1336 2527 Occidentis
1361 2505 1451 2536 usque
1475 2497 1515 2526 ad
1539 2497 1678 2527 ultimum
1699 2497 1742 2528 si-

1057 2544 1145 2584 num]
1189 2545 1239 2575 Ad
1262 2545 1468 2576 Gaditanum
1495 2554 1601 2586 usque
1630 2545 1742 2576 Ocea-

1059 2604 1149 2632 num,
1164 2595 1252 2624 ultra
1261 2594 1438 2624 Columnas
1457 2593 1628 2632 Herculis,
1644 2603 1742 2635 quem

1058 2643 1170 2674 mundi
1187 2641 1284 2673 finem
1298 2641 1490 2672 statuebant
1504 2642 1658 2678 Romani,
1671 2651 1743 2674 ver-

1058 2701 1114 2722 sus
1127 2690 1357 2722 Occidentem.
1402 2690 1490 2721 Vide
1506 2699 1546 2721 11.
1563 2690 1630 2722 Od.
1644 2693 1676 2722 2.
1694 2693 1744 2723 11.

1061 2741 1146 2774 Not.

1103 2793 1144 2822 18
1166 2790 1231 2826 Qui
1242 2790 1337 2829 major
1347 2789 1484 2820 absentes
1495 2788 1598 2829 Imber]
1613 2788 1666 2820 Ita
1677 2793 1746 2829 est;
