1890 3256
538 269 890 303 emsa-omnum
926 271 1021 302 mn.
1055 274 1086 304 ι.
1118 263 1159 304 7.

118 363 319 406 Tandem
341 364 579 406 dormitum
596 365 846 407 dimittitur.

1460 265 1574 309 1123

905 365 1014 415 Hic,
1034 366 1110 408 nbi
1131 379 1255 422 saepe

119 430 359 473 Occultum
381 432 504 474 visus
523 431 746 474 decurrere
763 433 903 486 piscis
924 433 981 475 ad
1002 433 1194 483 hamum,

119 497 254 540 Mane
276 499 416 541 cliens
433 503 476 541 et
487 500 583 554 Jam
605 505 754 542 certus
779 501 984 550 conviva,
997 500 1177 555 jubetur

1517 504 1574 543 75

116 563 241 606 Rura
259 567 513 607 suburbana
532 566 710 608 indictis
731 579 883 609 comes
903 568 967 609 ire
989 568 1176 611 Latinis.

115 630 361 687 Impositus
380 633 568 683 mannis,
587 646 736 675 arvum
756 634 1004 689 coelumque
1019 636 1229 677 Sabinum

117 698 222 740 Non
241 703 384 742 cessat
401 701 609 743 laudare:
641 701 763 743 videt
783 701 980 756 ridetque
1003 703 1241 757 Philippus
1258 717 1270 745 ε

111 766 172 808 Et
191 768 280 810 sibi
299 767 403 809 dum
424 769 634 822 requiem,
655 767 759 810 dum
777 768 894 810 risus
915 769 1106 823 undique
1129 770 1305 823 quaerit,

110 908 176 948 iiie,
193 908 317 943 eandem
329 909 472 941 mittitur
485 909 662 941 dormitum.
706 909 802 940 Mena
816 908 887 948 jum
900 908 1086 949 frequenter
1100 909 1223 941 rediens
1237 910 1321 941 velut
1342 908 1439 949 piscia
1451 910 1567 948 adhun-

108 961 177 982 eum
190 951 355 992 obtectum,
375 953 473 984 eliens
497 962 597 988 mune,
611 951 741 991 Jamque
760 952 918 983 convictor
931 956 1085 993 assuetus,
1101 951 1231 991 Jubetur
1244 953 1285 983 ad
1299 952 1406 983 viuum
1420 952 1567 983 suburba-

109 1002 181 1025 nam
201 994 346 1026 comitari
364 1004 421 1035 per
437 995 546 1033 serius
568 994 704 1026 Latinus
727 994 905 1034 imperatas.
951 993 988 1025 Ῑε
1007 1004 1083 1034 equo
1107 995 1247 1025 insidens
1274 1004 1387 1033 agrum
1411 998 1442 1026 et
1465 994 1568 1025 aerem

107 1035 258 1069 &binum
271 1038 359 1070 valde
372 1038 494 1069 laudat.
530 1036 701 1078 Philippus
714 1036 801 1068 videt
816 1047 853 1067 uc
869 1037 968 1067 ridet:
983 1038 1116 1077 dumque
1129 1036 1191 1068 sibi
1204 1036 1279 1075 joca
1294 1040 1323 1068 ee
1341 1037 1568 1068 oblectamenta

719 1130 837 1143 eeeeee

840 1131 958 1144 cccccc

105 1197 190 1227 —73
207 1196 296 1228 Hinc
310 1196 364 1229 ubi
379 1196 630 1229 Gott.Venett.
642 1199 738 1228 1486.
754 1199 849 1228 1490.
860 1199 957 1228 1495.
975 1202 1010 1227 et
1028 1195 1221 1227 Frib.1536.
1246 1195 1334 1234 Ergo
1349 1194 1402 1225 ubi
1419 1194 1564 1233 Cuning.

105 1248 146 1269 ex
164 1239 398 1280 ingenim—74
422 1239 655 1271 Schoenborn.
678 1239 764 1270 visus
779 1243 825 1270 est
839 1241 1063 1271 carrera—'15
1089 1238 1274 1278 Bamberg.
1291 1242 1326 1268 et
1344 1237 1425 1268 Vet.
1442 1237 1565 1268 Comb-

760 1324 900 1356 NOTAE

105 1388 221 1420 hilaris
250 1397 271 1419 e
296 1388 434 1420 Baccho
463 1387 589 1429 factus,
619 1387 747 1429 quaevis
769 1387 808 1418 li-

104 1438 186 1470 bere
199 1436 397 1477 effutiebat3
419 1442 458 1469 ut
473 1437 546 1468 fere
562 1437 611 1469 fit.

145 1489 188 1520 74
210 1487 318 1519 Piscis
339 1489 381 1519 ad
400 1486 540 1527 hamum]
563 1487 670 1518 Mena
691 1495 805 1518 rerum

76 1564 85 1571 ,
102 1537 280 1579 imperitus
305 1537 348 1569 ad
381 1537 534 1569 oblatum
563 1536 717 1578 Philippi
745 1546 804 1577 pa-

101 1587 284 1620 trocinium
315 1587 469 1619 decurrit
499 1587 592 1619 velut
626 1586 730 1628 piscis
760 1585 803 1618 ad

101 1637 250 1676 hamum,
270 1638 429 1679 ignorans
450 1637 532 1678 qnid
557 1637 635 1668 inde
656 1636 722 1667 sibi
746 1636 805 1666 im·

101 1687 272 1728 penderet
288 1692 325 1720 et
337 1687 542 1720 conflaretur
553 1687 644 1719 mali.
668 1687 804 1727 Nempe

101 1738 207 1780 ipsius
229 1737 370 1770 libertae
395 1743 431 1770 et
454 1738 556 1770 animi
579 1737 674 1779 quies
690 1737 723 1768 in
738 1737 804 1769 dis·

100 1788 228 1820 crimen
245 1788 491 1821 adducebatur.

141 1839 184 1869 76
207 1837 308 1869 Mane
334 1838 447 1880 cliens]
474 1838 665 1870 Patronum
694 1837 801 1869 clien-

99 1892 152 1919 tes
169 1887 322 1932 quotidie
349 1897 447 1919 mane
471 1888 680 1927 salutabant,
698 1886 802 1919 offici-

59 1939 61 1942 '
98 1946 224 1978 nmque
236 1946 334 1968 tuum
350 1937 383 1969 ei
398 1936 617 1969 deferebant.

145 1986 264 2018 Certus
291 1985 436 2026 conviva]
462 1986 521 2017 Sic
552 1987 666 2018 Menae
694 1985 799 2018 liber-

99 2038 166 2077 tati
189 2037 418 2071 insidiabatur
447 2036 643 2078 Philippus,
666 2036 799 2077 sibique

98 2089 237 2120 mimum
254 2087 409 2129 parabat.

141 2140 185 2170 76
206 2138 343 2170 Indictis
363 2137 509 2179 Latinio]
531 2136 652 2178 Feriis,
676 2135 800 2177 quibus

98 2193 176 2221 erat
210 2190 221 2206 ⁶
237 2187 355 2220 liberis
391 2187 502 2219 litium
542 2192 578 2218 et
607 2186 799 2227 jurgiorum

98 2239 204 2280 quies,
220 2237 330 2270 servia
347 2242 462 2270 autem
479 2246 619 2279 operum
647 2240 682 2266 et
706 2235 799 2267 labo-

98 2287 199 2328 rum,’
225 2287 338 2330 inquit
362 2288 484 2320 Cicero
511 2286 555 2318 de
585 2285 668 2326 Leg-
699 2293 736 2316 ιι.
764 2293 798 2316 n.

139 2388 288 2430 Indictis]
313 2388 386 2420 Has
412 2388 502 2420 enim
521 2394 673 2427 tempore
689 2386 799 2416 incer·

97 2443 150 2471 tas
169 2439 394 2480 Magistratus
422 2438 476 2469 vel
502 2435 666 2469 Pontifex
686 2435 797 2466 Maxi-

98 2497 173 2520 mus
194 2488 230 2519 in
251 2488 340 2519 diem
365 2493 496 2519 certam
514 2485 731 2526 concipiebat
747 2486 796 2516 in-

97 2536 316 2579 dicebatque.
343 2538 501 2570 Quatuor
519 2535 681 2568 feriarum
698 2539 798 2567 erant

97 2598 235 2630 genera.
262 2585 437 2628 stativa»,
454 2587 555 2619 statis
569 2586 739 2618 mensibus
757 2597 796 2617 ac

97 2638 216 2670 diebus
227 2637 415 2670 observatae
428 2648 437 2669 ι
460 2642 497 2669 ut
508 2637 716 2676 Saturnalia,
730 2637 796 2668 Lu-

97 2688 262 2731 percalia,
281 2687 458 2729 Agonalia,
471 2690 536 2719 &c.
560 2689 794 2729 Concwtivae,

96 2743 136 2770 nt
170 2738 313 2776 Latina’,
341 2737 563 2777 Sementinae,
596 2737 794 2780 PaganaHa,

97 2788 313 2830 Compitalia.
357 2787 589 2830 Imperativw¹
608 2798 690 2831 quas
706 2788 793 2821 Cou-

861 1387 915 1418 sul
931 1387 1112 1418 Praetorve
1127 1390 1185 1418 aut
1203 1384 1366 1417 Pontifex
1388 1385 1485 1417 Max.
1502 1395 1565 1426 pro

860 1436 1001 1468 arbitrio
1026 1436 1232 1477 imperabat.
1278 1435 1463 1471 Nundinae,
1487 1445 1564 1477 quae

858 1485 955 1519 feriae
971 1497 1181 1529 paganorum
1200 1486 1342 1518 uesastae
1358 1490 1469 1518 erant.
1501 1486 1564 1517 Ce-

860 1541 936 1569 tera
956 1536 998 1568 ad
1023 1535 1126 1568 ferias
1150 1536 1362 1577 pertinentia
1378 1535 1455 1575 lege
1471 1535 1563 1576 apud

859 1590 960 1621 Alex.
979 1590 1022 1621 ab
1041 1589 1140 1621 Alex.
1159 1598 1193 1620 v.
1209 1591 1240 1620 7.

901 1639 1043 1680 Latinis]
1064 1640 1175 1670 Varro
1198 1638 1240 1670 de
1264 1637 1306 1669 L.
1324 1637 1361 1669 L.
1383 1646 1415 1668 v.
1443 1638 1454 1655 ⁴
1472 1637 1563 1669 Lau-

858 1700 912 1722 nae
936 1690 1045 1730 feriae,
1070 1689 1144 1721 dies
1169 1688 1390 1729 conceptivus
1414 1687 1528 1720 dictus
1543 1698 1563 1719 a

858 1742 990 1773 Latinis
1017 1741 1163 1782 populis,
1181 1733 1305 1782 quibus
1329 1741 1461 1780 pariter
1485 1747 1561 1770 cnm

858 1792 1020 1824 Romanis
1039 1791 1096 1832 jus
1120 1790 1185 1822 suit
1210 1798 1347 1821 carnem
1374 1794 1492 1830 petere
1516 1798 1560 1820 ex

857 1841 986 1882 sacris:
1031 1841 1104 1872 scil.
1141 1850 1183 1871 ex
1222 1845 1320 1871 tauro
1355 1838 1388 1869 iu
1427 1837 1560 1869 Albano

856 1895 972 1922 monte
988 1889 1175 1922 sacrificari
1191 1889 1304 1926 solito,
1327 1886 1369 1918 ad
1397 1887 1559 1918 bonorem

854 1940 951 1973 Jovis
981 1940 1137 1971 Latialis.
1184 1939 1322 1969 Latinas
1350 1936 1453 1967 feriae
1479 1937 1561 1967 Tar-

854 1981 990 2031 quinius
1005 1999 1024 2020 a
1040 1987 1208 2031 principio
1224 1987 1258 2018 in
1275 1995 1374 2017 inuam
1394 1985 1484 2016 diem
1511 1985 1562 2017 in·

854 2039 954 2070 dixit.
996 2039 1086 2070 Post
1100 2047 1199 2078 reges
1216 2041 1330 2068 autern
1353 2039 1495 2065 exactos
1512 2035 1560 2065 al-

855 2093 928 2119 tera
944 2087 1017 2118 dies
1034 2087 1175 2128 adjecta
1192 2085 1309 2126 populi
1329 2084 1440 2125 jussu.
1487 2084 1559 2116 De-

854 2146 943 2168 mutu
962 2137 1122 2168 restituta
1139 2135 1253 2176 plebe,
1277 2144 1351 2176 quae
1365 2134 1406 2165 ad
1423 2142 1557 2165 sacrum

855 2192 1004 2218 montem
1039 2188 1240 2223 secesserat,
1267 2194 1288 2215 a
1322 2184 1470 2215 Consule
1506 2185 1558 2215 vel

853 2235 1030 2267 Praefecto
1047 2235 1243 2266 Latinarum
1267 2232 1407 2265 indictae
1428 2234 1558 2265 suntin

855 2291 925 2317 tres
954 2290 1014 2317 aut
1045 2289 1193 2327 quatuor
1225 2283 1309 2315 dies.
1363 2283 1557 2324 Interjecto

854 2335 977 2367 deinde
1003 2340 1159 2376 tempore
1185 2333 1312 2366 dilatas
1336 2339 1557 2373 servatasque

852 2386 1043 2417 invenimus
1060 2386 1094 2416 in
1111 2385 1182 2416 dies
1200 2384 1318 2415 decem
1334 2395 1340 2413 z
1367 2384 1455 2414 ultra
1471 2392 1555 2423 quos

851 2435 919 2467 duo
935 2436 1039 2467 etiam
1057 2440 1134 2477 post
1158 2434 1298 2465 Latinas
1326 2433 1477 2473 religiosi
1500 2433 1554 2464 lia-

852 2486 928 2522 biti,
942 2485 1064 2527 quibus
1080 2485 1220 2516 solenne
1238 2483 1403 2514 ludicrum
1431 2482 1463 2513 in
1489 2482 1552 2513 Ca-

852 2536 972 2578 pitolio
999 2534 1238 2572 exhibebatur,
1269 2531 1443 2574 quadrigis
1473 2541 1554 2563 cou-

850 2587 921 2619 cito
937 2596 1038 2618 cursu
1054 2585 1323 2617 decertantibus.
1348 2583 1436 2615 Haec
1451 2581 1552 2616 Alex.

848 2638 891 2669 ab
908 2637 1008 2668 Alex.
1023 2646 1102 2668 mox
1118 2636 1180 2667 cit.

892 2689 933 2719 77
957 2685 1123 2727 Sabinum]
1146 2685 1188 2717 In
1208 2684 1342 2717 Sabinis
1368 2683 1456 2724 agris
1483 2684 1550 2718 sita

849 2743 923 2770 erat
940 2731 1092 2782 Philippi
1111 2736 1200 2769 villa.
1223 2734 1311 2769 vide
1330 2734 1438 2776 Epod.
1455 2742 1497 2768 ιι.
