1904 3256
598 291 872 322 οΑκΜιΝυΜ
899 291 1001 322 ms.
1033 291 1099 321 ιν.
1128 282 1171 324 9.

1515 281 1600 325 601

377 385 496 435 Νοη,
519 385 558 426 si
578 385 747 438 priores
770 384 991 427 Maeouius
1011 388 1133 426 tenet
1575 388 1604 428 5

378 451 520 493 Sedes
543 450 781 502 Homerus,
801 451 1054 493 Pindaricae
1076 452 1232 501 latent,

432 516 624 571 Ceaeque
644 520 688 558 et
707 516 852 560 Alcaei
873 519 1081 570 minaces,

486 584 812 638 Stesichorique
834 575 988 639 graves
1009 586 1253 628 Camoenae.

144 690 260 723 obtinet
271 696 390 733 partes,
403 693 487 725 haud
501 692 630 725 obscura
645 696 693 725 est
706 685 804 725 Musa
820 695 969 735 Pindari,
985 695 1168 735 Simonidis,
1184 694 1284 727 Alcaei
1299 694 1445 733 minacis,
1458 702 1494 724 ac
1506 691 1604 723 Stesi-

760 789 878 802 eeeeee

880 788 999 802 oooooo

145 850 262 882 Lami».
286 851 432 884 sociam
457 852 564 884 nervis
590 853 688 884 Farn.
715 853 882 884 Lambini.
936 852 1024 884 Post
1049 852 1172 883 chordis
1197 853 1294 883 colon
1325 855 1455 892 ponunt
1483 849 1601 881 Lamb.

145 892 250 934 Cmq.
267 893 387 926 Heius.
403 895 519 926 Bentl.
534 895 672 927 Wakef.
689 900 724 926 et
741 895 847 927 Kidd.
872 898 908 926 et
935 895 983 926 sic
1004 895 1174 936 jungunt:
1199 894 1209 911 ⁴
1228 895 1275 925 Ut
1293 904 1335 925 ne
1357 893 1447 925 forte
1464 892 1602 941 credas,

146 933 329 967 interitura
345 937 495 968 carmina
509 947 600 976 mea,
620 937 804 977 intelligas,
826 947 853 968 s.
877 938 1009 977 cogites
1026 937 1139 974 velim,
1162 946 1242 976 non,
1261 936 1289 967 si
1314 935 1486 967 Homerus
1509 944 1603 975 prin-

143 985 226 1018 ceps
242 977 420 1017 poetarum
435 979 496 1019 sit,
510 978 588 1011 ideo
603 980 710 1011 latere
726 979 928 1011 Pindaricas
942 978 1143 1015 Camenas:
1155 981 1221 1010 διο.
1247 979 1257 995 ‘
1274 978 1343 1010 Sed
1361 977 1549 1018 simplicior
1566 980 1603 1007 et

144 1018 352 1058 probabilior
378 1022 466 1054 ratio
489 1027 685 1054 ceterorum
709 1022 767 1063 qui
795 1026 960 1062 punctum
989 1027 1067 1062 post
1092 1021 1216 1053 chordis
1241 1026 1442 1059 posuerunt.
1488 1020 1544 1068 lta
1566 1023 1603 1067 et

143 1060 342 1095 Scholiastae
360 1063 434 1103 jam
451 1063 697 1105 interpretati.5
720 1065 876 1096 Jam'.-⁷
903 1064 1045 1105 Ceioeque
1061 1064 1209 1095 Fau—8
1234 1063 1400 1103 Tersicori‚
1419 1062 1606 1109 Tei-sichon,

148 1102 331 1146 Perpetem,
349 1106 558 1148 Tem-sicheri,
569 1107 753 1148 Stersicori,
767 1107 959 1139 Stet-sicheri
976 1106 1146 1139 variantes
1162 1105 1251 1147 apud
1265 1105 1287 1138 J
1291 1106 1358 1137 ani.
1391 1104 1604 1137 Stesiclmrzte

796 1201 940 1233 NOTAE

147 1270 229 1294 voce
246 1262 374 1303 pariter
389 1267 424 1294 et
438 1262 561 1295 fidibus
576 1263 740 1296 canenda.

188 1315 207 1342 5
231 1311 319 1351 Non,
332 1312 362 1342 si
374 1313 507 1353 priores,
520 1312 591 1353 ssa]
627 1314 704 1345 Etsi
720 1314 844 1355 primas

143 1361 275 1393 obtinet
297 1361 480 1398 Homerus,
503 1372 570 1393 non
592 1363 650 1394 alii
668 1369 780 1394 tamen
795 1365 843 1394 in-

145 1410 245 1451 glorii
259 1410 318 1451 qui
334 1411 515 1450 postillam
526 1412 710 1453 scripsere..
754 1413 843 1444 Vide

144 1460 236 1493 Gen.
251 1469 308 1492 ιιι.
325 1463 375 1493 11.
397 1460 458 1492 nbi
482 1460 591 1494 refert
613 1461 806 1494 dubitatum
823 1473 844 1494 a

116 1503 119 1509 ¹
143 1509 258 1542 multis
273 1515 352 1542 uter
374 1514 475 1543 atate
498 1512 604 1552 prior,
628 1512 845 1545 Hesiodusne

143 1568 186 1590 au
209 1559 394 1602 Homerus,
417 1564 455 1592 et
471 1569 564 1593 xvn.
580 1564 634 1594 21.
651 1562 772 1594 asserit
787 1572 845 1594 eos

93 1625 100 1628 -
143 1613 284 1642 etatem
309 1609 408 1642 simul
431 1611 555 1652 egisse,
577 1613 632 1644 vel
657 1613 844 1644 Homerum

144 1658 320 1700 aliquanto
334 1669 410 1692 esse
425 1660 665 1702 antiquiorem.

186 1709 360 1752 Manain]
382 1710 529 1743 Maeonis
543 1710 632 1743 filius
646 1723 654 1742 ε
681 1713 736 1744 vel
746 1718 847 1745 natus

144 1759 179 1792 in
193 1759 344 1792 Maeuia
352 1769 414 1792 seu
426 1760 547 1801 Lydia,
557 1762 688 1794 scilicet
701 1771 721 1793 e
732 1763 847 1803 Smyr-

143 1819 190 1842 na
211 1810 319 1843 urbe:
338 1821 532 1853 quanquam
559 1812 719 1853 ‘Septem
743 1813 843 1845 urbes

142 1862 278 1892 certant
303 1860 348 1892 de
377 1861 485 1902 stirpe
514 1861 657 1903 insignis
688 1862 844 1904 Homeri,

142 1909 304 1950 Smyrna,
319 1910 470 1948 Rhodus,
481 1911 672 1953 Colophon,
681 1913 843 1949 Salamin,

144 1959 261 1999 Chios,
276 1960 401 2002 Argos,
420 1960 591 1993 Athenae.'

188 2013 210 2042 6
232 2009 406 2051 Homerus]
429 2010 496 2043 Hic
507 2011 716 2051 ingeniorum
729 2016 766 2044 et
778 2021 848 2044 om·

145 2058 198 2090 nis
211 2059 379 2093 doctrinm
394 2059 471 2093 fons
481 2060 606 2093 dictus.
625 2061 678 2093 De
690 2071 758 2103 quo
770 2062 848 2094 vide

146 2107 298 2151 Suis-m,
322 2111 388 2142 διο.
429 2110 636 2142 Plutarchus
656 2111 776 2143 scribit
789 2121 848 2144 no·

146 2167 224 2190 men
232 2167 253 2190 s
267 2159 425 2191 cecitate
436 2159 588 2191 Homero
597 2159 757 2200 inditum,
767 2171 850 2203 quo-

106 2205 111 2212 '
147 2207 237 2239 uiam
254 2217 275 2239 a
290 2207 438 2240 Cumaeis
454 2213 491 2240 et
505 2208 648 2241 Ionibus
669 2209 777 2251 ὅμηροι
793 2221 850 2242 vo-

146 2262 270 2290 cantur
284 2258 341 2299 qui
356 2258 465 2290 oculis
481 2259 574 2300 capti
589 2264 681 2300 sunt,
701 2270 744 2292 eo
759 2261 849 2303 quod

145 2313 272 2349 egeant
279 2308 490 2348 ductoribus,
503 2308 716 2350 ὁμηρευόντων
726 2321 735 2342 2
749 2311 849 2342 aliam

146 2366 282 2399 quoque
302 2358 544 2399 etymologiam
561 2358 687 2391 ibidem
704 2359 848 2401 profert.

146 2406 315 2440 Herodot.
333 2408 395 2439 lib.
411 2416 453 2440 ιι.
471 2409 519 2440 ait
542 2409 728 2441 Homerum
752 2411 849 2442 aunis

147 2460 228 2489 aute
243 2467 280 2489 ss
299 2458 556 2500 quadringentis
576 2459 747 2492 extitisse.
766 2460 849 2492 Cor-

149 2506 215 2538 nel.
231 2507 349 2548 Nepos
366 2507 491 2540 Chron.
513 2513 550 2539 et
570 2508 663 2540 Geli.
680 2517 772 2540 xvn.
795 2512 849 2542 21.

148 2555 288 2599 aliique,
301 2557 399 2590 annis
414 2561 495 2590 ante
511 2558 658 2590 Romam
673 2559 849 2591 conditam

151 2610 286 2638 eentum
314 2612 351 2639 et
375 2607 554 2649 sexaginta
574 2619 582 2638 :
620 2609 750 2650 pariter
781 2614 849 2642 vet.

151 2653 260 2687 schol.
272 2656 433 2690 Juvenal.
449 2657 493 2689 ad
509 2657 582 2690 Sat.
599 2667 668 2690 vn.
680 2662 734 2691 39.
779 2659 849 2690 Alii

152 2702 263 2736 aliter.
304 2704 359 2738 Ad
382 2716 501 2739 verum
524 2707 691 2740 accedere
707 2709 850 2750 propius

154 2752 324 2792 videntur,
340 2756 399 2796 qni
418 2758 585 2796 scribunt,
609 2756 766 2790 floruisse
781 2759 848 2790 cir-

152 2804 241 2836 «iter
254 2804 350 2835 annis
371 2809 507 2839 centum
530 2808 756 2849 quadraginta
771 2814 849 2850 post

901 1265 1028 1296 bellum
1064 1265 1262 1305 Trojanum.
1307 1263 1505 1305 Apollodor.
1540 1264 1605 1295 &c-

901 1314 972 1346 Cic.
998 1314 1042 1346 de
1066 1314 1157 1346 Clsr.
1189 1314 1329 1346 Orator.
1353 1315 1362 1331 ‘
1378 1314 1451 1345 Etsi
1464 1313 1607 1344 Homeri

900 1363 1034 1394 incerta
1063 1368 1142 1394 sunt
1171 1367 1341 1403 tempora,
1371 1367 1484 1394 tamen
1509 1363 1607 1394 annis

900 1412 1016 1443 multis
1050 1411 1117 1444 fuit
1143 1417 1225 1444 ante
1258 1413 1435 1444 Romulum
1452 1412 1474 1444 :'
1497 1417 1534 1444 et
1562 1412 1606 1444 de

901 1460 1002 1493 Orat.
1027 1470 1059 1493 n.
1091 1464 1165 1493 135.
1197 1467 1205 1481 ¹
1218 1461 1451 1501 Pisistratus,’
1482 1462 1607 1503 inquit,

896 1511 1066 1544 ‘Homeri
1095 1512 1201 1543 libros
1231 1516 1334 1544 antea
1362 1510 1526 1544 confusos
1555 1512 1606 1544 sic

897 1561 1103 1602 disposuisse
1118 1562 1259 1602 dicitur,
1269 1567 1305 1593 ut
1317 1571 1406 1593 nunc
1420 1561 1608 1593 habemus?

898 1611 1045 1644 Quintil.
1062 1620 1099 1644 x.
1115 1614 1146 1643 1.
1163 1616 1201 1643 nt
1215 1610 1328 1643 fluviis
1343 1616 1378 1642 et
1390 1610 1539 1643 fontibus
1555 1611 1607 1643 in-

897 1660 996 1692 itium
1011 1660 1072 1692 dat
1088 1660 1262 1698 Oceanus,
1282 1661 1331 1692 sic
1356 1661 1510 1692 omnibus
1534 1661 1605 1692 elo-

898 1710 1047 1751 quentiae
1080 1710 1235 1751 partibus
1264 1710 1458 1750 exemplum
1489 1715 1526 1742 et
1553 1720 1606 1742 or-

900 1763 972 1791 tum
989 1759 1088 1791 dedit
1106 1760 1290 1791 Homerus.
1312 1760 1322 1776 ‘
1337 1758 1469 1799 Nemo‚’
1485 1759 1609 1800 inquit,

902 1811 911 1828 ‘
926 1810 1057 1851 magnis
1071 1810 1107 1841 in
1123 1810 1223 1841 rebus
1240 1809 1462 1845 sublimitate,
1479 1810 1513 1840 in
1527 1819 1607 1850 par—

902 1860 952 1891 vis
967 1861 1180 1900 proprietate
1190 1860 1284 1892 illum
1295 1860 1482 1900 superavit.
1507 1859 1607 1892 Idem

900 1909 1001 1941 laetus
1017 1919 1058 1941 ac
1074 1919 1224 1951 pressus,
1235 1910 1412 1950 jucundus
1431 1914 1468 1941 et
1482 1911 1606 1950 gravis,
1640 1932 1651 1943 .

902 1966 973 1993 tum
1000 1962 1101 2003 copia
1126 1965 1197 1993 tum
1221 1961 1394 1994 brevitate
1418 1961 1608 2002 mirabilis‚'

901 2012 965 2043 &c.
1008 2011 1139 2044 Quanti
1168 2010 1300 2044 faceret
1330 2011 1474 2044 Homeri
1500 2022 1608 2053 opera

902 2060 1101 2093 Alexander
1126 2061 1287 2103 Magnus,
1309 2062 1448 2104 egregie
1473 2063 1608 2095 Plinius

902 2107 1055 2152 explicat
1070 2120 1137 2143 vn.
1153 2114 1209 2144 29.
1251 2112 1341 2144 Vide
1361 2118 1397 2144 et
1412 2113 1498 2145 Coel.
1515 2113 1607 2145 Rho-

903 2160 973 2202 dig.
989 2169 1067 2193 xw.
1083 2163 1112 2193 l.
1131 2162 1188 2194 ubi
1204 2162 1293 2194 inter
1304 2163 1463 2195 mulieres
1476 2162 1607 2195 doctri-

905 2220 950 2243 na
963 2212 1116 2244 celebres
1132 2218 1288 2245 numerat
1308 2215 1493 2255 Daphnem
1510 2216 1606 2247 Tire-

903 2260 962 2291 siae
988 2260 1092 2293 filiam
1118 2263 1209 2303 apud
1238 2263 1392 2304 Delphos
1419 2258 1608 2297 condendis

904 2310 1057 2342 versibus
1086 2313 1354 2352 praecellentem,
1380 2314 1470 2346 unde
1499 2316 1607 2347 mults

903 2360 946 2392 ad
977 2361 1029 2392 sui
1066 2361 1233 2402 poiimatis
1270 2364 1400 2395 cultum
1438 2364 1606 2396 Homerus

903 2411 1121 2443 transtulisse
1133 2412 1296 2445 creditus.
1342 2414 1502 2446 Ceterum
1513 2414 1607 2445 velut

902 2461 1032 2492 numini
1049 2461 1185 2494 cuidam
1202 2463 1306 2494 etiam
1330 2462 1411 2494 fana
1427 2467 1462 2494 et
1477 2462 1608 2494 sacella

903 2512 1056 2543 Homero
1082 2510 1188 2544 fuisse
1204 2507 1324 2544 erecta
1339 2512 1453 2543 multis
1470 2513 1504 2542 in
1521 2511 1606 2543 locis

903 2565 1050 2596 constat,
1067 2565 1105 2591 ut
1125 2561 1294 2601 Smyrnae,
1319 2560 1554 2601 Alexandriae,
1569 2565 1608 2592 et

905 2610 998 2642 alibi.

948 2656 1146 2698 Pindaricae]
1161 2657 1214 2688 De
1230 2657 1383 2690 Pindaro
1398 2657 1473 2690 fuse
1488 2668 1605 2700 supra,

904 2707 973 2739 Od.
989 2709 1020 2739 2.
1036 2707 1133 2747 hujus
1146 2706 1239 2739 libri.

945 2760 966 2788 7
992 2756 1136 2797 Ceoeque]
1175 2756 1366 2789 Simonides
1390 2758 1493 2790 Ceius
1514 2759 1606 2791 Pau-

903 2810 1008 2842 saniae
1026 2808 1310 2842 Lacedaemonium
1330 2810 1487 2852 Principi
1507 2813 1606 2844 valde
