1904 3256
301 323 384 363 590

767 338 808 374 Q.
841 337 1043 366 HORA'l'u
1077 336 1247 366 FLACGI

523 425 713 467 Reddidi
734 439 922 476 carmen,
944 427 1101 468 docilis
1122 428 1343 470 modorum

859 492 987 533 Vatis
1006 493 1178 534 Horati.

295 586 392 617 cecini
406 595 525 618 carmen
537 591 662 626 gratum
679 588 873 628 Numinibus,
888 589 1005 628 quando
1018 589 1161 620 soeculum
1179 589 1303 620 reduxit
1318 589 1383 620 dies
1397 591 1543 621 solennes.

940 661 1076 692 NOTAE

297 723 431 754 Quanto
447 725 621 760 apparatu,
644 726 768 763 quanta
790 723 911 754 laetitia
927 733 981 754 ce-

1035 732 1160 764 omnes,
1176 729 1209 755 et
1225 724 1382 755 hilaritati
1399 725 1566 766 sacrisque
1581 734 1716 766 operam

295 770 507 801 lehn-arentur
534 770 618 800 Ludi
646 771 842 812 Saeculares,
870 772 978 802 dicam
1034 772 1341 812 darejubebantur.

296 819 329 848 iu
354 818 508 849 Carmine
537 819 708 850 Saeculari.
744 821 839 852 Tunc
864 821 978 852 feriari

861 951 987 991 ODE
1035 950 1144 991 VII.

791 1047 856 1076 AD
887 1047 1209 1084 TORQUATUM.

294 1128 459 1159 Hortatur
475 1130 636 1161 Manlium
659 1131 877 1172 Torquatum,
892 1131 1036 1163 fortasse
1058 1132 1161 1162 filium
1185 1132 1285 1171 illius,
1308 1131 1403 1172 cujus
1419 1131 1601 1162 Consulatu
1615 1135 1712 1161 natus

334 1184 387 1210 est
402 1180 574 1220 Horatius,
590 1183 638 1212 uti
653 1183 833 1222 vernojam
847 1187 997 1223 tempore
1009 1182 1122 1213 dulcia
1136 1186 1264 1222 carpat,
1277 1191 1352 1213 cum
1368 1182 1445 1213 vitae
1461 1182 1605 1221 spatium
1620 1181 1662 1212 sit
1677 1185 1714 1211 et

332 1230 432 1261 breve
445 1236 479 1261 et
496 1232 671 1263 incertum.

407 1299 693 1340 Dmruonan
715 1301 855 1349 nives,
877 1301 1059 1341 redeunt
1071 1300 1166 1354 Jam
1183 1301 1374 1352 gramina
1393 1300 1576 1353 campis,

514 1365 842 1417 Arboribusque
862 1377 1026 1406 comae:

401 1429 547 1469 Mutat
566 1433 679 1470 terra
698 1429 832 1478 vices,
862 1434 906 1470 et
919 1430 1212 1471 decrescentia
1233 1431 1352 1482 ripas

512 1494 713 1535 Flumina
733 1499 990 1548 praetereunt
1005 1509 1014 1536 :

329 1597 481 1629 Abierant
495 1599 588 1639 nives,
601 1600 671 1637 J'nm
693 1601 780 1638 agris
794 1600 893 1630 herboe
907 1602 1118 1637 renascuntur,
1137 1602 1165 1629 et
1181 1599 1311 1636 frondes
1324 1598 1491 1629 arboribus.

1536 1598 1630 1629 Terra
1643 1609 1708 1630 mu-

287 1641 334 1669 tat
348 1640 566 1671 condilionem:
588 1644 678 1679 atque
686 1641 782 1680 fluvii
790 1641 944 1672 imminuti
956 1640 1202 1678 labunturjuxta
1214 1641 1306 1679 ripas.
1351 1639 1465 1670 Gratia
1474 1648 1541 1670 cum
1554 1640 1709 1680 Nymphis

875 1711 1088 1723 ”emeno
1093 1711 1111 1722 e

329 1750 405 1781 Ode
427 1750 558 1782 decima
577 1752 675 1783 tertia
704 1753 792 1783 Libri
810 1752 907 1792 primi
931 1753 963 1783 in
978 1752 1040 1783 Ed.
1067 1752 1190 1784 Sannd.
1224 1751 1416 1792 Epigraphe
1441 1751 1475 1782 in
1501 1751 1599 1783 codd.
1623 1752 1706 1782 'Por-

285 1792 398 1826 rentii‚
421 1794 471 1822 Ad
498 1794 650 1824 Manlium
674 1794 716 1834 (s.
742 1793 903 1833 Mallium)
929 1795 1113 1833 Torquatum
1137 1794 1224 1824 verni
1249 1794 1390 1833 temporis
1417 1793 1582 1832 descriptio
1613 1796 1645 1823 et
1667 1794 1705 1823 dt

283 1833 481 1863 mortalitate.
527 1834 566 1863 In
582 1835 720 1864 Venctt.
745 1836 885 1866 Loclner.
907 1839 942 1865 et
966 1834 1106 1864 Ascens.
1116 1836 1167 1866 Ad
1189 1836 1372 1874 Torquatum
1395 1835 1432 1865 de
1451 1834 1644 1873 liberalitate,
1662 1842 1705 1863 ex

284 1873 371 1904 male
394 1874 577 1906 intellectis
600 1884 647 1904 vs.
665 1878 715 1906 19.
736 1878 790 1906 20.
815 1875 883 1906 Alt.
907 1878 938 1906 2.
964 1876 1014 1905 Ad
1035 1875 1196 1907 Plancum.
1241 1876 1322 1906 vid.
1350 1876 1431 1907 Var.
1453 1876 1566 1906 Lectt.
1592 1875 1633 1905 ad
1649 1883 1704 1904 -νι,

283 1917 399 1946 23.-1
423 1915 519 1947 Harl.
534 1918 566 1947 2.
593 1917 718 1947 redeunt
731 1916 761 1953 j.
775 1927 811 1954 g.
827 1916 991 1947 terris.-3
1017 1915 1123 1947 Codd.
1139 1920 1222 1947 vett.
1239 1926 1292 1956 ap.
1310 1917 1458 1947 Mancin.
1473 1915 1705 1951 descendentia,-

921 1986 1062 2018 NOTAE

324 2050 408 2080 Haec
425 2049 501 2080 Ode
520 2054 572 2080 est
595 2049 731 2081 Dicolos
752 2049 965 2090 Distrophos.

281 2099 414 2130 Primus
429 2099 568 2139 quisque
593 2108 704 2130 versus
727 2103 778 2130 est
798 2099 966 2129 Hexame-

283 2152 336 2178 ter
365 2147 541 2183 Hernicus,
569 2148 655 2178 alter
685 2153 735 2178 est
765 2147 964 2187 Dactylicus

281 2195 512 2227 Archilochius
527 2196 691 2235 Dimeter,
708 2200 863 2227 constans
883 2195 964 2226 duo-

281 2244 342 2275 bus
359 2244 508 2284 Dactylis
525 2250 561 2275 et
577 2252 641 2274 una
657 2244 792 2284 syllaba.

325 2296 342 2324 1
366 2292 531 2333 Diffugere
543 2292 642 2331 nives]
666 2293 751 2324 Haec
767 2291 842 2323 Ode
859 2291 966 2324 simile

283 2351 416 2381 prorsus
451 2346 682 2381 argumentum
721 2341 825 2373 habet
863 2346 965 2382 atque

283 2395 400 2431 quarta
417 2390 477 2422 lib.
493 2400 517 2422 1.
533 2390 822 2430 dictiones-pares,
838 2389 965 2429 ingenii

282 2443 391 2470 tamen
407 2439 582 2471 Horatiaui
597 2438 817 2470 foecunditate
836 2443 964 2477 gratam

282 2488 478 2520 varietatem
509 2488 652 2520 indutas.
687 2487 822 2526 Scripta
850 2491 902 2517 est
922 2486 963 2516 ad

282 2535 445 2568 Manlium
460 2537 675 2578 Torquatum,
689 2535 744 2576 qui
758 2533 824 2565 fuit
839 2533 962 2565 Consul

281 2593 367 2614 anno
383 2586 472 2616 urbis
488 2589 561 2617 689.
585 2589 686 2626 atque
709 2583 770 2615 sub
793 2592 832 2614 eo
847 2587 962 2614 natum

283 2632 396 2663 volunt
411 2633 552 2664 poetam
569 2638 729 2665 nostrum.

324 2682 343 2709 3
366 2680 472 2711 Mutat
501 2685 583 2712 terra
614 2681 708 2722 vices]
729 2680 848 2715 Terra,
872 2680 963 2720 prius

280 2729 423 2769 hyemali
451 2730 632 2761 constricta
665 2731 741 2770 gelu
769 2733 964 2768 moestaque‚

275 2777 346 2817 jam
365 2778 373 2794 ‘
387 2777 524 2809 solvitur
549 2783 644 2818 grata
661 2780 733 2811 vice
750 2779 836 2811 veris
852 2782 887 2809 et
901 2777 963 2808 Fa-

1019 2048 1118 2088 voni:
1138 2049 1388 2091 jucundamque
1413 2049 1586 2090 experitur
1605 2057 1704 2080 amoe-

1020 2098 1172 2129 nitatem.

1059 2146 1277 2178 Decrescentia
1301 2148 1384 2188 ripas
1409 2148 1554 2179 Flumina
1573 2150 1703 2188 proeter-

1017 2195 1104 2234 eunt]
1153 2196 1332 2227 Salmasius
1372 2197 1453 2236 legit
1483 2195 1702 2227 recrescentiat

1018 2243 1288 2274 aliidecrescentia
1310 2244 1490 2288 explicant,
1510 2243 1605 2274 valde
1627 2251 1702 2273 cre-

1017 2291 1157 2330 scentia,
1173 2292 1299 2322 scilicet
1315 2292 1447 2332 liquatis
1463 2291 1614 2328 nivibus3
1641 2291 1704 2321 sic-

1015 2349 1080 2380 que
1105 2340 1192 2380 ripas
1217 2350 1293 2370 suas
1325 2340 1514 2371 transiliunt
1541 2348 1580 2370 ac
1604 2348 1700 2379 supe-

1015 2391 1110 2419 rant:
1133 2388 1303 2429 quoniam,
1321 2388 1484 2428 inquiunt,
1500 2387 1626 2428 hyemis
1650 2386 1699 2417 ni-

1015 2445 1073 2466 ves
1087 2437 1223 2466 ineunte
1238 2445 1315 2467 vere
1328 2436 1516 2476 liquescunt
1530 2433 1698 2466 et'fluvios

1016 2489 1150 2524 augent.
1185 2485 1276 2515 Pace
1294 2489 1404 2515 tamen
1429 2488 1598 2514 tantorum
1614 2482 1698 2514 viro-

1015 2543 1087 2564 rum
1115 2533 1213 2565 aliter
1236 2533 1452 2573 interpretari
1478 2532 1616 2573 placuit,
1635 2533 1698 2563 hoc

1015 2581 1124 2612 verius
1139 2590 1203 2622 quo
1219 2581 1412 2621 simplicius,
1434 2590 1495 2612 nec
1518 2581 1623 2612 lector
1645 2589 1696 2611 re-

1014 2630 1212 2671 fragabitur,
1229 2634 1265 2660 nt
1279 2639 1354 2670 spes
1377 2633 1440 2660 est.
1476 2629 1598 2660 Sensus
1621 2633 1671 2659 est
1687 2639 1696 2660 ι

1015 2679 1165 2711 Flumina
1179 2684 1256 2709 ante
1277 2678 1401 2709 nivium
1424 2677 1515 2719 aquis
1540 2682 1636 2708 aucta
1659 2682 1695 2720 et

1014 2727 1102 2768 ripas
1123 2735 1351 2767 supergressa,
1370 2727 1440 2766 jam
1463 2726 1503 2756 ad
1518 2734 1574 2757 eas
1590 2725 1695 2756 redie-

1015 2780 1104 2816 runt,
1118 2779 1261 2816 euntque
1276 2780 1310 2807 et
1325 2774 1432 2807 flulmt
1444 2779 1580 2815 praeter,
1593 2773 1627 2806 id
1643 2778 1694 2808 eet
