1930 3242
391 273 474 314 894
856 285 900 320 Q.
933 281 1138 311 HORA'rn
1175 279 1342 308 FLAcci

393 374 562 426 Religio
582 379 661 415 est.
718 374 778 414 At
797 374 881 412 mi:
913 385 1006 412 suin
1027 371 1162 423 paulo
1185 371 1406 420 infirmior,
1427 382 1538 410 unus

391 440 654 490 Multorum3
683 441 907 490 ignosces3
939 437 1048 476 alias
1066 437 1233 489 loquar.
1291 436 1520 476 Hunccine
1540 435 1676 475 solem

390 505 501 546 Tam
523 507 686 557 nigrum
711 514 886 542 surrexe
908 501 1035 541 mihi!
1064 501 1174 552 sugit
1193 502 1428 554 improbuS‚
1452 513 1503 541 ac
1526 512 1594 540 me

391 571 483 610 Sub
505 570 644 610 cultro
664 567 837 620 linquit.
896 566 1015 606 Casu
1035 566 1156 606 venit
1175 567 1328 607 obvius
1349 567 1412 606 illi

394 633 702 676 Adversarius:
724 635 779 682 et,
801 630 904 681 Quo
925 636 988 681 tu,
1009 633 1289 684 turpissime?
1311 644 1463 684 magna

392 699 624 741 Exclamat
645 709 768 745 voce,
788 701 847 746 et,
869 697 990 737 Licet
1011 697 1250 737 antestari?
1285 697 1378 749 Ego
1399 710 1501 737 vero

392 766 582 816 Oppono
603 761 863 803 auriculam:
895 763 1008 814 rapit
1027 763 1070 802 in
1083 762 1184 814 jus:
1214 762 1374 803 clamor
1391 764 1604 816 utrimque
1621 775 1631 802 ε

391 829 592 879 Undique
613 839 862 867 concursus.
920 827 994 868 Sic
1015 839 1083 867 me
1103 829 1293 868 servavit
1313 827 1487 880 Apollo.

1751 632 1809 672 ¹75

391 955 488 987 Haud
500 956 645 993 religioni
658 958 786 994 duxero,
799 958 932 996 inquam.
977 958 1044 995 Ego
1066 967 1136 987 vero
1157 958 1274 995 ducam,
1289 958 1352 988 ait.-
1375 967 1442 988 sum
1454 958 1545 996 paulo
1557 955 1807 996 superstitiosior,

387 1001 477 1037 atque
494 998 632 1038 pluribus
651 999 782 1029 similis.-
804 999 929 1037 indulge
953 999 1048 1029 milii.-
1069 999 1149 1029 alias
1172 1000 1319 1037 alloquar.
1367 999 1442 1029 Tum
1456 1000 1571 1029 demum
1585 1007 1663 1036 ego:
1687 998 1808 1035 Ergone

389 1040 487 1070 merui
501 1039 580 1069 diem
596 1039 674 1070 hunc
688 1040 760 1070 adeo
775 1040 938 1078 funestum
960 1040 1035 1070 milii
1056 1038 1142 1070 esse?
1185 1039 1316 1070 Interim
1332 1039 1426 1078 sugit
1449 1040 1615 1078 malignus,
1629 1042 1662 1069 at
1683 1048 1730 1070 me
1753 1037 1808 1067 sub

385 1080 489 1117 gladio
503 1081 799 1112 ‹1eseruz't.Verum
813 1091 879 1112 ecce
890 1081 1083 1111 adversarius
1098 1080 1154 1111 isti
1164 1081 1291 1118 garrulo
1297 1080 1384 1116 sorte
1397 1080 1539 1120 occurrit,
1553 1080 1715 1119 statimque
1728 1079 1808 1110 voci-

380 1121 529 1157 feratur:
554 1123 655 1162 Ecquo
671 1132 773 1161 nempe
798 1126 844 1158 tu,
867 1122 1024 1161 vilissime,
1046 1122 1134 1152 abis?
1154 1123 1194 1151 ad
1209 1131 1257 1152 me
1272 1131 1362 1152 vero.-
1399 1121 1490 1152 Potes
1510 1121 1598 1151 lestis
1613 1123 1698 1151 esse?
1745 1121 1810 1158 Ego

387 1173 459 1194 mox
472 1173 576 1194 aurem
591 1163 697 1204 offero.
743 1164 819 1194 Tam
833 1163 882 1193 hic
895 1164 983 1194 illum
996 1164 1036 1194 ad
1051 1162 1207 1201 judicium
1229 1163 1336 1194 trahit.
1383 1163 1569 1194 Exclamant
1582 1161 1679 1193 ambo.
1724 1160 1810 1192 Hinc

388 1207 418 1234 et
435 1206 505 1236 inde
516 1205 600 1245 plebs
613 1205 820 1246 affluit.1la
833 1215 879 1235 me
895 1205 1005 1245 Apollo
1022 1204 1174 1236 liberavit.

980 1297 1219 1309 OMOWOO

363 1360 366 1363 '
390 1361 537 1401 Francis,
551 1360 685 1391 Wakef.
702 1366 738 1390 et
754 1360 855 1391 Kidd.
857 1363 941 1391 -73
966 1361 1062 1392 Gott.
1077 1370 1130 1400 ap.
1145 1360 1248 1391 Gesn.
1273 1360 1347 1390 Tam
1361 1359 1437 1390 mihi
1448 1358 1622 1390 surrexisse
1632 1358 1770 1397 nigrum
1771 1374 1811 1385 --

388 1403 459 1432 76⁴
471 1402 525 1432 Sic
541 1402 716 1436 editiones,
740 1402 906 1432 Exclamat
920 1411 1010 1437 voce,·
1033 1411 1143 1442 neque
1157 1402 1339 1448 quicquam
1362 1410 1404 1430 ex
1431 1401 1524 1431 libris
1547 1401 1615 1430 suis
1635 1397 1812 1448 proferunt

389 1443 613 1482 Interpretes,
638 1447 785 1482 excepto
802 1443 1030 1473 Bersmanno:
1054 1443 1080 1472 is
1105 1452 1182 1472 vero
1203 1443 1235 1472 in
1253 1442 1380 1472 duobus
1406 1451 1441 1472 se
1469 1444 1614 1472 testatur
1635 1439 1810 1488 invenisse,

389 1484 540 1514 Inclamat
555 1494 633 1515 voce.
679 1484 721 1514 Et
737 1493 785 1515 sic
803 1484 900 1522 plane
917 1484 1016 1515 codd.
1032 1484 1138 1514 nostri
1161 1483 1239 1515 Gal.
1262 1483 1399 1522 Regius,
1423 1483 1505 1522 Reg.
1530 1482 1606 1513 Soc.
1627 1474 1748 1514 Trinit.
1774 1486 1810 1512 et

389 1534 449 1564 pro
465 1535 532 1555 var.
546 1527 623 1557 lect.
642 1525 763 1566 Regin.
807 1526 945 1556 Rectius
964 1526 1034 1556 sine
1050 1525 1161 1556 dubio.
1185 1526 1284 1556 Lucr.
1302 1533 1357 1556 ιιι.
1372 1523 1457 1555 967.’
1480 1524 1588 1555 Benll.

1033 1616 1172 1648 NOTAE

431 1681 470 1710 71
509 1679 555 1710 At
579 1679 638 1719 mi]
677 1679 873 1720 Respondet
903 1678 1048 1710 Aristius
1066 1689 1074 1709 :
1130 1677 1161 1708 ni
1178 1679 1217 1716 it,
1230 1687 1342 1709 aurem
1358 1678 1471 1718 capito
1487 1675 1671 1716 antestati!
1713 1675 1810 1708 Quod

390 1729 461 1769 Ego
488 1734 617 1769 contra,
638 1738 746 1758 mores
762 1728 955 1760 Judaeorum
980 1728 1074 1758 colo:
1130 1727 1178 1758 sic
1194 1727 1250 1757 ille
1266 1726 1349 1757 ibid.
1366 1727 1537 1766 explicat:
1560 1726 1593 1756 in
1616 1725 1813 1756 antestatio-

390 1777 478 1807 unde
509 1777 626 1816 religio
655 1777 734 1806 mihi
763 1781 853 1807 esset
878 1776 1075 1807 hodiernum
1130 1785 1183 1813 ne,
1199 1775 1318 1816 inquit,
1330 1782 1423 1806 actor
1435 1775 1533 1805 imam
1547 1773 1725 1804 auriculam
1741 1778 1813 1803 tau-

388 1824 511 1855 festum
528 1835 602 1855 cum
618 1825 682 1854 illis
698 1834 763 1854 non
779 1826 962 1855 celebrare.

437 1874 525 1904 Unus
552 1872 738 1912 Multorum]
769 1872 820 1904 Εἲς
847 1875 908 1903 τῶν
935 1873 1074 1910 πολλῶν,

390 1931 467 1951 unus
487 1931 503 1951 e
523 1922 619 1960 plebe,
639 1921 710 1960 ejus
726 1921 841 1952 similis
858 1930 933 1960 ego,
949 1921 1075 1960 pariter

387 1969 538 2000 infirmus
564 1974 598 2000 et
625 1969 895 2008 superstitiosus:
926 1970 952 1999 si
984 1969 1076 2008 libet,

391 2020 439 2049 ita
456 2028 507 2049 me
524 2018 678 2058 appella:
704 2024 739 2048 at
763 2018 843 2049 mihi
870 2018 995 2048 veniam
1019 2019 1075 2059 da-

392 2067 455 2106 bis,
482 2067 618 2106 Horati,
640 2066 667 2097 si
689 2066 721 2097 in
746 2066 807 2097 hoc
829 2066 889 2097 tibi
911 2055 1076 2097 contradi-

391 2125 476 2147 cam.

433 2168 473 2196 73
497 2164 645 2205 Sarreoee]
666 2165 753 2196 Vide
776 2174 876 2205 supra
891 2164 964 2196 Sat.
982 2174 1016 2196 v.
1033 2165 1075 2195 ad

392 2223 507 2245 vocem
530 2218 538 2231 ⁴
550 2213 765 2253 erepsemus.'

432 2265 474 2294 76
490 2263 543 2298 Et,
554 2262 642 2293 Licet
655 2263 819 2303 antestari]
835 2264 880 2294 Et
895 2272 1073 2294 conversus

392 2311 434 2342 ad
456 2320 522 2350 me,
543 2311 642 2347 dixit,
658 2311 718 2341 Vis
742 2312 927 2342 antestari?
961 2311 1022 2342 Cui
1037 2311 1074 2341 li-

394 2360 586 2391 bentissime
612 2360 725 2400 annui,
740 2370 779 2391 ac
794 2360 836 2391 de
856 2369 947 2390 more
962 2369 1075 2390 aurem

394 2410 499 2441 obtuli
516 2409 730 2449 tangendam.
769 2410 837 2440 Lex
849 2418 915 2439 xu.
930 2409 1012 2439 Tab.
1028 2409 1076 2439 ita

387 2459 552 2499 jubebat:
576 2459 586 2475 ⁴
598 2458 633 2488 Si
646 2457 745 2498 injus
759 2462 909 2496 vocatus,
920 2457 954 2486 ni
968 2457 1006 2492 it,
1019 2466 1075 2486 an-

393 2512 539 2538 testatus
563 2515 693 2537 manum
709 2506 861 2546 injicite:
885 2515 997 2536 aurem
1019 2515 1075 2536 an-

394 2556 509 2586 testati
523 2554 657 2595 capito-¹
681 2555 734 2586 vel
760 2558 798 2585 ut
821 2554 921 2586 habet
936 2555 969 2586 J.
986 2553 1075 2594 Lips.

390 2603 567 2641 Epistolic.
591 2603 718 2635 Qnaest.
742 2603 801 2633 lib.
822 2612 869 2634 iv.
892 2602 998 2642 Epist.
1024 2605 1076 2633 26.

393 2653 403 2668 ‘
416 2651 450 2681 Si
467 2652 514 2682 vis
529 2652 694 2683 vocationi
708 2650 793 2693 fuat,
809 2651 1050 2683 antestaminor
1066 2661 1073 2680 ε

1127 1824 1228 1862 gebat
1249 1824 1422 1859 antestati‚
1439 1822 1566 1854 addens
1582 1822 1646 1854 lioe
1673 1821 1810 1853 verbum

1125 1876 1135 1890 ⁶
1146 1871 1345 1903 Memento!

1169 1923 1208 1950 77
1234 1921 1358 1960 Oppono
1377 1918 1558 1958 auriculam]
1581 1919 1670 1950 Plin.
1686 1927 1739 1950 xi.
1759 1921 1813 1950 45.

1128 1970 1213 2000 'Est
1241 1970 1275 2000 in
1306 1979 1386 2000 aure
1418 1969 1482 1999 ima
1512 1969 1678 1999 memoriae
1706 1969 1812 2006 locus,

1129 2027 1225 2058 quem
1242 2022 1421 2057 tangentes
1434 2021 1642 2048 attestantur
1652 2015 1673 2054 ς’
1689 2015 1739 2046 vel
1753 2025 1811 2056 po-

1128 2066 1195 2096 tius
1210 2067 1220 2083 ‘
1230 2065 1472 2096 antestantui·:’
1488 2069 1525 2096 ut
1539 2069 1658 2096 contra
1673 2064 1813 2096 Roevar-

1129 2115 1205 2145 dum
1235 2125 1278 2146 ex
1302 2116 1376 2154 lege
1398 2120 1433 2145 et
1457 2124 1550 2146 more
1571 2113 1680 2145 veteri
1695 2113 1815 2145 asserit

1129 2165 1260 2204 Lipsius
1276 2174 1352 2195 mox
1367 2165 1503 2196 citatus.

1172 2214 1271 2253 Rapit
1282 2214 1315 2243 in
1330 2214 1400 2254 jas]
1425 2214 1511 2244 Post
1525 2212 1650 2244 factam
1664 2215 1810 2242 antesta-

1128 2261 1250 2292 tionem
1273 2262 1396 2292 licebat
1417 2262 1548 2292 trahere
1563 2261 1597 2292 in
1615 2260 1674 2300 jus
1693 2259 1746 2290 vel
1762 2268 1814 2290 re-

1128 2311 1310 2341 luctantem
1328 2319 1432 2340 reum.

1168 2361 1210 2389 78
1234 2357 1354 2398 Apollo]
1392 2357 1559 2387 Bonorum
1584 2357 1610 2386 is
1635 2355 1810 2396 poetarum

1129 2412 1220 2439 tutor
1233 2417 1271 2438 ac
1287 2406 1420 2437 vindex.
1476 2405 1543 2435 Alii
1559 2405 1678 2445 respici
1695 2406 1811 2436 volunt

1128 2457 1170 2487 ad
1200 2455 1342 2496 Augusti
1368 2454 1486 2492 forum,
1516 2453 1572 2484 ubi
1602 2458 1676 2484 erat
1699 2458 1810 2485 statua

1130 2504 1291 2544 Apollinis
1307 2503 1434 2533 eburna
1459 2512 1498 2533 eo
1526 2503 1598 2542 ipso
1620 2502 1653 2533 in
1674 2503 1761 2542 loco,
1775 2504 1808 2534 in

1129 2554 1259 2594 quojus
1275 2553 1462 2584 dicebatur.
1507 2552 1595 2583 Plin.
1623 2561 1751 2584 xxxvl.
1776 2556 1808 2584 ὅ.

1129 2602 1284 2634 Juvenal.
1297 2601 1368 2631 Sat.
1379 2610 1403 2631 r.
1419 2603 1490 2632 128.
1506 2603 1514 2617 ‘
1527 2601 1682 2640 Sportula
1693 2611 1702 2638 ς
1715 2600 1810 2631 dein-

1129 2649 1170 2680 de
1190 2648 1309 2686 forum,
1333 2650 1490 2690 surisque
1512 2649 1640 2690 peritus
1664 2648 1810 2690 Apollo.’
