1904 3256
344 260 428 301 648
807 278 849 315 Q.
880 277 1084 307 noRA‘rn
1119 277 1289 308 nuAcci

570 365 762 406 Pecusve
783 367 980 408 Calabris
1001 373 1100 408 ante
1119 368 1238 410 sidus
1256 369 1463 413 fervidum

623 431 800 471 Lucana
819 436 956 471 mutet
974 444 1141 484 pascua
1159 447 1170 484 ;

567 496 663 536 Nec
683 500 731 536 ut
749 498 920 549 superni
941 498 1046 539 villa
1065 499 1253 541 candens
1272 501 1451 543 Tusculi

623 561 790 602 Circaea
810 565 960 614 tangat
980 564 1166 605 moenia:

574 627 688 667 Satis
709 640 924 680 superque
944 641 1013 669 me
1030 630 1276 682 benignitas
1296 620 1371 673 tua

621 692 814 733 Ditavit:
843 693 957 734 haud
978 707 1201 747 paravero,

1702 572 1758 612 30

341 806 394 831 aut
415 811 526 841 greges
546 813 561 833 e
580 803 702 842 pascuis
717 803 852 833 Lucanis
866 805 1022 834 transeant
1038 804 1070 834 in
1088 804 1231 840 Calabra,
1245 809 1316 836 ante
1330 808 1440 837 ardens
1456 811 1593 839 astrum:
1615 818 1709 848 neque
1723 811 1758 838 ut

340 843 411 873 villa
426 844 554 874 candida
570 844 669 874 vicina
683 845 741 875 alti
757 845 880 875 Tusculi
899 846 1058 884 pertingat
1073 855 1174 876 muros
1187 847 1329 878 Circoeos.
1375 849 1471 879 Immo
1483 853 1537 880 tua
1551 849 1757 890 munificentia

341 884 532 924 locupletavit
547 895 593 916 me
606 887 789 927 sufficienter
803 889 833 917 et
847 885 976 917 abunde.
1015 885 1108 917 Absit
1122 891 1156 918 ut
1171 890 1350 920 accumulem
1363 900 1430 930 quae
1445 891 1491 923 vel
1504 894 1596 922 terroe
1609 891 1757 929 infodiam

927 979 1143 992 omma
1149 982 1168 993 ο

334 1044 541 1079 pascum—29
564 1043 671 1083 Neque
685 1047 720 1075 ut
740 1044 842 1084 supini
863 1053 905 1074 ex
928 1044 1125 1084 conjectura
1146 1045 1178 1076 in
1201 1050 1330 1078 textum
1355 1047 1483 1087 recepit
1503 1047 1617 1078 Bentl.
1640 1051 1758 1078 eontra

340 1083 483 1113 omnium
499 1083 598 1115 codd.
614 1094 806 1116 consensum
822 1095 832 1123 ;
855 1085 1045 1116 Bentleium
1057 1091 1192 1118 secutus
1204 1088 1308 1119 Kidd.
1333 1089 1436 1129 Neque
1448 1092 1483 1119 ut
1497 1089 1620 1129 superni
1633 1088 1755 1120 Sanad.

981 1178 1123 1210 NOTAE

379 1239 420 1267 27
445 1237 576 1269 Pecu-we
589 1238 742 1276 Calabris,
750 1239 820 1279 tha]
836 1239 953 1281 Neque
963 1249 1022 1281 pa·

337 1286 419 1317 riter
435 1287 675 1319 numerosiores
691 1298 809 1329 greges
828 1289 950 1319 babere
965 1298 1020 1321 ex-

337 1340 463 1375 optem,
481 1337 532 1366 vel
547 1335 678 1368 diversa
694 1347 816 1378 pascua
833 1339 865 1368 in
881 1338 1022 1370 diversis

335 1384 547 1422 regionibus:
573 1389 621 1423 ut,
631 1385 813 1416 secundum
827 1386 932 1416 varias
943 1387 1020 1418 coeli

336 1434 540 1472 affectiones,
556 1436 729 1467 commode
745 1445 877 1476 semper
887 1437 934 1467 illi
949 1446 1020 1476 pas-

335 1488 466 1522 cantur,
493 1484 593 1515 modo
619 1485 652 1515 in
677 1484 740 1522 his,
766 1485 864 1516 modo
886 1485 920 1516 in
936 1486 1020 1516 istis.

335 1532 444 1564 Varro
467 1533 509 1563 de
532 1533 582 1564 Re
606 1534 697 1565 Rust.
718 1542 774 1566 ιιι.
798 1543 873 1574 cap.
899 1535 960 1567 ult.
984 1536 1018 1566 in

335 1578 418 1612 fines
455 1582 557 1621 Apuli
581 1583 691 1613 solent
705 1583 864 1622 pecuarii,
881 1588 1020 1624 propter

334 1631 476 1669 calores,
490 1631 523 1661 in
540 1636 668 1662 montes
688 1631 828 1663 Sabinos
845 1641 945 1672 pecus
961 1633 1020 1663 du-

337 1689 426 1710 cere.

379 1726 520 1758 calabris
533 1731 605 1758 ante
623 1727 708 1758 sidus
717 1728 877 1766 fervidum
893 1728 1020 1760 Lucana

333 1780 429 1808 mutet
441 1776 568 1816 pascua]
593 1778 673 1818 Pro,
687 1778 697 1795 ‘
711 1777 854 1808 Calabra
875 1782 1022 1818 pascua,'

333 1826 391 1856 nbi
407 1830 508 1855 aestus
519 1824 692 1864 fervidior,
707 1830 717 1844 ‘
731 1832 840 1861 mutet
851 1825 1020 1867 Lucanis:

333 1874 389 1904 ubi
420 1875 541 1905 coelum
567 1875 672 1914 magis
693 1880 746 1906 est
770 1879 1016 1916 temperatum:

332 1923 598 1963 mutet‚inq=1am,
611 1928 645 1954 et
659 1923 699 1953 ab
711 1923 776 1954 illis
788 1923 822 1954 in
834 1925 906 1955 haec
917 1925 1018 1956 dedu·

333 1977 441 2011 catur,
454 1975 525 2002 ante
538 1971 795 2011 sidusservidum,
809 1972 840 2003 id
858 1978 923 2012 est,
938 1978 1016 2005 ante

333 2021 538 2062 Caniculam,
551 2022 644 2062 cujus
656 2022 755 2053 ardor
767 2022 886 2053 nimius
905 2024 1015 2062 pecori

332 2075 384 2101 est
409 2071 525 2101 noxius
542 2075 577 2102 et
593 2070 747 2103 infestus.
790 2072 845 2102 De
862 2071 1016 2103 Calabria

331 2128 358 2150 1.
376 2120 441 2151 Od.
464 2123 516 2150 31.
552 2122 607 2151 De
634 2121 806 2160 Canicula,
824 2130 848 2151 ι.
871 2120 939 2152 Od.
964 2123 1016 2153 17.

333 2172 383 2200 17.
399 2175 435 2200 et
448 2178 502 2199 ιιι.
519 2169 586 2200 Od.
604 2172 653 2200 13.
669 2172 700 2200 9.

373 2220 414 2249 28
436 2218 576 2259 Lucana]
615 2219 762 2250 Lucania
788 2219 894 2249 Italiae
911 2219 1018 2259 regio,

331 2267 365 2298 in
395 2268 511 2308 Regno
545 2268 781 2308 Neapolitano,
811 2269 898 2299 inter
927 2269 1018 2308 Apu·

330 2317 420 2356 liam,
446 2316 594 2355 Brutios,
617 2317 789 2356 Picentes,
809 2322 908 2357 atque
923 2327 1015 2348 oram

331 2367 492 2406 Tyrrheni
503 2365 603 2396 maris
617 2377 626 2397 ι
642 2367 834 2397 continetur
845 2366 877 2396 in
891 2376 931 2397 ea
941 2377 1014 2406 quae

331 2415 504 2447 Basilicam
546 2415 717 2454 provincia
758 2424 845 2446 nunc
880 2414 1013 2447 dicitur.

333 2465 419 2496 Plin.
435 2473 512 2495 er.
527 2465 558 2495 6.
574 2464 649 2494 vina
661 2464 793 2495 Lucana
805 2464 1015 2495 commendat

331 2514 381 2544 his
396 2514 530 2544 verbis:
553 2515 561 2532 ‘
579 2514 699 2544 Verum
725 2518 762 2544 et
782 2513 1014 2554 longinquiora

330 2562 438 2593 Italiae
462 2563 504 2593 ab
529 2561 677 2593 Ausonio
699 2562 781 2594 mari
806 2571 871 2592 non
895 2566 1013 2593 carent

331 2613 450 2652 gloria,
467 2612 662 2651 Tarentina,
682 2633 690 2642 .
705 2633 713 2642 .
729 2633 737 2643 .
752 2633 760 2642 .
787 2610 1014 2651 Lucanaque?

372 2664 415 2693 29
439 2662 503 2692 Nec
527 2665 562 2692 ut
584 2661 718 2700 superni,
742 2660 810 2700 ἃμκ]
837 2661 954 2701 Neque
974 2664 1013 2691 nt

330 2712 407 2743 villa
418 2720 492 2741 men
506 2711 538 2740 in
551 2719 631 2749 agro
642 2710 830 2741 Tusculano
841 2709 915 2744 sita,
928 2717 1012 2748 prae·

331 2761 488 2802 diumque
513 2758 600 2800 quod
625 2759 674 2791 ibi
697 2758 805 2790 habeo
831 2766 850 2790 a
875 2763 909 2790 te
931 2757 1011 2788 mihi

1075 1241 1247 1283 donatum,
1262 1243 1366 1283 magis
1389 1253 1428 1275 ac
1451 1244 1555 1284 magis
1578 1242 1759 1284 amplifice-

1075 1293 1140 1330 tur,
1156 1291 1425 1333 extendaturque
1445 1292 1486 1324 ad
1510 1302 1614 1334 usque
1631 1293 1758 1324 Tuscu-

1073 1339 1140 1370 lum
1157 1340 1271 1372 urbem
1287 1341 1320 1371 in
1336 1341 1429 1372 edito
1445 1341 1530 1372 colle
1542 1346 1760 1375 exstructam.

1117 1388 1200 1419 Villa
1213 1389 1357 1429 candens]
1379 1391 1409 1421 E
1428 1399 1592 1421 marmore
1613 1391 1758 1422 candido

1071 1437 1271 1469 aedificatam
1287 1439 1433 1469 nonnulli
1449 1439 1630 1479 explicant.
1653 1435 1765 1472 Quasi

1070 1494 1150 1516 vero
1167 1486 1277 1517 villula
1293 1487 1438 1526 Horatii,
1449 1497 1516 1529 qua
1530 1488 1610 1519 licet
1626 1489 1757 1521 modica

1071 1539 1264 1565 contentum
1290 1545 1324 1566 se
1354 1536 1503 1575 pluribus
1532 1537 1614 1568 locis
1636 1541 1755 1577 aperte

1065 1582 1219 1622 jactitat,
1233 1583 1351 1615 fuisset
1365 1594 1561 1616 marmorea.
1587 1586 1689 1626 Ergo,
1701 1587 1756 1617 vel

1070 1630 1325 1670 splendidnlam,
1346 1633 1399 1663 vel
1423 1642 1441 1663 e
1464 1632 1621 1664 candenti
1644 1633 1758 1674 lapide

1070 1684 1276 1710 exstructam
1301 1680 1464 1720 intellige.
1510 1681 1599 1714 Plin.
1625 1689 1756 1713 xxxvr.

1072 1731 1126 1760 22.
1149 1729 1162 1763 ‘‚
1174 1729 1211 1759 In
1230 1729 1376 1769 Liguria,
1395 1729 1547 1766 Umbria,
1562 1734 1597 1762 et
1611 1731 1756 1762 Venetia

1073 1779 1167 1809 albus
1182 1779 1266 1819 lapis
1281 1779 1420 1811 dentata
1435 1789 1527 1811 serra
1541 1780 1696 1812 secatur!

1113 1829 1154 1857 30
1171 1828 1290 1861 Circoea
1302 1829 1425 1869 moenia]
1440 1829 1646 1870 Tusculana;
1662 1829 1759 1871 quip-

1073 1884 1114 1914 pe
1142 1877 1318 1908 Tusculum
1348 1878 1543 1909 condiderat
1567 1878 1756 1918 Telegonus

1071 1924 1186 1955 Circes
1208 1929 1243 1955 et
1266 1925 1395 1965 Ulyssis
1417 1926 1516 1957 filius.
1541 1935 1598 1958 ur.
1615 1926 1684 1958 Od.
1699 1929 1754 1959 29.

1068 1975 1099 2004 8.
1116 1974 1126 1991 ‘
1141 1973 1303 2013 Telegoni
1323 1975 1409 2016 juga
1427 1975 1632 2015 parricidae?
1667 1975 1755 2008 Vide

1068 2021 1114 2051 ibi
1132 2021 1215 2052 Not.

1109 2073 1148 2101 31
1166 2070 1253 2101 Satis
1265 2080 1412 2111 superque
1425 2080 1471 2103 me
1487 2071 1672 2113 benignitas,
1685 2073 1755 2114 ξω]

1070 2119 1233 2151 Horatius
1248 2130 1267 2150 a
1283 2120 1472 2151 Maecenate
1489 2120 1630 2152 donatus
1642 2121 1755 2153 fuerat

1067 2169 1200 2209 praediis
1219 2169 1356 2209 aliquot,
1373 2175 1408 2199 ut
1418 2169 1490 2208 jam
1506 2169 1594 2201 dixi:
1619 2170 1658 2200 iis
1675 2180 1754 2202 vero

1067 2227 1102 2250 se
1122 2219 1219 2259 plane
1241 2223 1437 2249 contentum
1462 2228 1548 2257 esse,
1569 2228 1632 2250 nec
1656 2219 1754 2260 plura

1065 2265 1218 2307 flagitare
1250 2266 1414 2306 praedicat
1450 2275 1490 2298 ιι.
1521 2265 1588 2298 Od.
1618 2269 1670 2298 18.
1699 2269 1754 2299 12.

1065 2326 1250 2357 quanquam
1268 2316 1361 2355 plura
1377 2316 1501 2346 donare
1518 2319 1670 2356 paratum
1687 2316 1751 2347 sci·

1067 2371 1118 2396 ret
1135 2365 1370 2403 Maecenatem,
1389 2368 1426 2394 ut
1445 2364 1596 2395 declarat
1613 2372 1668 2396 ιιι.
1683 2363 1752 2396 Od.

1067 2417 1118 2444 16.
1137 2413 1282 2452 strophe
1295 2411 1489 2452 penultima.
1511 2412 1546 2442 Si
1561 2417 1669 2450 vacat,
1684 2413 1752 2444 lec-

1065 2466 1130 2498 tor,
1146 2463 1220 2501 lege
1235 2462 1335 2492 etiam
1355 2461 1434 2493 Not.
1451 2469 1508 2491 ιιι.
1523 2460 1591 2492 Od.
1603 2463 1654 2491 13.
1671 2463 1698 2492 1.
1717 2466 1752 2492 et

1066 2511 1141 2542 init.
1157 2511 1264 2550 Epist.
1279 2519 1354 2541 xvr.
1372 2510 1428 2540 ubi
1444 2518 1534 2540 suam
1549 2509 1622 2551 ipse
1638 2510 1750 2542 villam

1065 2561 1225 2592 describit
1241 2559 1414 2591 Horatius.

1105 2613 1147 2642 32
1170 2610 1266 2642 Haud
1283 2618 1441 2649 paravero,
1466 2609 1568 2648 Quod,
1588 2608 1657 2649 ξω]
1682 2609 1752 2641 Νο-

1065 2659 1120 2689 Ιίιιι
1157 2659 1300 2690 insanire
1336 2657 1470 2688 divitias
1507 2658 1750 2690 accumulando

1064 2709 1168 2740 stulte
1195 2713 1231 2739 et
1259 2706 1454 2740 infodiendo
1483 2709 1749 2750 occultandoque

1063 2757 1098 2788 in
1124 2761 1225 2796 terra,
1254 2757 1342 2788 sicut
1371 2756 1529 2788 Chremes
1562 2757 1618 2789 ille
1645 2767 1747 2790 senex
