1890 3256
1483 315 1596 357 1073

565 319 917 353 nrisToLAnuM
953 323 1047 354 mn.
1081 323 1111 354 1.
1145 314 1183 353 1.

142 411 216 455 An
235 415 328 468 qui,
346 413 531 456 fortunae
552 417 593 456 te
613 419 870 469 responsare
891 417 1095 470 superbae

142 479 350 522 Liberum
369 484 413 522 et
430 485 635 528 erectum,
655 494 847 535 praesens
867 482 1066 524 hortatur
1085 487 1128 524 et
1147 487 1272 537 aptat
1286 483 1305 522 'l

144 545 280 596 Quod
297 546 336 588 si
356 557 426 587 me
444 547 636 600 populus
658 547 889 589 Romanus
909 548 1016 591 forte
1034 555 1170 602 roget,
1193 561 1273 591 cur
1539 552 1596 592 70

145 607 268 664 Non,
287 616 337 655 ut
355 612 609 667 porticibus,
631 615 697 655 sic
711 615 898 668 judiciis
918 616 1038 658 fruar
1057 617 1224 668 isdem;

140 757 306 798 expeditus
319 768 358 790 ω
367 757 468 797 sonis
482 760 647 799 arroganti
659 760 803 797 sortunoe
818 759 971 792 obsistas?
1016 760 1108 796 Quod
1123 761 1153 792 si
1173 761 1302 801 ympulus
1320 760 1413 791 Rom.
1427 769 1447 790 a
1461 769 1508 791 me
1525 758 1597 797 for-

141 803 226 831 tasse
246 804 474 841 percunctetur,
496 811 590 842 quare
615 812 675 833 non
689 803 794 833 eadem
808 811 876 832 cum
890 803 956 844 ipso
963 802 1086 840 judicia
1101 802 1241 842 habeam,
1255 803 1336 834 sicut
1350 803 1490 843 porticus
1503 801 1598 833 habeo

750 904 992 917 eteooeaeeeeee

143 981 234 1013 Phil.
248 981 368 1013 ‘Zeum
397 981 555 1014 oberlin.
581 982 700 1014 Comb.
726 981 861 1014 Wakef.
891 982 1037 1014 Wetzel.
1063 982 1202 1022 Bipont.
1232 981 1337 1013 Kidd.
1364 981 1447 1020 Fea,
1472 980 1598 1018 Bothe,

142 1022 265 1063 jaeck,
281 1028 316 1056 et
337 1024 505 1065 Doering.'
535 1025 642 1065 Puppi
667 1025 766 1057 Harl.
782 1027 814 1056 3.
830 1027 862 1056 4.
878 1027 910 1056 6.
924 1027 956 1056 7.
978 1024 1058 1057 edd.
1073 1026 1264 1066 αὓτη-68
1289 1023 1439 1055 chisian.
1459 1025 1490 1054 l.
1518 1032 1538 1053 n
1556 1033 1600 1054 m.

170 1066 745 1150 ᾙιῗῗρὲἑῒῗὲῗᾶἳὲἓᾞὶῗῗιξῖἑῗ
755 1066 1179 1148 ,ἳὲΐῗῖᾗιῖῗῗέῗέἑέᾈὲιῐ
1195 1068 1225 1097 ³
1250 1069 1338 1138 ⁴134}
1353 1064 1600 1154 εἲοῗὲζέἒίἔέξ

143 1149 196 1180 nis
211 1148 293 1180 Aldi
310 1152 407 1182 1509.
422 1151 456 1181 in
472 1150 637 1182 Biblioth.
652 1151 841 1182 Barberina
855 1161 862 1180 ε
889 1150 1010 1190 rejecit
1027 1150 1144 1182 Lamb.
1170 1149 1320 1181 laudavit
1344 1149 1440 1179 Torr.
1465 1154 1601 1189 recepit

145 1190 250 1232 Cruq.
266 1192 413 1232 probant
425 1193 564 1224 Canter.
581 1201 633 1223 ιν.
651 1194 701 1224 12.
717 1192 866 1224 Turneb.
880 1201 986 1224 xxvr.
999 1195 1051 1223 26.
1067 1192 1182 1223 Bentl.
1198 1200 1282 1232 quos
1297 1195 1482 1231 sequuntur
1494 1191 1599 1221 Baxt.

145 1232 234 1264 Cun.
257 1233 336 1265 San.
360 1233 451 1265 Phil.
475 1235 581 1266 Gesn.
606 1234 757 1276 Smdby,
773 1235 850 1265 Val.
865 1234 985 1266 Oberl.
1002 1233 1139 1266 Wakef.
1156 1234 1300 1265 Wetzel.
1319 1233 1424 1264 Zeun.
1442 1232 1599 1271 Francis,

146 1274 252 1306 Kidd.
269 1275 353 1314 Fea,
367 1276 489 1312 Bothe,
504 1277 629 1316 Jaeck,
645 1281 680 1309 et
697 1277 852 1318 Doering.
899 1277 998 1317 Optat
1015 1286 1100 1308 unus
1115 1277 1193 1307 Vat.
1211 1275 1311 1307 Harl.
1326 1278 1358 1306 2.
1382 1275 1502 1306 Zarot.
1514 1275 1599 1305 Vet-

146 1317 267 1350 Comb.
284 1318 424 1350 Venett.
439 1319 583 1350 Mediol.
599 1320 674 1350 aliae
690 1324 774 1350 vett.
790 1324 870 1351 ante
887 1318 991 1360 Cruq.
1035 1318 1115 1350 vid.
1134 1327 1175 1349 n.
1192 1318 1304 1358 Epist.
1322 1320 1351 1348 l.
1369 1319 1530 1348 128.--70
1553 1316 1598 1348 At

143 1359 172 1389 si
189 1359 349 1392 Romanum
367 1362 497 1402 populus
512 1371 559 1392 me
574 1362 655 1393 Vat.
670 1362 786 1394 Palat.
801 1363 833 1394 3.
847 1361 936 1399 forte
957 1364 1097 1401 rogaret,
1123 1363 1195 1392 sine
1220 1370 1288 1400 cur,
1310 1359 1543 1391 Schoenborn.
1565 1361 1599 1390 3.

803 1456 944 1488 NOTAE

145 1531 256 1563 tribus
281 1531 316 1562 in
342 1529 502 1571 gradibus
528 1530 663 1563 sedem.
707 1530 843 1572 Nempe

143 1580 242 1612 ludos
266 1580 471 1622 spectabant
499 1581 682 1613 Senatores
708 1591 752 1613 ex
776 1581 843 1613 Or-

145 1629 295 1670 chestra,
307 1630 364 1671 qni
381 1630 554 1670 proximus
568 1635 643 1661 erat
664 1630 844 1670 proscenio

145 1679 264 1710 locus:
302 1680 446 1720 Equites
482 1679 628 1711 Romani
664 1679 790 1710 deinde
824 1688 843 1710 e

147 1728 406 1770 quatuordecim
437 1729 564 1760 theatri
599 1728 772 1770 gradibus,
801 1737 845 1759 ex

147 1777 294 1810 Othonis
321 1778 418 1818 lege:
443 1778 590 1820 denique
621 1778 719 1818 plebs
746 1787 765 1809 e
789 1787 845 1809 ca-

145 1836 221 1858 vea.

189 1875 378 1918 Lmymosa
401 1878 545 1917 poemata
564 1876 663 1917 Pupi]
697 1876 843 1907 Ironice.

143 1925 346 1967 'tragedias
380 1926 483 1967 Pupii
529 1927 665 1966 Tragici
711 1925 846 1965 Poe'tae,

147 1984 248 2017 quem
271 1979 368 2007 vetus
384 1976 562 2018 Interpres
576 1979 694 2007 narrat
710 1975 760 2006 ita
775 1985 844 2006 mo—

147 2026 235 2056 visse
252 2024 396 2057 affectus
416 2026 657 2066 spectantium,
682 2030 720 2056 ut
741 2024 844 2056 etiam

146 2074 327 2115 lacrymari
347 2079 507 2115 cogeret:
531 2083 570 2105 ac
592 2073 736 2114 proinde
751 2073 794 2104 de
809 2081 846 2104 se

147 2124 225 2164 ipso
236 2122 359 2156 fecisse
374 2123 438 2155 hoc
453 2123 621 2155 distichon
634 2122 844 2154 Iambicum:

148 2174 159 2191 ⁸
173 2173 322 2205 Flebunt
337 2172 435 2204 amici
450 2177 486 2204 et
501 2173 591 2204 bene
609 2171 682 2203 noti
702 2175 846 2203 mortem

147 2231 280 2254 meum:
306 2221 394 2253 Nam
419 2222 564 2262 populus
579 2221 614 2252 in
630 2229 683 2252 me
699 2221 776 2252 vivo
799 2221 846 2251 la-

147 2272 314 2314 crymavit
328 2271 433 2303 satis?

190 2323 234 2352 68
256 2321 310 2353 An
324 2321 391 2362 qui,
404 2320 562 2361 fortunoe]
591 2320 647 2352 An
672 2330 752 2352 vero
778 2330 846 2352 me·

146 2371 212 2403 lius
229 2370 291 2402 tibi
311 2380 376 2402 non
393 2371 515 2402 suadet
537 2380 666 2402 morum
689 2380 845 2412 praecep-

148 2426 218 2462 tor,
230 2422 285 2454 vel
301 2422 430 2453 animus
447 2426 522 2454 tuus
545 2422 762 2462 Philosophia
786 2422 846 2453 im-

148 2471 264 2510 butus,
279 2481 355 2503 cum
371 2471 471 2504 docet
488 2471 684 2504 calcandam
700 2471 846 2503 fortunae

152 2519 364 2553 adversantis
380 2523 586 2562 superbiam,
609 2531 751 2563 cumque
771 2523 844 2553 hor-

151 2573 257 2610 tatur,
284 2576 323 2602 ut
351 2581 371 2603 a
395 2572 487 2604 vitiis
517 2573 602 2605 liber
629 2572 670 2604 ad
701 2572 846 2603 virtutes

154 2621 316 2662 erigaris?

196 2674 239 2702 70
268 2672 334 2703 Cur
351 2673 437 2711 Non,
451 2676 485 2704 ut
503 2674 685 2715 porticibus,
708 2674 763 2712 sic,
778 2672 847 2714 ἅμ]

155 2721 226 2753 Cur
240 2730 307 2752 non
323 2730 399 2753 cum
414 2722 486 2762 ipso
501 2724 629 2764 pariter
645 2724 786 2756 sentiam
804 2723 847 2754 de

153 2770 335 2802 honoribus
352 2776 387 2803 et
402 2771 543 2814 divitiis,
554 2774 642 2806 sicut
655 2774 846 2816 promiscue

156 2830 231 2853 cum
253 2821 311 2853 illo
334 2821 434 2853 rebus
457 2824 684 2857 communibus
704 2831 794 2866 utor,
814 2834 845 2856 v.

242 2874 356 2914 Delph.
369 2878 401 2906 et
420 2875 494 2907 γαν.
509 2876 595 2908 Clas.

838 2878 956 2910 Horat.

898 1540 931 1572 g.
957 1531 1102 1571 publicis
1124 1528 1425 1568 ambulationibus,
1441 1537 1599 1569 congres-

898 1580 1002 1621 sibus,
1013 1580 1201 1622 colloquiis.

941 1630 1136 1670 Ponit-ibus]
1171 1631 1228 1661 De
1259 1627 1448 1669 porticibus
1479 1627 1598 1659 Romae

899 1680 1002 1711 variis
1019 1684 1123 1720 atque
1140 1676 1395 1718 insignioribus,
1407 1676 1480 1708 fuse
1498 1676 1598 1708 Alex.

898 1729 941 1759 ab
954 1728 1054 1761 Alex.
1072 1737 1128 1760 111.
1144 1730 1198 1758 23.
1244 1727 1317 1759 Nos
1339 1726 1441 1757 etiam
1470 1727 1599 1768 aliquid

899 1788 939 1811 11.
966 1778 1035 1811 od.
1061 1781 1114 1811 15.
1159 1777 1312 1810 Celebris
1343 1777 1498 1818 inprimis
1525 1782 1612 1810 erat·

899 1829 1061 1860 Porticus
1074 1827 1224 1868 Augusti
1238 1827 1271 1858 in
1285 1827 1421 1859 Palatio
1432 1837 1510 1859 cum
1527 1828 1600 1859 bib-

898 1878 1046 1909 liotheca
1068 1877 1192 1909 Graecn
1215 1877 1416 1917 Latinaque‚
1442 1877 1600 1909 Numidi—

899 1936 940 1958 co
955 1935 1120 1957 marmore
1135 1927 1312 1966 eleganter
1322 1931 1510 1966 exstructa,
1522 1936 1601 1958 nec-

898 1984 966 2006 non
982 1975 1114 2007 eximiis
1130 1975 1426 2015 imaginibus,tum
1439 1977 1607 2008 laureatis

899 2030 935 2058 et
945 2025 1134 2066 magnificis
1146 2025 1308 2067 operibus
1319 2027 1466 2058 exculta.
1489 2028 1601 2059 Erant

900 2081 1070 2116 praeterea
1082 2076 1233 2117 porticus
1246 2076 1424 2115 Catuli,de
1436 2076 1601 2107 manubiis

900 2124 1082 2156 Cimbricis
1114 2123 1205 2156 facta
1219 2135 1228 2157 τ
1261 2125 1414 2165 porticus
1442 2126 1601 2166 Pompeii

901 2178 980 2204 ante
989 2174 1094 2214 ipsius
1103 2174 1231 2205 curiam
1245 2183 1253 2203 :
1279 2174 1430 2214 porticus
1442 2174 1599 2206 Octaviae

897 2222 997 2264 juxta
1009 2224 1116 2255 aedem
1131 2224 1153 2256 J
1158 2223 1287 2263 anonis,
1299 2223 1332 2254 in
1345 2233 1412 2265 qua
1425 2223 1600 2266 Augustus

901 2274 1082 2305 collocavit
1101 2273 1198 2313 signa
1212 2273 1371 2305 militaria
1386 2274 1465 2306 olim
1480 2275 1600 2307 Domi-

902 2323 949 2354 tio
966 2332 986 2354 a
998 2322 1166 2355 Dalmatis
1183 2327 1323 2364 erepta:
1348 2323 1499 2365 Philippi
1521 2335 1599 2366 por·

901 2373 1001 2413 ticus,
1018 2373 1052 2404 in
1069 2382 1135 2415 qua
1145 2372 1276 2413 effigies
1290 2373 1464 2413 Herculis,
1479 2379 1514 2405 et
1527 2374 1598 2405 He-

900 2423 986 2454 lenae
1004 2423 1128 2464 imago,
1149 2423 1311 2455 Zeuxidis
1332 2433 1433 2454 manu
1448 2423 1598 2454 elabora-

902 2478 956 2505 ta:
982 2474 1135 2515 porticus
1159 2475 1286 2515 duplex
1309 2474 1352 2504 ad
1378 2474 1505 2505 circum
1522 2474 1599 2505 Fla·

900 2523 1048 2563 minium,
1063 2532 1167 2564 opere
1179 2522 1355 2555 Corinthio
1371 2522 1524 2564 insigniS‚
1540 2523 1598 2554 ubi

900 2578 1064 2604 matronae
1078 2573 1206 2604 vectari
1218 2578 1254 2604 et
1266 2573 1407 2614 spatiari
1424 2572 1597 2605 solebant:

900 2622 1052 2664 porticus
1069 2621 1215 2662 Quirini,
1230 2621 1369 2663 antiquo
1383 2630 1486 2662 opere
1501 2631 1599 2663 spec-

901 2671 1027 2704 tanda:
1051 2673 1205 2713 porticus
1225 2671 1390 2712 Claudiae,
1407 2672 1465 2703 ubi
1480 2673 1597 2704 ambu-

900 2722 1047 2753 lationes
1069 2721 1240 2753 subdiales
1257 2721 1341 2753 miro
1358 2722 1491 2763 ingenio
1514 2732 1596 2754 con-

900 2778 1039 2805 structae
1057 2778 1091 2804 et
1107 2777 1250 2812 ornatae,
1266 2774 1330 2804 διο.

1436 2876 1508 2906 aY
