1904 3256
673 278 860 310 anonim
895 279 1062 313 sinan.
1508 273 1595 316 727

312 374 532 429 Supplex,
553 375 596 414 et
615 385 694 414 oro
713 386 844 425 regna
861 387 944 427 per
963 374 1258 430 Proserpinae,

310 442 400 483 Per
417 444 460 482 et
475 440 634 482 Dianae
654 452 741 480 non
760 440 982 482 movenda
1001 443 1192 492 numina,

309 508 399 551 Per
416 512 547 562 atque
568 506 708 548 libros
729 508 970 550 carminum
990 509 1223 551 valentium

311 575 476 618 Defixa
494 574 610 616 coelo
629 573 842 616 devocare
862 574 1022 625 sidera,
1561 579 1591 619 5

138 713 250 737 nmen
264 706 380 738 Dianae
401 706 530 738 minime
550 706 770 743 lacessendum,
792 708 824 736 et
843 714 898 746 per
919 706 1039 736 codices
1060 704 1307 736 incantationum
1327 704 1392 736 vim
1412 703 1591 736 habentium

138 748 308 780 deducendi
330 749 363 781 in
385 752 503 781 terram
528 752 617 780 astra
639 749 712 779 coelo
732 748 902 784 abstracta,
926 758 943 778 o
962 748 1110 788 Canidia,
1125 748 1250 779 tandm
1263 747 1382 779 abstine
1394 746 1498 779 verbis
1518 756 1591 778 exe-

744 842 980 855 “eccm“

134 911 154 940 ⁵
182 907 296 950 Raefixa
321 908 420 940 Gott.
447 907 546 940 Harl.
568 910 599 939 3.
624 910 658 939 6.
679 907 831 939 Bentleii
864 906 988 948 Regin.
1019 906 1148 937 Battel.
1173 909 1210 937 et
1236 905 1325 946 Reg.
1349 905 1428 937 Soc.
1460 902 1588 944 Acron,

134 950 277 992 Cruquii
294 951 553 983 Commentator
569 960 646 981 eum
661 949 764 982 codd.
779 950 927 981 Blandd.
943 952 974 980 1.
987 951 1019 980 2.
1035 950 1066 979 3.
1081 951 1113 980 4.
1135 957 1252 979 omnes
1277 945 1446 979 Torrentii
1461 951 1589 988 praeter

133 1001 252 1032 unum,
276 994 430 1025 Florent.
447 995 542 1026 1482.
565 993 692 1024 Venet.
709 994 805 1024 1490.
826 991 909 1023 Ald.
937 991 984 1022 H.
1007 991 1125 1032 Steph.
1152 991 1270 1022 Lamb.
1296 990 1404 1031 Cruq.
1428 990 1588 1021 Torrent.

131 1035 305 1067 Sciirevel.
336 1035 460 1077 Delph.
486 1035 602 1068 Bentl.
633 1035 770 1066 Talbot.
801 1034 903 1073 Pine,
928 1033 1074 1074 Cuning.
1107 1033 1232 1064 Sanad.
1263 1033 1414 1068 Towers‚
1435 1032 1590 1071 Francis,

133 1077 276 1109 Mitscli.
291 1079 438 1110 Wetzel.
453 1077 589 1109 Wakef.
614 1082 651 1108 et
671 1077 778 1109 Kidd.
821 1077 940 1118 Delia-a
954 1085 1040 1107 unus
1052 1076 1237 1114 Torrentii,
1253 1084 1340 1106 unus
1356 1074 1502 1114 Bartliii,
1517 1073 1589 1105 Ad-

132 1127 223 1151 vers.
237 1128 388 1151 xxxvn.
401 1123 454 1152 25.
477 1120 563 1151 Exc.
577 1120 657 1150 Sax.
676 1119 772 1151 Harl.
788 1121 822 1150 1.
837 1121 870 1151 2.
886 1122 919 1150 4.
942 1118 1093 1149 Bentleii
1118 1118 1212 1149 Leid.
1236 1117 1368 1149 Zulich.
1385 1117 1501 1149 Graev.
1518 1116 1587 1148 Ga-

131 1160 230 1193 liens·
245 1167 282 1194 et
297 1162 454 1194 Petrens.
466 1162 581 1193 Zarot.
599 1161 740 1193 Mediol.
758 1163 853 1193 1477.
873 1161 1016 1193 Venett.
1031 1163 1127 1192 1477.
1142 1162 1236 1191 1478.
1252 1162 1349 1191 1479.
1374 1159 1517 1191 Lacher.
1542 1159 1585 1190 R.

133 1202 256 1244 Steph.
281 1204 387 1236 Baxt.
412 1204 520 1236 Gesn.
548 1204 654 1236 Zeun.
678 1209 714 1235 et
739 1202 860 1234 Comb.
903 1204 913 1221 ‘
930 1202 1048 1244 Dqfixa
1070 1202 1252 1243 legendum
1275 1211 1398 1234 censeo
1411 1211 1488 1233 cum
1503 1201 1586 1232 Vet.

785 1308 928 1341 NOTAE

175 1371 326 1403 Carmen
358 1371 562 1404 Monocolon
595 1381 639 1403 ex
668 1370 831 1403 Iambicis

131 1421 284 1454 versibus
302 1421 461 1453 Senariis.

173 1474 190 1503 1
213 1470 363 1510 ijam
373 1471 580 1513 qfficaci,4·c.]
598 1471 751 1502 Laeserat
764 1470 828 1502 Ca-

128 1519 255 1552 nidiam
271 1520 450 1560 Horatius,
460 1530 500 1551 ac
512 1520 727 1551 laceraverat
739 1519 828 1551 Iam-

126 1569 192 1610 bis,
215 1570 273 1611 qni
290 1574 385 1601 certe
401 1569 443 1601 ad
459 1579 521 1600 nos
536 1579 643 1610 usque
659 1578 725 1600 non
750 1578 826 1610 per-

125 1623 305 1651 venerunt.
344 1619 423 1651 Hoc
457 1628 538 1650 vero
567 1619 723 1651 Carmine
747 1618 827 1650 dum

125 1668 222 1710 fingit
235 1669 328 1701 illam
345 1678 502 1708 exorare,
517 1668 672 1700 acerbius
688 1669 828 1700 vellicat

125 1723 164 1752 et
190 1719 393 1751 insectatur.
415 1719 426 1736 ‘
447 1719 476 1751 N
483 1728 525 1750 on
554 1722 609 1749 est
643 1717 827 1759 palinodia,

124 1774 164 1800 ut
185 1769 380 1810 scripsere3
409 1769 467 1800 sed
490 1769 648 1800 simulata
670 1773 826 1800 recanta-

125 1818 187 1858 tio,
207 1819 241 1851 in
255 1828 321 1861 qua
337 1824 507 1860 apparent
521 1818 704 1860 opprobria
720 1819 826 1850 mani-

122 1868 234 1902 fests!
277 1870 431 1910 Scaliger
447 1869 682 1910 Hypercritic.
714 1869 825 1901 Porro

123 1919 153 1951 si
168 1919 230 1956 vis,
246 1920 370 1960 lector,
393 1920 458 1952 hoc
475 1920 621 1951 Carmen
636 1929 697 1951 seu
711 1920 824 1960 Epod.

123 1969 186 2002 ult.
212 1970 314 2011 plene
342 1969 550 2010 intelligere,
580 1969 700 2000 evolve
730 1970 824 2011 prius

123 2023 258 2052 attente
280 2019 390 2061 Epod.
412 2029 447 2051 v.
464 2029 504 2050 ac
521 2018 646 2051 deinde
663 2028 688 2051 1.
705 2019 776 2051 Sat.
792 2022 824 2051 8.

125 2077 202 2101 cum
226 2069 312 2101 Not.
336 2073 407 2100 tum
434 2069 569 2100 demum
592 2077 660 2100 non
678 2069 751 2100 sine
766 2078 824 2101 vo-

124 2119 257 2160 luptate
269 2118 357 2149 hanc
373 2117 474 2149 Oden
490 2118 620 2158 capies.

167 2167 298 2210 Effioaci
311 2168 350 2199 do
365 2176 472 2199 manus
485 2167 640 2209 scientiae]
668 2166 824 2201 Efficaci-

123 2227 177 2250 am
203 2227 350 2260 agnosco
373 2217 526 2250 scientim
550 2218 704 2259 magicae,
726 2219 824 2260 cujus

120 2268 307 2300 vanitatem
319 2273 399 2300 aute
416 2267 615 2300 deriseram.
630 2267 720 2300 Vide
733 2269 823 2300 Plin.

121 2326 212 2350 ιιι.
230 2321 261 2350 l.
279 2324 315 2349 et
335 2317 430 2350 alibi.
461 2321 471 2335 ‘
493 2317 821 2351 Fraudulentissima

119 2368 194 2401 hoec
221 2368 345 2400 artium
374 2367 409 2398 in
437 2371 510 2399 toto
539 2372 708 2400 terrarum
736 2369 819 2400 orbe

119 2417 301 2460 plurimum
323 2418 432 2449 valuit
447 2439 456 2448 .
468 2441 477 2450 .
489 2441 498 2451 .
511 2441 520 2450 .
538 2419 611 2450 sola
635 2423 706 2451 tres
728 2424 820 2452 artes

119 2468 202 2500 alias
216 2468 506 2509 imperiosissimas
521 2469 678 2501 humanae
696 2471 819 2503 mentis

120 2518 296 2559 complexa
299 2540 413 2550 .....
429 2519 522 2550 Nata
545 2519 688 2560 primum
712 2530 731 2552 e
747 2531 818 2553 me·

120 2567 234 2599 dieina
255 2568 371 2609 specie
387 2569 542 2601 salutari.
557 2591 567 2600 .
584 2592 592 2601 .
610 2593 618 2602 .
635 2571 817 2604 blandissi-

120 2615 183 2646 mis
196 2617 368 2656 promissis
381 2618 470 2650 vires
485 2619 656 2660 religionis
672 2620 817 2652 addidit.

121 2669 225 2706 atque
236 2665 413 2698 admiscuit
423 2673 515 2700 artes
529 2669 792 2702 Mathematicus
806 2681 815 2710 ;

121 2714 255 2747 nemine
270 2723 334 2746 non
351 2716 448 2749 avido
463 2717 580 2751 futura
595 2720 638 2752 de
653 2730 690 2752 se
706 2721 816 2753 scien·

121 2765 170 2804 di,
183 2773 289 2805 eaque
304 2763 346 2795 de
360 2766 445 2798 coelo
460 2769 532 2808 peti
549 2770 726 2803 credente.
760 2771 816 2803 Ita

120 2814 285 2856 possessis
313 2813 484 2848 hominnm
509 2819 663 2852 sensibus
690 2821 815 2862 triplici

886 1373 1033 1411 vinculo,
1048 1372 1082 1403 in
1099 1377 1228 1404 tantum
1245 1372 1409 1411 adolevit,
1431 1375 1471 1404 ut
1493 1371 1586 1404 hodi-

884 1430 973 1461 eque
989 1421 1091 1452 etiam
1107 1421 1141 1452 in
1163 1430 1286 1461 magna
1310 1426 1410 1462 parte
1433 1422 1586 1460 gentium

884 1470 1083 1509 praevaleat,
1099 1474 1136 1502 et
1150 1470 1185 1501 in
1201 1470 1348 1502 Oriente
1365 1480 1482 1511 regum
1498 1470 1588 1511 regi·

881 1518 944 1550 bus
970 1519 1141 1560 imperet,'
1164 1521 1228 1552 &c.
1273 1519 1363 1552 Vide
1386 1521 1472 1552 Coel.
1495 1520 1586 1552 Rho-

882 1569 950 1610 dig.
969 1578 1021 1600 ix.
1037 1572 1091 1601 23.

924 1621 944 1650 2
968 1619 1080 1659 Regna
1094 1630 1150 1660 per·
1165 1620 1381 1666 &oser-pina]
1404 1621 1476 1652 Per
1489 1621 1585 1652 Deas

882 1668 946 1700 tibi
961 1670 1107 1700 maxime
1121 1670 1351 1710 venerandam
1369 1680 1432 1711 per
1442 1671 1584 1702 Proser-

880 1718 993 1758 pinam
1003 1717 1199 1750 Inferorum
1212 1719 1322 1751 Deam
1333 1730 1343 1750 τ
1358 1720 1509 1752 Dianam
1522 1730 1583 1752 seu

881 1768 1012 1800 Lunam
1024 1768 1199 1802 veneficiis
1215 1770 1470 1812 praesidentem.

924 1821 943 1849 3
967 1818 1083 1850 Dianoe
1097 1829 1159 1851 non
1172 1822 1321 1853 movenda
1333 1821 1477 1863 numina]
1516 1821 1583 1853 lna

879 1869 1007 1909 quippe
1036 1869 1246 1911 ‘iracunda‚'
1270 1875 1309 1902 ut
1335 1875 1388 1902 est
1410 1872 1444 1902 iu
1470 1871 1582 1912 Epist.

879 1917 922 1948 ad
949 1918 1106 1959 Pisones,
1131 1929 1236 1962 seque
1257 1921 1377 1952 ulcisci
1393 1921 1581 1962 expedita:

878 1972 978 2009 patet
1013 1970 1179 2011 exemplis
1215 1970 1366 2010 Orionis,
1392 1966 1580 2011 Actaeonis,

879 2019 1025 2061 Niobes,
1047 2020 1189 2062 ejusque
1211 2020 1370 2052 filiorum.
1392 2031 1419 2054 1.
1440 2021 1510 2053 Od.
1526 2025 1579 2054 12.

878 2073 915 2101 et
929 2072 983 2101 21.
998 2079 1056 2102 ιιι.
1070 2070 1138 2103 od.
1149 2073 1204 2102 22.
1249 2071 1338 2103 Item
1354 2081 1457 2113 supra
1470 2072 1580 2113 Epod.

880 2130 915 2152 v.
932 2121 996 2152 huc
1013 2121 1167 2163 pertinet
1189 2121 1280 2163 quod
1296 2121 1440 2154 lunatici
1455 2131 1579 2153 vocan-

876 2174 934 2202 tur
954 2180 1039 2213 quos
1062 2171 1121 2203 illa
1143 2172 1364 2213 percusserit,
1388 2172 1580 2205 dementes-

877 2230 942 2262 que
958 2220 1094 2253 fecerit.

919 2274 940 2303 4
963 2272 1078 2304 Libros
1086 2273 1268 2309 carminum,
1279 2274 1351 2315 esa]
1365 2274 1485 2307 Libros
1497 2285 1576 2307 con-

875 2320 1023 2352 tinentes
1040 2321 1254 2363 disciplinam
1271 2323 1448 2365 magicam.
1485 2325 1575 2356 Plin.

873 2371 949 2403 loco
979 2381 1057 2403 mox
1088 2372 1148 2405 cit.
1180 2374 1190 2391 ⁴
1202 2373 1291 2404 Oria
1318 2374 1391 2405 sine
1415 2374 1518 2405 dubio
1542 2375 1575 2405 in

874 2422 1031 2462 Perside,
1047 2433 1066 2454 a
1082 2423 1278 2463 Zoroastre,
1294 2429 1332 2455 nt
1349 2424 1440 2454 inter
1456 2428 1575 2454 aucto-

872 2482 927 2504 res
942 2474 1101 2505 convenit
1105 2495 1214 2506 .....
1231 2474 1442 2513 Hermippus
1466 2473 1509 2504 de
1531 2482 1574 2504 ea

873 2528 947 2554 arte
963 2523 1102 2564 scripsit
1115 2523 1388 2563 diligentissime,
1404 2524 1457 2554 &c
1462 2544 1572 2555 .....

871 2572 1089 2603 Democritus
1125 2571 1312 2602 illustravit
1334 2593 1342 2602 .
1361 2594 1369 2603 .
1387 2592 1395 2601 .
1412 2594 1420 2603 .
1443 2571 1507 2604 Est
1536 2578 1573 2605 et

871 2621 936 2651 alia
951 2621 1100 2661 magices
1119 2619 1228 2652 factio
1254 2631 1275 2652 a
1294 2621 1405 2661 Mose,
1426 2626 1464 2653 et
1477 2623 1572 2655 Jam-

870 2670 937 2706 ne,'
950 2671 1015 2701 &c-
1060 2670 1128 2702 Hic
1146 2679 1232 2701 unus
1257 2679 1276 2702 e
1297 2671 1404 2712 magis
1419 2672 1572 2705 Pharao-

870 2730 934 2752 uls.

912 2775 931 2802 5
958 2772 1042 2803 Coelo
1057 2772 1203 2803 devocare
1215 2770 1335 2813 sidera]
1353 2771 1442 2804 Vide
1458 2773 1570 2814 Epod.

871 2830 904 2852 v.
