1930 3242
566 277 844 333 snamomm
878 290 1058 330 nunu.
1086 279 1128 322 2.
1494 276 1603 324 945³,-

131 390 168 442 ἹῘ
187 390 292 433 Non
313 401 414 444 ego,
434 391 691 437 narrantem,
709 390 874 433 temoee
895 385 970 427 edi
985 384 1089 426 luce
1110 383 1305 438 profesta

133 459 385 511 Quicquam
406 462 569 510 praeter
589 456 706 504 olus,
727 455 914 496 fumosae
935 465 1037 495 cum
1056 453 1170 506 pede
1190 463 1337 505 pernae
1354 463 1364 492 :

132 513 203 567 Ac
223 525 330 566 mihi
348 537 437 596 seg
446 523 626 576 longum
645 526 751 576 post
769 525 950 574 tempus
970 523 1147 562 venerat
1164 519 1343 573 hospes,

135 592 243 634 Sive
262 597 441 646 operum
459 602 604 631 vacuo
626 592 780 642 gratus
801 586 989 629 convivia
1005 599 1086 641 per
1104 586 1286 627 imbrem

134 657 339 708 Vicinus,
358 658 469 699 bene
487 660 597 706 erat,
618 669 709 697 non
727 655 930 709 piscibus
951 655 1057 696 urbe
1078 653 1242 708 petitis,

136 725 228 767 Sed
246 723 372 778 pullo
393 726 525 777 atque
544 722 677 763 haedo
695 736 706 764 ε
737 726 827 763 tum
847 720 1036 775 pensilis
1056 732 1144 761 uva
1162 718 1380 762 secundas

137 791 198 834 Et
216 804 307 833 nux
325 792 510 832 ornabat
529 801 723 839 mensas,
739 801 841 830 cum
860 787 1040 842 duplice
1061 787 1177 828 ficu:

138 858 251 903 Post
269 859 352 913 hoc
370 857 501 899 ludus
517 861 610 899 erat
629 856 764 911 culpa
782 859 934 910 potare
951 855 1160 908 magistra
1175 867 1188 907 3

1498 650 1584 693 120

137 980 300 1021 fluentem:-
322 978 405 1010 haud
425 988 481 1019 ego
495 979 546 1010 die
556 988 618 1009 non
626 976 713 1016 festa
725 975 842 1009 comedi
857 975 1017 1016 quidpiam
1031 979 1146 1007 temere
1162 975 1225 1006 nisi
1239 974 1349 1006 herbas
1362 984 1432 1006 cum
1442 974 1520 1015 pede
1533 971 1592 1011 fu-

138 1029 220 1051 moso
230 1021 333 1060 porci.
379 1020 511 1055 Quando
525 1030 597 1052 vero
612 1021 719 1060 hospes
732 1022 901 1050 accesserat
919 1022 991 1059 post
1013 1019 1197 1049 diuturnum
1212 1017 1422 1056 intervallum,
1443 1019 1499 1047 aut
1513 1015 1592 1046 vici-

138 1062 360 1100 mjucundus
373 1063 450 1094 mihi
463 1064 602 1098 conviva,
620 1072 678 1103 per
701 1061 838 1101 pluviam
853 1060 986 1091 laborem
1007 1060 1243 1099 inter-mittenti,
1263 1061 1358 1091 lautoe
1383 1062 1474 1091 erant
1492 1059 1592 1099 epulae

139 1113 202 1134 non
215 1114 232 1136 e
244 1105 379 1144 piscibus
393 1105 467 1136 urbe
481 1106 633 1145 quaesitis,
643 1105 697 1135 sed
713 1114 729 1135 e
742 1105 823 1143 pullo
835 1107 867 1134 et
881 1113 986 1143 capro.
1029 1103 1154 1134 Deinde
1166 1103 1299 1143 pensiles
1309 1111 1390 1141 uvoe,
1401 1105 1432 1132 et
1446 1110 1550 1140 nuces,
1562 1103 1593 1131 et

81 1175 87 1179 .
139 1148 308 1178 crassiores
322 1147 410 1189 ficus
433 1147 626 1178 instruebant
651 1147 816 1178 seeundum
841 1155 988 1177 mensam.
1032 1145 1150 1177 Postea
1172 1146 1261 1176 ludus
1274 1148 1344 1176 erat
1358 1144 1461 1176 bibere
1474 1146 1595 1175 cratere

976 1229 995 1240 ο

142 1306 222 1338 Nic.
237 1305 521 1338 Heinsius.-118
543 1306 589 1338 At
602 1306 682 1337 mihi
696 1306 820 1338 Venet.
837 1308 932 1337 1559.
954 1315 1023 1337 cum
1036 1307 1162 1345 longum
1175 1305 1300 1337 Venet.
1317 1307 1413 1337 1559.
1430 1303 1596 1336 Glarean.

143 1349 188 1380 R.
203 1349 320 1388 Steph.
337 1349 495 1385 Rutfgers.
511 1349 622 1380 Bond.
636 1348 812 1389 Schrevel.
830 1348 955 1388 Delph.
980 1348 1022 1379 al.
1051 1354 1132 1378 ante
1157 1348 1274 1379 Bentl.
1317 1347 1386 1378 Sed
1401 1357 1455 1378 seu
1469 1348 1596 1385 longum

143 1391 244 1422 Harl.
259 1393 290 1422 2.
305 1393 337 1421 3.
350 1394 382 1422 4.
395 1394 426 1422 6.
450 1391 547 1422 Gott.
566 1389 657 1421 Han.
675 1394 704 1421 1.
721 1391 805 1422 Exc.
828 1390 909 1421 Sax.
933 1399 1051 1420 omnes
1075 1389 1224 1420 Bentleii
1251 1389 1330 1420 edd.
1355 1389 1462 1430 antiq.
1482 1395 1518 1419 et
1543 1397 1596 1418 re-

143 1438 252 1464 centt.
275 1436 353 1472 post
378 1433 493 1464 Bentl.
525 1431 645 1463 venerit
673 1431 781 1471 hospes
811 1441 896 1462 nnus
922 1431 1243 1462 Bersmanni.—-12l
1269 1431 1367 1462 Harl.
1394 1433 1426 1461 3.
1454 1435 1491 1461 et
1516 1430 1596 1461 Vet.

143 1474 263 1506 Comb.
285 1477 358 1505 tunc
369 1474 616 1514 pensilis—123
639 1473 778 1504 Posthac
793 1473 901 1504 codex
918 1472 1135 1504 Bersmanni.
1179 1473 1190 1491 ‘
1205 1472 1310 1504 Hunc
1334 1474 1444 1504 locum
1468 1473 1502 1503 in
1529 1481 1598 1503 om-

138 1516 238 1548 nibus
261 1514 334 1547 fere
349 1516 444 1548 libris
459 1522 656 1556 corruptum
679 1525 744 1553 ego
770 1524 835 1546 una
860 1515 963 1546 litera
988 1515 1149 1547 detracta
1175 1515 1355 1547 emendavi
1376 1525 1479 1556 cupa,·
1502 1515 1597 1555 cnjus

86 1574 89 1576 ·
141 1557 388 1590 emendationis
403 1568 504 1599 spero
520 1567 633 1589 omnes
646 1558 784 1598 politos,
796 1563 833 1589 et
844 1557 997 1589 eruditos
1008 1557 1161 1589 homines
1178 1558 1424 1598 approbatores
1441 1556 1536 1588 fore:
1554 1557 1597 1588 ab

142 1600 296 1632 Adriano
318 1601 454 1643 quidem
476 1600 639 1632 'l'nrnebo
664 1609 738 1631 eam
763 1609 970 1640 magnopere
994 1600 1075 1630 olim
1098 1599 1278 1640 probatam
1304 1599 1465 1631 memini.'
1487 1599 1598 1630 Lamb.

143 1642 342 1674 Lambinmn
359 1644 467 1675 secuti
482 1643 597 1675 Bentl.
613 1648 648 1674 et
671 1642 779 1674 Kidd.
795 1643 872 1674 Nic.
888 1641 1052 1674 Heinsius
1067 1643 1156 1682 conj.
1175 1642 1270 1682 pulpa
1278 1653 1292 1680 ,·
1314 1646 1350 1673 et
1365 1641 1482 1673 Bentl.
1501 1642 1598 1671 nulla.

800 1727 942 1759 NOTAE

191 1794 253 1823 116
278 1792 352 1823 Non
366 1802 435 1833 ego,
447 1794 518 1834 δῖα]
551 1793 638 1824 Haec
654 1796 690 1824 et
703 1802 780 1834 quoe
796 1801 846 1824 se·

147 1846 296 1883 qnuntur
308 1841 350 1872 sd
366 1841 466 1873 finem
482 1842 583 1883 hujus
592 1842 728 1883 Satirae,
740 1841 846 1874 Ofelli

148 1891 319 1923 narrantis
337 1891 440 1923 verba
458 1897 547 1923 sunt.

192 1945 253 1973 117
270 1941 400 1983 Pernoe]
425 1943 573 1974 Pernam
590 1951 665 1974 cum
683 1945 846 1982 petasone

125 1992 128 1994 ’
149 1991 238 2025 male
253 1990 467 2023 confundunt
491 1992 606 2034 aliqui.
651 1993 776 2023 Petaso
793 1997 846 2024 est

151 2050 236 2071 coxo
252 2042 391 2081 porcina
404 2043 504 2073 salim
518 2047 629 2073 costas
642 2043 747 2073 etiarn
759 2051 849 2072 com-

152 2089 387 2130 prehendens:
405 2099 513 2130 perna
527 2095 580 2122 est
591 2090 762 2131 petasonis
773 2099 850 2130 pars

153 2140 338 2179 carnosior,
362 2139 442 2180 pedi
471 2140 637 2180 proxima,
668 2149 744 2170 cnm
774 2140 850 2180 ipso

153 2188 254 2229 pede.
299 2189 398 2220 Unde
415 2194 511 2230 patet
530 2189 650 2221 Poetae
666 2189 774 2221 nostri
797 2199 850 2222 ac-

154 2245 274 2270 curata
289 2238 408 2279 dictio,
435 2244 538 2280 atque
561 2238 667 2271 Ofelli
690 2239 850 2280 parsimo-

152 2287 222 2328 nin,
237 2289 293 2330 qni
318 2287 479 2329 profestis
495 2289 613 2320 diebus
630 2299 695 2320 non
712 2298 850 2330 pernam

154 2337 214 2369 sed
231 2337 352 2378 pedem
364 2343 507 2378 tantum,
520 2347 636 2379 pernae
648 2343 781 2379 partem
794 2339 854 2370 de·

154 2387 327 2428 teriorem,
337 2387 546 2429 comederet,
559 2388 663 2420 etiam
672 2387 752 2420 dum
764 2389 852 2420 inte-

154 2445 228 2485 με
242 2447 325 2479 opes
340 2444 450 2471 erant.

201 2489 264 2518 119
285 2487 350 2519 Per
362 2488 506 2530 imbrem]
531 2489 620 2521 Dum
634 2489 783 2530 plueret,
800 2492 851 2520 at-

159 2544 224 2576 que
238 2537 416 2570 intermitti
431 2548 515 2579 opus
524 2549 664 2571 necesse
679 2543 769 2571 erat.

199 2588 258 2616 121
269 2586 406 2617 Pensilis
418 2588 493 2629 uva]
504 2589 589 2622 Qnae
601 2599 701 2631 passa
716 2598 857 2630 suspen·

163 2635 256 2666 ditur
281 2635 400 2676 hyeme
422 2639 641 2671 comedenda.
675 2640 785 2671 Varro
811 2639 855 2669 de

165 2686 216 2716 Re
229 2684 355 2716 Rusti.
366 2689 420 2717 58.
435 2687 445 2703 ⁴
456 2687 541 2719 Cato
555 2689 603 2721 ait
615 2712 624 2721 .
638 2713 647 2722 .
660 2712 670 2722 .
683 2699 764 2721 uvas
773 2699 856 2732 quas

163 2734 360 2774 suspendas,
375 2738 675 2776 opportunissimas
697 2750 772 2772 esse
796 2740 857 2771 du-

165 2785 312 2824 recinas,
328 2785 488 2823 emineas,
504 2791 539 2818 et
552 2790 767 2822 scantianas!

249 2888 364 2929 Delpla.
378 2893 409 2921 et
429 2890 503 2923 ναν.
515 2891 599 2924 Clas.

899 1791 1028 1831 sorba,i
1033 1801 1095 1832 psa
1105 1791 1289 1823 ostendunt
1302 1790 1439 1832 qnando
1450 1790 1492 1821 ad
1504 1799 1600 1821 usum

899 1843 1009 1883 promi
1025 1847 1205 1883 oporteat:
1230 1841 1320 1884 quod
1334 1842 1447 1873 colore
1458 1845 1602 1880 mutato,

900 1896 935 1923 et
951 1895 1133 1923 contractu
1158 1892 1347 1930 acinorum,
1370 1890 1399 1921 si
1422 1899 1489 1921 non
1507 1889 1600 1921 dem-

898 1941 984 1972 seris
1013 1940 1057 1971 ad
1084 1941 1268 1981 edendum,
1299 1940 1341 1971 ad
1373 1939 1600 1981 abjiciendum

902 1990 1143 2022 descensurum
1174 2000 1211 2022 se
1235 1989 1462 2022 minitantur?
1514 1990 1604 2021 Plin.

902 2050 978 2074 xiv.
997 2045 1029 2075 1.
1053 2043 1062 2060 ‘
1077 2043 1163 2074 Uvae
1183 2042 1310 2074 durant
1333 2043 1408 2074 aliae
1432 2051 1495 2083 per
1520 2042 1603 2082 hye-

903 2101 990 2123 mem
1024 2092 1173 2133 pensiles
1211 2092 1300 2124 nodo
1339 2096 1603 2130 concameratae‚

904 2142 1162 2182 congeminatae,
1184 2141 1471 2182 conglomeratae!
1515 2142 1603 2172 Sunt

905 2190 994 2222 enim
1012 2193 1112 2222 variae
1130 2192 1296 2223 lectiones
1311 2192 1410 2233 hujus
1427 2191 1531 2223 vocis.

949 2243 1012 2273 122
1036 2243 1115 2273 Cum
1129 2242 1250 2283 duplice
1263 2241 1350 2284 fleu]
1383 2241 1452 2273 Alii
1479 2240 1603 2273 intelli-

907 2295 991 2331 gunt
1006 2292 1137 2324 caricas
1152 2302 1212 2324 seu
1235 2292 1320 2324 ficus
1335 2293 1444 2324 siccas
1460 2291 1606 2332 duplicis

906 2340 1052 2382 generis,
1068 2341 1161 2373 albas
1177 2346 1212 2373 et
1227 2342 1352 2383 nigras,
1370 2350 1545 2382 praecoces
1558 2327 1605 2370 {t

905 2393 1085 2424 serotinas.
1139 2393 1208 2425 Alii
1237 2393 1397 2425 referunt
1427 2390 1470 2422 ad
1501 2389 1603 2421 ficum

906 2452 981 2483 quae
996 2441 1108 2475 bifera
1122 2442 1259 2475 dicitur.
1296 2442 1366 2473 Alii
1377 2441 1495 2471 volunt
1505 2438 1604 2478 signi-

904 2490 999 2523 ficari
1016 2493 1189 2528 mariscas,
1206 2502 1282 2532 quae
1303 2494 1382 2521 sunt
1401 2488 1485 2519 ficus
1505 2497 1605 2527 gran-

905 2541 1031 2577 diores,
1061 2547 1098 2572 at
1134 2541 1305 2581 insipidae,
1333 2539 1430 2578 viles,
1456 2537 1605 2569 ‘fatuae’

906 2590 1059 2621 Martiali
1076 2599 1142 2621 vn.
1155 2592 1208 2621 24.
1234 2594 1330 2621 certe
1354 2587 1460 2620 Ofelli
1482 2597 1604 2619 conve-

902 2640 1036 2671 nientes
1050 2639 1173 2680 frugali
1187 2649 1327 2670 mensae.
1363 2637 1508 2669 Aristot.
1524 2638 1607 2668 Pro-

904 2689 1007 2722 blem.
1019 2688 1162 2729 Ἰσχάδες
1171 2689 1203 2720 αἱ
1212 2688 1287 2728 δίχα
1296 2686 1490 2728 ἐσχισμέναι.
1515 2687 1605 2718 Vide

909 2741 1074 2772 Columel.
1101 2750 1170 2773 xu.
1188 2743 1238 2772 15.
1263 2741 1356 2772 Plin.
1373 2748 1436 2771 xv.
1455 2741 1507 2770 18.
1529 2738 1604 2769 Ma-

813 2791 859 2821 Et
909 2791 1001 2822 crob.
1018 2800 1073 2822 ιιι.
1088 2793 1141 2823 20.
1159 2792 1223 2822 &c.

164 2846 239 2878 cap.
254 2839 306 2867 68.
328 2836 512 2881 ‘Pensilia,
533 2842 571 2870 ut
597 2849 683 2881 nvae,
702 2828 802 2883 aiala,
825 2846 862 2873 et

824 2894 942 2925 Horat.

955 2844 1015 2872 12³
1040 2841 1147 2873 Ludus
1162 2844 1230 2872 erat
1244 2840 1333 2880 culpa
1352 2838 1479 2880 [cuppa]
1500 2842 1607 2877 potare

1444 2895 1463 2922 3
1489 2890 1520 2922 Ο
