<?xml version="1.0" encoding="UTF-8"?>
<!DOCTYPE html PUBLIC "-//W3C//DTD XHTML 1.0 Transitional//EN"
    "http://www.w3.org/TR/xhtml1/DTD/xhtml1-transitional.dtd">
<html xmlns="http://www.w3.org/1999/xhtml" xml:lang="en" lang="en">
 <head>
  <title>
</title>
<meta http-equiv="Content-Type" content="text/html;charset=utf-8" />
  <meta name='ocr-system' content='tesseract 3.04.00' />
  <meta name='ocr-capabilities' content='ocr_page ocr_carea ocr_par ocr_line ocrx_word'/>
</head>
<body>
  <div class='ocr_page' id='page_1' title='image "./operazeune02horauoft_0086.png"; bbox 0 0 1904 3256; ppageno 0'>
   <div class='ocr_carea' id='block_1_1' title="bbox 375 293 1347 341">
    <p class='ocr_par' dir='ltr' id='par_1_1' title="bbox 375 293 1347 341">
     <span class='ocr_line' id='line_1_1' title="bbox 375 293 1347 341; baseline -0.005 -7"><span class='ocrx_word' id='word_1_1' title='bbox 375 293 459 334; x_wconf 79' lang='lat'><strong>626</strong></span> <span class='ocrx_word' id='word_1_2' title='bbox 863 305 905 341; x_wconf 83' lang='lat' dir='ltr'><strong>Q.</strong></span> <span class='ocrx_word' id='word_1_3' title='bbox 935 301 1141 333; x_wconf 72' lang='lat' dir='ltr'><strong>HoRA&#39;ru</strong></span> <span class='ocrx_word' id='word_1_4' title='bbox 1176 300 1347 330; x_wconf 67' lang='lat' dir='ltr'><strong>FLAcci</strong></span> 
     </span>
    </p>
   </div>
   <div class='ocr_carea' id='block_1_2' title="bbox 597 393 1470 643">
    <p class='ocr_par' dir='ltr' id='par_1_2' title="bbox 597 393 1470 643">
     <span class='ocr_line' id='line_1_2' title="bbox 597 393 1345 448; baseline -0.007 -11"><span class='ocrx_word' id='word_1_5' title='bbox 597 395 770 448; x_wconf 88' lang='lat' dir='ltr'><strong>Dejecit</strong></span> <span class='ocrx_word' id='word_1_6' title='bbox 788 407 883 435; x_wconf 86' lang='lat' dir='ltr'><strong>acer</strong></span> <span class='ocrx_word' id='word_1_7' title='bbox 907 395 1008 447; x_wconf 87' lang='lat' dir='ltr'><strong>plus</strong></span> <span class='ocrx_word' id='word_1_8' title='bbox 1027 393 1123 433; x_wconf 89' lang='lat' dir='ltr'><strong>vice</strong></span> <span class='ocrx_word' id='word_1_9' title='bbox 1143 393 1345 446; x_wconf 89' lang='lat' dir='ltr'><strong>simplici.</strong></span> 
     </span>
     <span class='ocr_line' id='line_1_3' title="bbox 598 458 1470 512; baseline -0.002 -12"><span class='ocrx_word' id='word_1_10' title='bbox 598 460 744 512; x_wconf 79' lang='lat' dir='ltr'><strong>Major</strong></span> <span class='ocrx_word' id='word_1_11' title='bbox 764 458 984 499; x_wconf 85' lang='lat' dir='ltr'>Neronum</span> <span class='ocrx_word' id='word_1_12' title='bbox 1004 469 1107 498; x_wconf 83' lang='lat' dir='ltr'><strong>mox</strong></span> <span class='ocrx_word' id='word_1_13' title='bbox 1129 470 1255 510; x_wconf 85' lang='lat' dir='ltr'><strong>grave</strong></span> <span class='ocrx_word' id='word_1_14' title='bbox 1273 458 1470 511; x_wconf 86' lang='lat' dir='ltr'><strong>praelium</strong></span> 
     </span>
     <span class='ocr_line' id='line_1_4' title="bbox 649 523 1404 576; baseline -0.003 -11"><span class='ocrx_word' id='word_1_15' title='bbox 649 525 891 573; x_wconf 85' lang='lat' dir='ltr'><strong>Commisit,</strong></span> <span class='ocrx_word' id='word_1_16' title='bbox 907 525 1202 576; x_wconf 83' lang='lat' dir='ltr'><strong>immanesque</strong></span> <span class='ocrx_word' id='word_1_17' title='bbox 1223 523 1404 564; x_wconf 84' lang='lat' dir='ltr'><strong>Rhaetos</strong></span> 
     </span>
     <span class='ocr_line' id='line_1_5' title="bbox 709 589 1360 643; baseline -0.003 -13"><span class='ocrx_word' id='word_1_18' title='bbox 709 590 935 642; x_wconf 86' lang='lat' dir='ltr'><strong>Auspiciis</strong></span> <span class='ocrx_word' id='word_1_19' title='bbox 954 589 1119 643; x_wconf 83' lang='lat' dir='ltr'><strong>pepulit</strong></span> <span class='ocrx_word' id='word_1_20' title='bbox 1136 589 1333 630; x_wconf 85' lang='lat' dir='ltr'><strong>secundis</strong></span> <span class='ocrx_word' id='word_1_21' title='bbox 1349 602 1360 639; x_wconf 92' lang='lat'>;</span> 
     </span>
    </p>
   </div>
   <div class='ocr_carea' id='block_1_3' title="bbox 1731 523 1786 563">
    <p class='ocr_par' dir='ltr' id='par_1_3' title="bbox 1731 523 1786 563">
     <span class='ocr_line' id='line_1_6' title="bbox 1731 523 1786 563; baseline 0 0"><span class='ocrx_word' id='word_1_22' title='bbox 1731 523 1786 563; x_wconf 88' lang='grc'><strong>15</strong></span> 
     </span>
    </p>
   </div>
   <div class='ocr_carea' id='block_1_4' title="bbox 375 709 1785 755">
    <p class='ocr_par' dir='ltr' id='par_1_4' title="bbox 375 709 1785 755">
     <span class='ocr_line' id='line_1_7' title="bbox 375 709 1785 755; baseline -0.002 -11"><span class='ocrx_word' id='word_1_23' title='bbox 375 714 532 745; x_wconf 83' lang='lat' dir='ltr'><strong>Neronum</strong></span> <span class='ocrx_word' id='word_1_24' title='bbox 544 713 639 751; x_wconf 67' lang='grc' dir='ltr'><em>παύω·</em></span> <span class='ocrx_word' id='word_1_25' title='bbox 653 716 727 744; x_wconf 78' lang='lat' dir='ltr'><strong>natu</strong></span> <span class='ocrx_word' id='word_1_26' title='bbox 741 713 855 744; x_wconf 80' lang='lat' dir='ltr'><strong>acriter</strong></span> <span class='ocrx_word' id='word_1_27' title='bbox 869 713 1068 755; x_wconf 73' lang='lat' dir='ltr'><strong>depugnavit,</strong></span> <span class='ocrx_word' id='word_1_28' title='bbox 1080 717 1111 744; x_wconf 78' lang='lat' dir='ltr'><strong>et</strong></span> <span class='ocrx_word' id='word_1_29' title='bbox 1117 713 1262 752; x_wconf 82' lang='lat' dir='ltr'><strong>felicibus</strong></span> <span class='ocrx_word' id='word_1_30' title='bbox 1275 713 1444 754; x_wconf 75' lang='lat' dir='ltr'><strong>auspicibus</strong></span> <span class='ocrx_word' id='word_1_31' title='bbox 1458 712 1522 743; x_wconf 80' lang='lat' dir='ltr'><strong>tuis</strong></span> <span class='ocrx_word' id='word_1_32' title='bbox 1535 710 1679 752; x_wconf 77' lang='lat' dir='ltr'><strong>repressit</strong></span> <span class='ocrx_word' id='word_1_33' title='bbox 1691 709 1785 741; x_wconf 67' lang='lat' dir='ltr'><strong>Rha-</strong></span> 
     </span>
    </p>
   </div>
   <div class='ocr_carea' id='block_1_5' title="bbox 963 815 1196 829">
    <p class='ocr_par' dir='ltr' id='par_1_5' title="bbox 963 815 1196 829">
     <span class='ocr_line' id='line_1_8' title="bbox 963 815 1196 829; baseline 0.004 -2"><span class='ocrx_word' id='word_1_34' title='bbox 963 815 1196 829; x_wconf 50' lang='lat' dir='ltr'><strong>ww„</strong></span> 
     </span>
    </p>
   </div>
   <div class='ocr_carea' id='block_1_6' title="bbox 370 887 1790 1421">
    <p class='ocr_par' dir='ltr' id='par_1_6' title="bbox 370 887 1790 1421">
     <span class='ocr_line' id='line_1_9' title="bbox 372 887 1787 932; baseline -0.001 -13"><span class='ocrx_word' id='word_1_35' title='bbox 372 887 552 920; x_wconf 84' lang='lat' dir='ltr'><strong>Adversar.</strong></span> <span class='ocrx_word' id='word_1_36' title='bbox 568 898 644 920; x_wconf 78' lang='lat' dir='ltr'><strong>xiv.</strong></span> <span class='ocrx_word' id='word_1_37' title='bbox 656 894 707 922; x_wconf 84' lang='grc'><strong>17.</strong></span> <span class='ocrx_word' id='word_1_38' title='bbox 738 891 823 922; x_wconf 86' lang='lat' dir='ltr'><strong>Sunt</strong></span> <span class='ocrx_word' id='word_1_39' title='bbox 838 899 970 932; x_wconf 86' lang='lat' dir='ltr'><strong>quoque</strong></span> <span class='ocrx_word' id='word_1_40' title='bbox 983 890 1237 931; x_wconf 85' lang='lat' dir='ltr'><strong>Breuni,juncti</strong></span> <span class='ocrx_word' id='word_1_41' title='bbox 1255 888 1480 928; x_wconf 86' lang='lat' dir='ltr'><strong>Genaunibus,</strong></span> <span class='ocrx_word' id='word_1_42' title='bbox 1494 898 1548 928; x_wconf 84' lang='lat' dir='ltr'><strong>ap.</strong></span> <span class='ocrx_word' id='word_1_43' title='bbox 1563 887 1653 918; x_wconf 88' lang='lat' dir='ltr'><strong>Pliu.</strong></span> <span class='ocrx_word' id='word_1_44' title='bbox 1668 895 1724 919; x_wconf 79' lang='grc' dir='ltr'><strong>ΠΙ.</strong></span> <span class='ocrx_word' id='word_1_45' title='bbox 1734 890 1787 918; x_wconf 79' lang='lat'><strong>2⁰.</strong></span> 
     </span>
     <span class='ocr_line' id='line_1_10' title="bbox 373 928 1787 972; baseline -0.001 -13"><span class='ocrx_word' id='word_1_46' title='bbox 373 931 407 960; x_wconf 90' lang='lat' dir='ltr'><strong>in</strong></span> <span class='ocrx_word' id='word_1_47' title='bbox 430 930 653 970; x_wconf 85' lang='lat' dir='ltr'><strong>Inscriptioue</strong></span> <span class='ocrx_word' id='word_1_48' title='bbox 680 932 814 972; x_wconf 83' lang='lat' dir='ltr'><strong>Alpina,</strong></span> <span class='ocrx_word' id='word_1_49' title='bbox 839 933 892 963; x_wconf 84' lang='lat' dir='ltr'><strong>ubi</strong></span> <span class='ocrx_word' id='word_1_50' title='bbox 919 942 1046 963; x_wconf 83' lang='lat' dir='ltr'><strong>summa</strong></span> <span class='ocrx_word' id='word_1_51' title='bbox 1069 933 1231 963; x_wconf 89' lang='lat' dir='ltr'><strong>librorum</strong></span> <span class='ocrx_word' id='word_1_52' title='bbox 1256 931 1466 963; x_wconf 87' lang='lat' dir='ltr'><strong>constantia:</strong></span> <span class='ocrx_word' id='word_1_53' title='bbox 1490 931 1568 960; x_wconf 89' lang='lat' dir='ltr'><strong>item</strong></span> <span class='ocrx_word' id='word_1_54' title='bbox 1594 928 1714 968; x_wconf 83' lang='grc' dir='ltr'>Βρεῦνοι</span> <span class='ocrx_word' id='word_1_55' title='bbox 1735 929 1787 959; x_wconf 84' lang='lat' dir='ltr'><strong>vel</strong></span> 
     </span>
     <span class='ocr_line' id='line_1_11' title="bbox 373 969 1787 1014; baseline -0.001 -13"><span class='ocrx_word' id='word_1_56' title='bbox 373 971 494 1011; x_wconf 77' lang='grc' dir='ltr'><strong><em>Βρευνοὶ</em></strong></span> <span class='ocrx_word' id='word_1_57' title='bbox 507 982 560 1011; x_wconf 86' lang='lat' dir='ltr'><strong>ap.</strong></span> <span class='ocrx_word' id='word_1_58' title='bbox 575 973 720 1003; x_wconf 89' lang='lat' dir='ltr'><strong>Ptolem.</strong></span> <span class='ocrx_word' id='word_1_59' title='bbox 737 982 777 1004; x_wconf 85' lang='grc' dir='ltr'><strong>ιι.</strong></span> <span class='ocrx_word' id='word_1_60' title='bbox 794 975 844 1004; x_wconf 84' lang='grc'><strong>13.</strong></span> <span class='ocrx_word' id='word_1_61' title='bbox 867 979 902 1004; x_wconf 89' lang='lat' dir='ltr'><strong>et</strong></span> <span class='ocrx_word' id='word_1_62' title='bbox 916 983 970 1014; x_wconf 84' lang='lat' dir='ltr'><strong>ap.</strong></span> <span class='ocrx_word' id='word_1_63' title='bbox 994 974 1105 1004; x_wconf 86' lang='lat' dir='ltr'><strong>Strab.</strong></span> <span class='ocrx_word' id='word_1_64' title='bbox 1127 973 1150 1004; x_wconf 88' lang='lat'><strong>1.</strong></span> <span class='ocrx_word' id='word_1_65' title='bbox 1167 975 1187 1005; x_wconf 92' lang='lat' dir='ltr'><strong>l.</strong></span> <span class='ocrx_word' id='word_1_66' title='bbox 1214 974 1311 1004; x_wconf 88' lang='lat' dir='ltr'><strong>hodie</strong></span> <span class='ocrx_word' id='word_1_67' title='bbox 1327 972 1471 1013; x_wconf 82' lang='lat' dir='ltr'><strong>quidem,</strong></span> <span class='ocrx_word' id='word_1_68' title='bbox 1487 975 1563 1011; x_wconf 90' lang='lat' dir='ltr'><strong>post</strong></span> <span class='ocrx_word' id='word_1_69' title='bbox 1577 970 1655 1008; x_wconf 81' lang='lat' dir='ltr'><strong>Xyl.</strong></span> <span class='ocrx_word' id='word_1_70' title='bbox 1671 975 1705 1000; x_wconf 88' lang='lat' dir='ltr'><strong>et</strong></span> <span class='ocrx_word' id='word_1_71' title='bbox 1721 969 1787 1001; x_wconf 83' lang='lat' dir='ltr'><strong>Ca-</strong></span> 
     </span>
     <span class='ocr_line' id='line_1_12' title="bbox 373 1009 1787 1054; baseline -0.001 -12"><span class='ocrx_word' id='word_1_72' title='bbox 373 1013 467 1043; x_wconf 83' lang='lat' dir='ltr'><strong>saub.</strong></span> <span class='ocrx_word' id='word_1_73' title='bbox 510 1014 622 1044; x_wconf 86' lang='lat' dir='ltr'><strong>Facile</strong></span> <span class='ocrx_word' id='word_1_74' title='bbox 638 1024 679 1044; x_wconf 88' lang='lat' dir='ltr'><strong>ex</strong></span> <span class='ocrx_word' id='word_1_75' title='bbox 696 1015 830 1045; x_wconf 85' lang='lat' dir='ltr'><strong>Breunis</strong></span> <span class='ocrx_word' id='word_1_76' title='bbox 844 1015 1086 1054; x_wconf 85' lang='lat' dir='ltr'><strong>corrumpendo</strong></span> <span class='ocrx_word' id='word_1_77' title='bbox 1102 1015 1166 1045; x_wconf 92' lang='lat' dir='ltr'><strong>orti</strong></span> <span class='ocrx_word' id='word_1_78' title='bbox 1183 1014 1314 1050; x_wconf 81' lang='lat' dir='ltr'><strong>Brenni,</strong></span> <span class='ocrx_word' id='word_1_79' title='bbox 1326 1015 1407 1044; x_wconf 85' lang='lat' dir='ltr'><strong>item</strong></span> <span class='ocrx_word' id='word_1_80' title='bbox 1423 1013 1538 1043; x_wconf 82' lang='lat' dir='ltr'><strong>Breuci</strong></span> <span class='ocrx_word' id='word_1_81' title='bbox 1552 1015 1587 1042; x_wconf 86' lang='lat' dir='ltr'><strong>et</strong></span> <span class='ocrx_word' id='word_1_82' title='bbox 1600 1011 1727 1042; x_wconf 73' lang='lat' dir='ltr'><strong>Breuci.</strong></span> <span class='ocrx_word' id='word_1_83' title='bbox 1741 1009 1787 1042; x_wconf 80' lang='lat' dir='ltr'><strong>cf.</strong></span> 
     </span>
     <span class='ocr_line' id='line_1_13' title="bbox 373 1051 1788 1094; baseline -0.001 -10"><span class='ocrx_word' id='word_1_84' title='bbox 373 1053 495 1084; x_wconf 77' lang='lat' dir='ltr'><strong>Cellar.</strong></span> <span class='ocrx_word' id='word_1_85' title='bbox 510 1055 629 1085; x_wconf 82' lang='lat' dir='ltr'><strong>Descr.</strong></span> <span class='ocrx_word' id='word_1_86' title='bbox 645 1055 687 1086; x_wconf 92' lang='grc' dir='ltr'><strong>Ο.</strong></span> <span class='ocrx_word' id='word_1_87' title='bbox 703 1055 752 1094; x_wconf 34' lang='grc' dir='ltr'><strong>Α..</strong></span> <span class='ocrx_word' id='word_1_88' title='bbox 762 1060 840 1087; x_wconf 85' lang='lat' dir='ltr'><strong>tom.</strong></span> <span class='ocrx_word' id='word_1_89' title='bbox 858 1064 881 1085; x_wconf 86' lang='lat' dir='ltr'><strong>r.</strong></span> <span class='ocrx_word' id='word_1_90' title='bbox 899 1056 955 1086; x_wconf 91' lang='lat' dir='ltr'><strong>lib.</strong></span> <span class='ocrx_word' id='word_1_91' title='bbox 970 1064 1013 1087; x_wconf 82' lang='lat'><strong>11.</strong></span> <span class='ocrx_word' id='word_1_92' title='bbox 1027 1065 1057 1086; x_wconf 88' lang='lat' dir='ltr'><strong>c.</strong></span> <span class='ocrx_word' id='word_1_93' title='bbox 1071 1059 1102 1087; x_wconf 85' lang='grc'><strong>7.</strong></span> <span class='ocrx_word' id='word_1_94' title='bbox 1147 1057 1230 1087; x_wconf 84' lang='lat' dir='ltr'><strong>Mox</strong></span> <span class='ocrx_word' id='word_1_95' title='bbox 1245 1056 1279 1086; x_wconf 88' lang='lat' dir='ltr'><strong>in</strong></span> <span class='ocrx_word' id='word_1_96' title='bbox 1294 1055 1368 1085; x_wconf 90' lang='lat' dir='ltr'><strong>eod.</strong></span> <span class='ocrx_word' id='word_1_97' title='bbox 1385 1063 1432 1084; x_wconf 90' lang='lat' dir='ltr'><strong>vs.</strong></span> <span class='ocrx_word' id='word_1_98' title='bbox 1444 1054 1566 1091; x_wconf 83' lang='lat' dir='ltr'><strong>seroces</strong></span> <span class='ocrx_word' id='word_1_99' title='bbox 1579 1051 1668 1092; x_wconf 85' lang='lat' dir='ltr'><strong>Lips.</strong></span> <span class='ocrx_word' id='word_1_100' title='bbox 1679 1054 1710 1083; x_wconf 77' lang='lat'><strong>3.</strong></span> <span class='ocrx_word' id='word_1_101' title='bbox 1752 1060 1788 1083; x_wconf 91' lang='lat' dir='ltr'><strong>ro</strong></span> 
     </span>
     <span class='ocr_line' id='line_1_14' title="bbox 372 1092 1788 1135; baseline -0.001 -11"><span class='ocrx_word' id='word_1_102' title='bbox 372 1103 440 1125; x_wconf 82' lang='lat' dir='ltr'><strong>var.</strong></span> <span class='ocrx_word' id='word_1_103' title='bbox 451 1095 723 1126; x_wconf 70' lang='lat' dir='ltr'><strong>lect.&#39;Jani.—13</strong></span> <span class='ocrx_word' id='word_1_104' title='bbox 737 1100 746 1113; x_wconf 92' lang='lat'><em>‘</em></span> <span class='ocrx_word' id='word_1_105' title='bbox 759 1097 902 1135; x_wconf 80' lang='lat' dir='ltr'><strong>Cuning.</strong></span> <span class='ocrx_word' id='word_1_106' title='bbox 918 1097 1005 1135; x_wconf 88' lang='lat' dir='ltr'><strong>conj.</strong></span> <span class='ocrx_word' id='word_1_107' title='bbox 1018 1096 1148 1134; x_wconf 65' lang='lat' dir='ltr'><strong>disiecit.</strong></span> <span class='ocrx_word' id='word_1_108' title='bbox 1183 1097 1272 1127; x_wconf 88' lang='lat' dir='ltr'><strong>Illud</strong></span> <span class='ocrx_word' id='word_1_109' title='bbox 1285 1097 1353 1135; x_wconf 81' lang='lat' dir='ltr'><strong>plus</strong></span> <span class='ocrx_word' id='word_1_110' title='bbox 1367 1096 1431 1126; x_wconf 75' lang='lat' dir='ltr'><strong>eice</strong></span> <span class='ocrx_word' id='word_1_111' title='bbox 1444 1094 1576 1134; x_wconf 72' lang='lat' dir='ltr'><strong>simplici</strong></span> <span class='ocrx_word' id='word_1_112' title='bbox 1591 1093 1623 1123; x_wconf 89' lang='lat' dir='ltr'><strong>in</strong></span> <span class='ocrx_word' id='word_1_113' title='bbox 1638 1092 1726 1123; x_wconf 89' lang='lat' dir='ltr'><strong>omni</strong></span> <span class='ocrx_word' id='word_1_114' title='bbox 1751 1101 1788 1123; x_wconf 87' lang='lat' dir='ltr'><strong>us</strong></span> 
     </span>
     <span class='ocr_line' id='line_1_15' title="bbox 372 1135 1787 1176; baseline -0.001 -11"><span class='ocrx_word' id='word_1_115' title='bbox 372 1135 471 1166; x_wconf 82' lang='lat' dir='ltr'><strong>editt.</strong></span> <span class='ocrx_word' id='word_1_116' title='bbox 486 1136 527 1166; x_wconf 85' lang='lat' dir='ltr'><strong>ad</strong></span> <span class='ocrx_word' id='word_1_117' title='bbox 537 1136 774 1167; x_wconf 79' lang='lat' dir='ltr'><strong>antecedentia</strong></span> <span class='ocrx_word' id='word_1_118' title='bbox 789 1138 944 1172; x_wconf 72' lang='lat' dir='ltr'><strong>trahitur,</strong></span> <span class='ocrx_word' id='word_1_119' title='bbox 960 1143 1083 1176; x_wconf 89' lang='lat' dir='ltr'><strong>puncto</strong></span> <span class='ocrx_word' id='word_1_120' title='bbox 1099 1141 1177 1176; x_wconf 90' lang='lat' dir='ltr'><strong>post</strong></span> <span class='ocrx_word' id='word_1_121' title='bbox 1185 1137 1317 1175; x_wconf 75' lang='lat' dir='ltr'><strong>simplici</strong></span> <span class='ocrx_word' id='word_1_122' title='bbox 1329 1137 1450 1175; x_wconf 84' lang='lat' dir='ltr'><strong>posito.</strong></span> <span class='ocrx_word' id='word_1_123' title='bbox 1473 1135 1665 1166; x_wconf 81' lang='lat' dir='ltr'><strong>Scholiastae</strong></span> <span class='ocrx_word' id='word_1_124' title='bbox 1681 1138 1717 1164; x_wconf 90' lang='lat' dir='ltr'><strong>et</strong></span> <span class='ocrx_word' id='word_1_125' title='bbox 1730 1142 1787 1164; x_wconf 85' lang='lat' dir='ltr'><strong>ve-</strong></span> 
     </span>
     <span class='ocr_line' id='line_1_16' title="bbox 372 1174 1788 1216; baseline -0.001 -10"><span class='ocrx_word' id='word_1_126' title='bbox 372 1180 461 1206; x_wconf 81' lang='lat' dir='ltr'><strong>teres</strong></span> <span class='ocrx_word' id='word_1_127' title='bbox 478 1177 592 1216; x_wconf 87' lang='lat' dir='ltr'><strong>Intpp.</strong></span> <span class='ocrx_word' id='word_1_128' title='bbox 606 1177 653 1207; x_wconf 88' lang='lat' dir='ltr'><strong>ita</strong></span> <span class='ocrx_word' id='word_1_129' title='bbox 669 1178 852 1216; x_wconf 86' lang='lat' dir='ltr'><strong>explicant,</strong></span> <span class='ocrx_word' id='word_1_130' title='bbox 867 1182 904 1208; x_wconf 89' lang='lat' dir='ltr'><strong>ut</strong></span> <span class='ocrx_word' id='word_1_131' title='bbox 919 1178 1051 1208; x_wconf 85' lang='lat' dir='ltr'><strong>dicatur</strong></span> <span class='ocrx_word' id='word_1_132' title='bbox 1062 1179 1194 1208; x_wconf 81' lang='lat' dir='ltr'><strong>Drusus</strong></span> <span class='ocrx_word' id='word_1_133' title='bbox 1211 1178 1275 1207; x_wconf 90' lang='lat' dir='ltr'><strong>illis</strong></span> <span class='ocrx_word' id='word_1_134' title='bbox 1290 1177 1420 1216; x_wconf 87' lang='lat' dir='ltr'><strong>populis</strong></span> <span class='ocrx_word' id='word_1_135' title='bbox 1435 1185 1500 1206; x_wconf 86' lang='lat' dir='ltr'><strong>non</strong></span> <span class='ocrx_word' id='word_1_136' title='bbox 1516 1174 1714 1214; x_wconf 78' lang='lat' dir='ltr'><strong>simplicem,</strong></span> <span class='ocrx_word' id='word_1_137' title='bbox 1728 1174 1788 1206; x_wconf 85' lang='lat' dir='ltr'><strong>sed</strong></span> 
     </span>
     <span class='ocr_line' id='line_1_17' title="bbox 372 1214 1788 1256; baseline 0 -10"><span class='ocrx_word' id='word_1_138' title='bbox 372 1217 505 1256; x_wconf 87' lang='lat' dir='ltr'><strong>duplam</strong></span> <span class='ocrx_word' id='word_1_139' title='bbox 522 1219 627 1247; x_wconf 89' lang='lat' dir='ltr'><strong>vicem</strong></span> <span class='ocrx_word' id='word_1_140' title='bbox 644 1217 842 1256; x_wconf 81' lang='lat' dir='ltr'><strong>reddidisse,</strong></span> <span class='ocrx_word' id='word_1_141' title='bbox 861 1218 892 1248; x_wconf 85' lang='lat' dir='ltr'><strong>h.</strong></span> <span class='ocrx_word' id='word_1_142' title='bbox 908 1227 940 1248; x_wconf 86' lang='lat' dir='ltr'><strong>e.</strong></span> <span class='ocrx_word' id='word_1_143' title='bbox 955 1219 1099 1248; x_wconf 85' lang='lat' dir='ltr'><strong>alterum</strong></span> <span class='ocrx_word' id='word_1_144' title='bbox 1115 1222 1242 1248; x_wconf 82' lang='lat' dir='ltr'><strong>tautum</strong></span> <span class='ocrx_word' id='word_1_145' title='bbox 1258 1218 1417 1247; x_wconf 85' lang='lat' dir='ltr'><strong>malorum</strong></span> <span class='ocrx_word' id='word_1_146' title='bbox 1434 1222 1470 1247; x_wconf 90' lang='lat' dir='ltr'><strong>et</strong></span> <span class='ocrx_word' id='word_1_147' title='bbox 1485 1216 1601 1254; x_wconf 82' lang='lat' dir='ltr'><strong>cladis,</strong></span> <span class='ocrx_word' id='word_1_148' title='bbox 1615 1224 1714 1255; x_wconf 85' lang='lat' dir='ltr'><strong>quam</strong></span> <span class='ocrx_word' id='word_1_149' title='bbox 1729 1214 1788 1246; x_wconf 83' lang='lat' dir='ltr'><strong>de-</strong></span> 
     </span>
     <span class='ocr_line' id='line_1_18' title="bbox 372 1255 1788 1299; baseline 0 -12"><span class='ocrx_word' id='word_1_150' title='bbox 372 1257 512 1292; x_wconf 83' lang='lat' dir='ltr'><strong>dissent,</strong></span> <span class='ocrx_word' id='word_1_151' title='bbox 531 1258 696 1288; x_wconf 87' lang='lat' dir='ltr'><strong>intulisse.</strong></span> <span class='ocrx_word' id='word_1_152' title='bbox 741 1259 824 1290; x_wconf 83' lang='lat' dir='ltr'><strong>Quae</strong></span> <span class='ocrx_word' id='word_1_153' title='bbox 840 1267 938 1299; x_wconf 87' lang='lat' dir='ltr'><strong>quam</strong></span> <span class='ocrx_word' id='word_1_154' title='bbox 953 1259 1036 1288; x_wconf 88' lang='lat' dir='ltr'><strong>dura</strong></span> <span class='ocrx_word' id='word_1_155' title='bbox 1051 1259 1095 1289; x_wconf 89' lang='lat' dir='ltr'><strong>sit</strong></span> <span class='ocrx_word' id='word_1_156' title='bbox 1117 1259 1214 1294; x_wconf 79' lang='lat' dir='ltr'><strong>ratio,</strong></span> <span class='ocrx_word' id='word_1_157' title='bbox 1228 1258 1268 1288; x_wconf 83' lang='lat' dir='ltr'><strong>ad</strong></span> <span class='ocrx_word' id='word_1_158' title='bbox 1284 1257 1494 1288; x_wconf 86' lang='lat' dir='ltr'><strong>sentiendum</strong></span> <span class='ocrx_word' id='word_1_159' title='bbox 1509 1255 1608 1287; x_wconf 78' lang='lat' dir='ltr'><strong>facile</strong></span> <span class='ocrx_word' id='word_1_160' title='bbox 1622 1260 1684 1286; x_wconf 80' lang='lat' dir='ltr'><strong>est.</strong></span> <span class='ocrx_word' id='word_1_161' title='bbox 1727 1255 1788 1287; x_wconf 84' lang='lat' dir='ltr'><strong>At-</strong></span> 
     </span>
     <span class='ocr_line' id='line_1_19' title="bbox 371 1297 1789 1339; baseline -0.001 -11"><span class='ocrx_word' id='word_1_162' title='bbox 371 1304 485 1329; x_wconf 85' lang='lat' dir='ltr'><strong>tamen</strong></span> <span class='ocrx_word' id='word_1_163' title='bbox 501 1308 573 1329; x_wconf 80' lang='lat' dir='ltr'><strong>eam</strong></span> <span class='ocrx_word' id='word_1_164' title='bbox 591 1299 709 1338; x_wconf 84' lang='lat' dir='ltr'><strong>probat</strong></span> <span class='ocrx_word' id='word_1_165' title='bbox 731 1299 836 1331; x_wconf 84' lang='lat' dir='ltr'><strong>Gesn.</strong></span> <span class='ocrx_word' id='word_1_166' title='bbox 851 1301 904 1330; x_wconf 90' lang='lat' dir='ltr'><strong>vel</strong></span> <span class='ocrx_word' id='word_1_167' title='bbox 919 1300 962 1330; x_wconf 92' lang='lat' dir='ltr'><strong>de</strong></span> <span class='ocrx_word' id='word_1_168' title='bbox 977 1299 1123 1330; x_wconf 83' lang='lat' dir='ltr'><strong>fortunae</strong></span> <span class='ocrx_word' id='word_1_169' title='bbox 1140 1299 1267 1330; x_wconf 86' lang='lat' dir='ltr'><strong>vicibus</strong></span> <span class='ocrx_word' id='word_1_170' title='bbox 1283 1297 1497 1339; x_wconf 86' lang='lat' dir='ltr'><strong>cogitandum</strong></span> <span class='ocrx_word' id='word_1_171' title='bbox 1512 1301 1622 1338; x_wconf 81' lang='lat' dir='ltr'><strong>putat,</strong></span> <span class='ocrx_word' id='word_1_172' title='bbox 1637 1301 1672 1327; x_wconf 85' lang='lat' dir='ltr'><strong>et</strong></span> <span class='ocrx_word' id='word_1_173' title='bbox 1687 1305 1789 1336; x_wconf 84' lang='lat' dir='ltr'><strong>expo-</strong></span> 
     </span>
     <span class='ocr_line' id='line_1_20' title="bbox 370 1338 1790 1380; baseline -0.001 -10"><span class='ocrx_word' id='word_1_174' title='bbox 370 1339 536 1370; x_wconf 84' lang='lat' dir='ltr'><strong>nendum:</strong></span> <span class='ocrx_word' id='word_1_175' title='bbox 559 1349 624 1370; x_wconf 90' lang='lat' dir='ltr'><strong>non</strong></span> <span class='ocrx_word' id='word_1_176' title='bbox 648 1340 719 1371; x_wconf 88' lang='lat' dir='ltr'><strong>sine</strong></span> <span class='ocrx_word' id='word_1_177' title='bbox 746 1341 908 1380; x_wconf 88' lang='lat' dir='ltr'><strong>periculo.</strong></span> <span class='ocrx_word' id='word_1_178' title='bbox 952 1341 1020 1370; x_wconf 88' lang='lat' dir='ltr'><strong>Alii</strong></span> <span class='ocrx_word' id='word_1_179' title='bbox 1036 1350 1076 1370; x_wconf 90' lang='lat' dir='ltr'><strong>ex</strong></span> <span class='ocrx_word' id='word_1_180' title='bbox 1105 1342 1125 1371; x_wconf 93' lang='lat' dir='ltr'><strong>l.</strong></span> <span class='ocrx_word' id='word_1_181' title='bbox 1146 1342 1215 1380; x_wconf 88' lang='lat' dir='ltr'><strong>plus</strong></span> <span class='ocrx_word' id='word_1_182' title='bbox 1237 1341 1300 1370; x_wconf 80' lang='lat' dir='ltr'><strong>vice</strong></span> <span class='ocrx_word' id='word_1_183' title='bbox 1320 1340 1462 1379; x_wconf 73' lang='lat' dir='ltr'><strong>simplici,</strong></span> <span class='ocrx_word' id='word_1_184' title='bbox 1483 1339 1515 1369; x_wconf 84' lang='lat' dir='ltr'><strong>h.</strong></span> <span class='ocrx_word' id='word_1_185' title='bbox 1531 1348 1561 1370; x_wconf 88' lang='lat' dir='ltr'><strong>e.</strong></span> <span class='ocrx_word' id='word_1_186' title='bbox 1584 1338 1658 1378; x_wconf 87' lang='lat' dir='ltr'><strong>plus</strong></span> <span class='ocrx_word' id='word_1_187' title='bbox 1671 1338 1790 1378; x_wconf 81' lang='lat' dir='ltr'><strong>semel,</strong></span> 
     </span>
     <span class='ocr_line' id='line_1_21' title="bbox 371 1350 1787 1421; baseline -0.001 -11"><span class='ocrx_word' id='word_1_188' title='bbox 371 1389 438 1411; x_wconf 88' lang='lat' dir='ltr'><strong>non</strong></span> <span class='ocrx_word' id='word_1_189' title='bbox 453 1381 569 1418; x_wconf 88' lang='lat' dir='ltr'><strong>semel,</strong></span> <span class='ocrx_word' id='word_1_190' title='bbox 584 1381 605 1410; x_wconf 90' lang='lat' dir='ltr'><strong>i.</strong></span> <span class='ocrx_word' id='word_1_191' title='bbox 622 1389 651 1410; x_wconf 92' lang='lat' dir='ltr'><strong>e.</strong></span> <span class='ocrx_word' id='word_1_192' title='bbox 667 1381 804 1420; x_wconf 85' lang='lat' dir='ltr'><strong>saepius,</strong></span> <span class='ocrx_word' id='word_1_193' title='bbox 822 1381 875 1411; x_wconf 87' lang='lat' dir='ltr'><strong>vel</strong></span> <span class='ocrx_word' id='word_1_194' title='bbox 891 1381 946 1421; x_wconf 93' lang='lat' dir='ltr'><strong>(ut</strong></span> <span class='ocrx_word' id='word_1_195' title='bbox 960 1350 1102 1420; x_wconf 45' lang='lat' dir='ltr'><strong>Sauadf),</strong></span> <span class='ocrx_word' id='word_1_196' title='bbox 1116 1381 1176 1412; x_wconf 87' lang='lat' dir='ltr'><strong>bis.</strong></span> <span class='ocrx_word' id='word_1_197' title='bbox 1219 1381 1283 1412; x_wconf 89' lang='lat' dir='ltr'><strong>Sed</strong></span> <span class='ocrx_word' id='word_1_198' title='bbox 1299 1381 1441 1418; x_wconf 88' lang='lat' dir='ltr'><strong>etiamsi,</strong></span> <span class='ocrx_word' id='word_1_199' title='bbox 1458 1379 1544 1420; x_wconf 91' lang='lat' dir='ltr'><strong>quod</strong></span> <span class='ocrx_word' id='word_1_200' title='bbox 1563 1379 1642 1418; x_wconf 89' lang='lat' dir='ltr'><strong>jure</strong></span> <span class='ocrx_word' id='word_1_201' title='bbox 1657 1378 1787 1410; x_wconf 76' lang='lat' dir='ltr'><strong>dubita-</strong></span> 
     </span>
    </p>
   </div>
   <div class='ocr_carea' id='block_1_7' title="bbox 312 1419 1791 1461">
    <p class='ocr_par' dir='ltr' id='par_1_7' title="bbox 312 1419 1791 1461">
     <span class='ocr_line' id='line_1_22' title="bbox 312 1419 1791 1461; baseline -0.001 -9"><span class='ocrx_word' id='word_1_202' title='bbox 312 1441 325 1455; x_wconf 57' lang='lat'>„</span> <span class='ocrx_word' id='word_1_203' title='bbox 371 1425 439 1459; x_wconf 86' lang='lat' dir='ltr'><strong>tur,</strong></span> <span class='ocrx_word' id='word_1_204' title='bbox 461 1422 540 1451; x_wconf 81' lang='lat' dir='ltr'><strong>satis</strong></span> <span class='ocrx_word' id='word_1_205' title='bbox 564 1426 692 1452; x_wconf 87' lang='lat' dir='ltr'><strong>rectum</strong></span> <span class='ocrx_word' id='word_1_206' title='bbox 719 1427 755 1452; x_wconf 88' lang='lat' dir='ltr'><strong>et</strong></span> <span class='ocrx_word' id='word_1_207' title='bbox 777 1422 933 1452; x_wconf 80' lang='lat' dir='ltr'><strong>Latinum</strong></span> <span class='ocrx_word' id='word_1_208' title='bbox 956 1426 1045 1452; x_wconf 86' lang='lat' dir='ltr'><strong>esset</strong></span> <span class='ocrx_word' id='word_1_209' title='bbox 1065 1424 1130 1452; x_wconf 82' lang='lat' dir='ltr'><strong>vice</strong></span> <span class='ocrx_word' id='word_1_210' title='bbox 1143 1422 1274 1461; x_wconf 77' lang='lat' dir='ltr'><strong>simplici</strong></span> <span class='ocrx_word' id='word_1_211' title='bbox 1289 1421 1432 1460; x_wconf 90' lang='lat' dir='ltr'><strong>positum</strong></span> <span class='ocrx_word' id='word_1_212' title='bbox 1448 1421 1495 1451; x_wconf 86' lang='lat' dir='ltr'><strong>sic</strong></span> <span class='ocrx_word' id='word_1_213' title='bbox 1509 1419 1704 1460; x_wconf 87' lang='lat' dir='ltr'><strong>simpliciter</strong></span> <span class='ocrx_word' id='word_1_214' title='bbox 1718 1428 1791 1460; x_wconf 89' lang='lat' dir='ltr'><strong>pro,</strong></span> 
     </span>
    </p>
   </div>
   <div class='ocr_carea' id='block_1_8' title="bbox 370 1460 1790 2200">
    <p class='ocr_par' dir='ltr' id='par_1_8' title="bbox 370 1460 1790 2200">
     <span class='ocr_line' id='line_1_23' title="bbox 370 1460 1789 1502; baseline -0.002 -8"><span class='ocrx_word' id='word_1_215' title='bbox 370 1462 494 1494; x_wconf 82' lang='lat' dir='ltr'><strong>semel:</strong></span> <span class='ocrx_word' id='word_1_216' title='bbox 521 1467 633 1492; x_wconf 82' lang='lat' dir='ltr'><strong>tamen</strong></span> <span class='ocrx_word' id='word_1_217' title='bbox 648 1462 730 1492; x_wconf 91' lang='lat' dir='ltr'><strong>illud</strong></span> <span class='ocrx_word' id='word_1_218' title='bbox 751 1463 819 1501; x_wconf 83' lang='lat' dir='ltr'><strong>plus</strong></span> <span class='ocrx_word' id='word_1_219' title='bbox 832 1463 896 1493; x_wconf 78' lang='lat' dir='ltr'><strong>eice</strong></span> <span class='ocrx_word' id='word_1_220' title='bbox 909 1462 1052 1502; x_wconf 75' lang='lat' dir='ltr'><strong>simplici.</strong></span> <span class='ocrx_word' id='word_1_221' title='bbox 1067 1463 1137 1493; x_wconf 73' lang='lat' dir='ltr'><strong>sive</strong></span> <span class='ocrx_word' id='word_1_222' title='bbox 1152 1463 1226 1500; x_wconf 80' lang='lat' dir='ltr'><strong>lioc,</strong></span> <span class='ocrx_word' id='word_1_223' title='bbox 1247 1462 1317 1493; x_wconf 88' lang='lat' dir='ltr'><strong>sive</strong></span> <span class='ocrx_word' id='word_1_224' title='bbox 1333 1463 1397 1492; x_wconf 87' lang='lat' dir='ltr'><strong>alio</strong></span> <span class='ocrx_word' id='word_1_225' title='bbox 1413 1461 1509 1492; x_wconf 90' lang='lat' dir='ltr'><strong>modo</strong></span> <span class='ocrx_word' id='word_1_226' title='bbox 1524 1461 1724 1500; x_wconf 83' lang='lat' dir='ltr'><strong>explicetur,</strong></span> <span class='ocrx_word' id='word_1_227' title='bbox 1736 1460 1789 1492; x_wconf 85' lang='lat' dir='ltr'><strong>iu-</strong></span> 
     </span>
     <span class='ocr_line' id='line_1_24' title="bbox 370 1502 1788 1544; baseline -0.001 -10"><span class='ocrx_word' id='word_1_228' title='bbox 370 1502 579 1534; x_wconf 80' lang='lat' dir='ltr'><strong>credibiliter</strong></span> <span class='ocrx_word' id='word_1_229' title='bbox 598 1502 711 1542; x_wconf 81' lang='lat' dir='ltr'><strong>friget,</strong></span> <span class='ocrx_word' id='word_1_230' title='bbox 737 1504 912 1534; x_wconf 81' lang='lat' dir='ltr'><strong>et-nescio</strong></span> <span class='ocrx_word' id='word_1_231' title='bbox 936 1503 1101 1544; x_wconf 89' lang='lat' dir='ltr'><strong>quomodo</strong></span> <span class='ocrx_word' id='word_1_232' title='bbox 1125 1502 1317 1542; x_wconf 84' lang='lat' dir='ltr'><strong>languidum</strong></span> <span class='ocrx_word' id='word_1_233' title='bbox 1333 1509 1368 1533; x_wconf 91' lang='lat' dir='ltr'><strong>et</strong></span> <span class='ocrx_word' id='word_1_234' title='bbox 1380 1503 1536 1534; x_wconf 88' lang='lat' dir='ltr'><strong>miserum</strong></span> <span class='ocrx_word' id='word_1_235' title='bbox 1551 1505 1615 1538; x_wconf 87' lang='lat' dir='ltr'><strong>est,</strong></span> <span class='ocrx_word' id='word_1_236' title='bbox 1633 1502 1788 1542; x_wconf 86' lang='lat' dir='ltr'><strong>junctum</strong></span> 
     </span>
     <span class='ocr_line' id='line_1_25' title="bbox 370 1542 1789 1585; baseline -0.001 -11"><span class='ocrx_word' id='word_1_237' title='bbox 370 1544 505 1584; x_wconf 89' lang='lat' dir='ltr'><strong>quidem</strong></span> <span class='ocrx_word' id='word_1_238' title='bbox 530 1549 566 1575; x_wconf 92' lang='lat' dir='ltr'><strong>et</strong></span> <span class='ocrx_word' id='word_1_239' title='bbox 588 1545 739 1575; x_wconf 82' lang='lat' dir='ltr'><strong>additum</strong></span> <span class='ocrx_word' id='word_1_240' title='bbox 765 1544 964 1584; x_wconf 78' lang='lat' dir='ltr'><strong>nmgnificae,</strong></span> <span class='ocrx_word' id='word_1_241' title='bbox 993 1555 1066 1585; x_wconf 87' lang='lat' dir='ltr'><strong>quae</strong></span> <span class='ocrx_word' id='word_1_242' title='bbox 1086 1544 1262 1584; x_wconf 84' lang='lat' dir='ltr'><strong>praecedit,</strong></span> <span class='ocrx_word' id='word_1_243' title='bbox 1284 1544 1471 1575; x_wconf 81' lang='lat' dir='ltr'><strong>sententiae.</strong></span> <span class='ocrx_word' id='word_1_244' title='bbox 1514 1543 1652 1582; x_wconf 85' lang='lat' dir='ltr'><strong>Contra,</strong></span> <span class='ocrx_word' id='word_1_245' title='bbox 1665 1542 1722 1583; x_wconf 89' lang='lat' dir='ltr'><strong>qui</strong></span> <span class='ocrx_word' id='word_1_246' title='bbox 1737 1551 1789 1573; x_wconf 86' lang='lat' dir='ltr'><strong>se-</strong></span> 
     </span>
     <span class='ocr_line' id='line_1_26' title="bbox 370 1584 1789 1626; baseline -0.001 -11"><span class='ocrx_word' id='word_1_247' title='bbox 370 1590 527 1626; x_wconf 90' lang='lat' dir='ltr'><strong>quuntur,</strong></span> <span class='ocrx_word' id='word_1_248' title='bbox 546 1594 593 1616; x_wconf 84' lang='lat' dir='ltr'><strong>vs.</strong></span> <span class='ocrx_word' id='word_1_249' title='bbox 609 1587 724 1616; x_wconf 79' lang='lat'>14—16.</span> <span class='ocrx_word' id='word_1_250' title='bbox 748 1586 825 1616; x_wconf 87' lang='lat' dir='ltr'><strong>mihi</strong></span> <span class='ocrx_word' id='word_1_251' title='bbox 842 1595 972 1625; x_wconf 83' lang='lat' dir='ltr'><strong>semper</strong></span> <span class='ocrx_word' id='word_1_252' title='bbox 987 1595 1047 1625; x_wconf 89' lang='lat' dir='ltr'><strong>pro</strong></span> <span class='ocrx_word' id='word_1_253' title='bbox 1062 1585 1240 1625; x_wconf 80' lang='lat' dir='ltr'><strong>majestate</strong></span> <span class='ocrx_word' id='word_1_254' title='bbox 1263 1586 1382 1625; x_wconf 88' lang='lat' dir='ltr'><strong>reliqui</strong></span> <span class='ocrx_word' id='word_1_255' title='bbox 1405 1584 1568 1616; x_wconf 76' lang='lat' dir='ltr'><strong>Carminis</strong></span> <span class='ocrx_word' id='word_1_256' title='bbox 1583 1584 1720 1615; x_wconf 86' lang='lat' dir='ltr'><strong>nimium</strong></span> <span class='ocrx_word' id='word_1_257' title='bbox 1735 1584 1789 1614; x_wconf 90' lang='lat' dir='ltr'><strong>vel</strong></span> 
     </span>
     <span class='ocr_line' id='line_1_27' title="bbox 371 1625 1789 1666; baseline -0.001 -9"><span class='ocrx_word' id='word_1_258' title='bbox 371 1627 413 1657; x_wconf 86' lang='lat' dir='ltr'><strong>ad</strong></span> <span class='ocrx_word' id='word_1_259' title='bbox 431 1627 616 1657; x_wconf 86' lang='lat' dir='ltr'><strong>orationem</strong></span> <span class='ocrx_word' id='word_1_260' title='bbox 625 1626 735 1666; x_wconf 88' lang='lat' dir='ltr'><strong>jejuni</strong></span> <span class='ocrx_word' id='word_1_261' title='bbox 752 1631 787 1657; x_wconf 90' lang='lat' dir='ltr'><strong>et</strong></span> <span class='ocrx_word' id='word_1_262' title='bbox 802 1627 954 1666; x_wconf 83' lang='lat' dir='ltr'><strong>vulgares</strong></span> <span class='ocrx_word' id='word_1_263' title='bbox 971 1627 1032 1657; x_wconf 88' lang='lat' dir='ltr'><strong>visi</strong></span> <span class='ocrx_word' id='word_1_264' title='bbox 1048 1633 1136 1662; x_wconf 85' lang='lat' dir='ltr'><strong>sunt,</strong></span> <span class='ocrx_word' id='word_1_265' title='bbox 1153 1628 1204 1658; x_wconf 89' lang='lat' dir='ltr'><strong>vel</strong></span> <span class='ocrx_word' id='word_1_266' title='bbox 1221 1626 1264 1657; x_wconf 81' lang='lat' dir='ltr'><strong>ad</strong></span> <span class='ocrx_word' id='word_1_267' title='bbox 1278 1627 1382 1666; x_wconf 85' lang='lat' dir='ltr'><strong>ipsam</strong></span> <span class='ocrx_word' id='word_1_268' title='bbox 1398 1626 1598 1657; x_wconf 80' lang='lat' dir='ltr'><strong>sententiam</strong></span> <span class='ocrx_word' id='word_1_269' title='bbox 1614 1625 1717 1656; x_wconf 83' lang='lat' dir='ltr'><strong>exiles</strong></span> <span class='ocrx_word' id='word_1_270' title='bbox 1731 1633 1789 1656; x_wconf 81' lang='lat' dir='ltr'><strong>an-</strong></span> 
     </span>
     <span class='ocr_line' id='line_1_28' title="bbox 371 1666 1790 1708; baseline 0.001 -13"><span class='ocrx_word' id='word_1_271' title='bbox 371 1668 535 1708; x_wconf 83' lang='lat' dir='ltr'><strong>gustique.</strong></span> <span class='ocrx_word' id='word_1_272' title='bbox 580 1667 613 1697; x_wconf 93' lang='lat' dir='ltr'>N</span> <span class='ocrx_word' id='word_1_273' title='bbox 617 1676 668 1696; x_wconf 82' lang='lat' dir='ltr'><strong>sm</strong></span> <span class='ocrx_word' id='word_1_274' title='bbox 683 1667 757 1707; x_wconf 90' lang='lat' dir='ltr'><strong>quis</strong></span> <span class='ocrx_word' id='word_1_275' title='bbox 774 1676 839 1698; x_wconf 91' lang='lat' dir='ltr'><strong>non</strong></span> <span class='ocrx_word' id='word_1_276' title='bbox 855 1666 1046 1698; x_wconf 74' lang='lat' dir='ltr'><strong>offendatur</strong></span> <span class='ocrx_word' id='word_1_277' title='bbox 1061 1677 1113 1702; x_wconf 89' lang='lat' dir='ltr'><strong>eo,</strong></span> <span class='ocrx_word' id='word_1_278' title='bbox 1138 1668 1225 1706; x_wconf 89' lang='lat' dir='ltr'><strong>quod</strong></span> <span class='ocrx_word' id='word_1_279' title='bbox 1243 1673 1317 1707; x_wconf 89' lang='lat' dir='ltr'><strong>post</strong></span> <span class='ocrx_word' id='word_1_280' title='bbox 1334 1673 1401 1698; x_wconf 78' lang='lat' dir='ltr'><strong>tam</strong></span> <span class='ocrx_word' id='word_1_281' title='bbox 1417 1666 1629 1707; x_wconf 86' lang='lat' dir='ltr'><strong>splendidum</strong></span> <span class='ocrx_word' id='word_1_282' title='bbox 1644 1674 1753 1696; x_wconf 86' lang='lat' dir='ltr'><strong>rernm</strong></span> <span class='ocrx_word' id='word_1_283' title='bbox 1769 1675 1790 1697; x_wconf 72' lang='lat' dir='ltr'><strong>a</strong></span> 
     </span>
     <span class='ocr_line' id='line_1_29' title="bbox 371 1706 1790 1748; baseline -0.001 -10"><span class='ocrx_word' id='word_1_284' title='bbox 371 1709 484 1739; x_wconf 82' lang='lat' dir='ltr'><strong>Druso</strong></span> <span class='ocrx_word' id='word_1_285' title='bbox 509 1713 677 1747; x_wconf 78' lang='lat' dir='ltr'><strong>gestarum</strong></span> <span class='ocrx_word' id='word_1_286' title='bbox 699 1708 855 1747; x_wconf 86' lang='lat' dir='ltr'><strong>elogium,</strong></span> <span class='ocrx_word' id='word_1_287' title='bbox 871 1708 918 1738; x_wconf 87' lang='lat' dir='ltr'><strong>sic</strong></span> <span class='ocrx_word' id='word_1_288' title='bbox 941 1708 1065 1748; x_wconf 80' lang='lat' dir='ltr'><strong>frigide</strong></span> <span class='ocrx_word' id='word_1_289' title='bbox 1080 1708 1214 1739; x_wconf 89' lang='lat' dir='ltr'><strong>unicum</strong></span> <span class='ocrx_word' id='word_1_290' title='bbox 1230 1709 1382 1748; x_wconf 85' lang='lat' dir='ltr'><strong>praelium</strong></span> <span class='ocrx_word' id='word_1_291' title='bbox 1397 1712 1610 1743; x_wconf 84' lang='lat' dir='ltr'><strong>memoretur,</strong></span> <span class='ocrx_word' id='word_1_292' title='bbox 1625 1716 1644 1737; x_wconf 82' lang='lat' dir='ltr'><strong>a</strong></span> <span class='ocrx_word' id='word_1_293' title='bbox 1656 1706 1790 1738; x_wconf 85' lang='lat' dir='ltr'><strong>Tiberio</strong></span> 
     </span>
     <span class='ocr_line' id='line_1_30' title="bbox 370 1747 1789 1790; baseline -0.001 -11"><span class='ocrx_word' id='word_1_294' title='bbox 370 1748 510 1788; x_wconf 81' lang='lat' dir='ltr'><strong>factum,</strong></span> <span class='ocrx_word' id='word_1_295' title='bbox 524 1749 581 1790; x_wconf 90' lang='lat' dir='ltr'><strong>qui</strong></span> <span class='ocrx_word' id='word_1_296' title='bbox 597 1753 708 1780; x_wconf 82' lang='lat' dir='ltr'><strong>tamen</strong></span> <span class='ocrx_word' id='word_1_297' title='bbox 724 1749 874 1789; x_wconf 84' lang='lat' dir='ltr'><strong>inprimis</strong></span> <span class='ocrx_word' id='word_1_298' title='bbox 899 1749 953 1780; x_wconf 88' lang='lat' dir='ltr'><strong>hic</strong></span> <span class='ocrx_word' id='word_1_299' title='bbox 978 1750 1161 1780; x_wconf 82' lang='lat' dir='ltr'><strong>laudandus</strong></span> <span class='ocrx_word' id='word_1_300' title='bbox 1181 1751 1291 1781; x_wconf 81' lang='lat' dir='ltr'><strong>esset?</strong></span> <span class='ocrx_word' id='word_1_301' title='bbox 1333 1750 1416 1781; x_wconf 89' lang='lat' dir='ltr'><strong>Cum</strong></span> <span class='ocrx_word' id='word_1_302' title='bbox 1442 1750 1475 1780; x_wconf 89' lang='lat' dir='ltr'><strong>in</strong></span> <span class='ocrx_word' id='word_1_303' title='bbox 1502 1749 1590 1780; x_wconf 90' lang='lat' dir='ltr'><strong>bello</strong></span> <span class='ocrx_word' id='word_1_304' title='bbox 1611 1747 1789 1779; x_wconf 83' lang='lat' dir='ltr'><strong>Vindelico</strong></span> 
     </span>
     <span class='ocr_line' id='line_1_31' title="bbox 370 1790 1789 1830; baseline 0 -10"><span class='ocrx_word' id='word_1_305' title='bbox 370 1791 520 1829; x_wconf 89' lang='lat' dir='ltr'><strong>pluribus</strong></span> <span class='ocrx_word' id='word_1_306' title='bbox 538 1790 661 1830; x_wconf 86' lang='lat' dir='ltr'><strong>praeliis</strong></span> <span class='ocrx_word' id='word_1_307' title='bbox 677 1791 830 1821; x_wconf 80' lang='lat' dir='ltr'><strong>Nerones</strong></span> <span class='ocrx_word' id='word_1_308' title='bbox 845 1800 1017 1830; x_wconf 84' lang='lat' dir='ltr'><strong>aggressos</strong></span> <span class='ocrx_word' id='word_1_309' title='bbox 1040 1800 1112 1822; x_wconf 86' lang='lat' dir='ltr'><strong>esse</strong></span> <span class='ocrx_word' id='word_1_310' title='bbox 1136 1795 1171 1822; x_wconf 88' lang='lat' dir='ltr'><strong>et</strong></span> <span class='ocrx_word' id='word_1_311' title='bbox 1192 1791 1310 1822; x_wconf 82' lang='lat' dir='ltr'><strong>vicisse</strong></span> <span class='ocrx_word' id='word_1_312' title='bbox 1324 1791 1484 1822; x_wconf 81' lang='lat' dir='ltr'><strong>barbaros</strong></span> <span class='ocrx_word' id='word_1_313' title='bbox 1499 1793 1652 1828; x_wconf 85' lang='lat' dir='ltr'><strong>constet;</strong></span> <span class='ocrx_word' id='word_1_314' title='bbox 1674 1797 1789 1820; x_wconf 84' lang='lat' dir='ltr'><strong>eorum</strong></span> 
     </span>
     <span class='ocr_line' id='line_1_32' title="bbox 371 1829 1789 1871; baseline 0 -11"><span class='ocrx_word' id='word_1_315' title='bbox 371 1831 562 1870; x_wconf 86' lang='lat' dir='ltr'><strong>praeliorum</strong></span> <span class='ocrx_word' id='word_1_316' title='bbox 577 1840 677 1861; x_wconf 91' lang='lat' dir='ltr'><strong>unum</strong></span> <span class='ocrx_word' id='word_1_317' title='bbox 694 1835 823 1862; x_wconf 88' lang='lat' dir='ltr'><strong>tautum</strong></span> <span class='ocrx_word' id='word_1_318' title='bbox 838 1833 985 1869; x_wconf 88' lang='lat' dir='ltr'><strong>Tiberio,</strong></span> <span class='ocrx_word' id='word_1_319' title='bbox 998 1836 1114 1862; x_wconf 86' lang='lat' dir='ltr'><strong>cetera</strong></span> <span class='ocrx_word' id='word_1_320' title='bbox 1128 1833 1238 1862; x_wconf 80' lang='lat' dir='ltr'><strong>omnia</strong></span> <span class='ocrx_word' id='word_1_321' title='bbox 1252 1833 1378 1871; x_wconf 84' lang='lat' dir='ltr'><strong>Druso,</strong></span> <span class='ocrx_word' id='word_1_322' title='bbox 1392 1832 1574 1870; x_wconf 76' lang='lat' dir='ltr'><strong>assignasse</strong></span> <span class='ocrx_word' id='word_1_323' title='bbox 1587 1831 1650 1862; x_wconf 84' lang='lat' dir='ltr'><strong>hoc</strong></span> <span class='ocrx_word' id='word_1_324' title='bbox 1671 1829 1731 1861; x_wconf 66' lang='lat' dir='ltr'><strong>tuli</strong></span> <span class='ocrx_word' id='word_1_325' title='bbox 1751 1829 1789 1861; x_wconf 88' lang='lat' dir='ltr'><strong>in</strong></span> 
     </span>
     <span class='ocr_line' id='line_1_33' title="bbox 371 1870 1789 1913; baseline -0.001 -10"><span class='ocrx_word' id='word_1_326' title='bbox 371 1873 527 1903; x_wconf 86' lang='lat' dir='ltr'><strong>Carmine</strong></span> <span class='ocrx_word' id='word_1_327' title='bbox 544 1876 698 1911; x_wconf 85' lang='lat' dir='ltr'><strong>putemus</strong></span> <span class='ocrx_word' id='word_1_328' title='bbox 714 1872 914 1903; x_wconf 79' lang='lat' dir='ltr'><strong>Horatium?</strong></span> <span class='ocrx_word' id='word_1_329' title='bbox 958 1872 1112 1912; x_wconf 88' lang='lat' dir='ltr'><strong>Denique</strong></span> <span class='ocrx_word' id='word_1_330' title='bbox 1127 1873 1226 1903; x_wconf 89' lang='lat' dir='ltr'><strong>unico</strong></span> <span class='ocrx_word' id='word_1_331' title='bbox 1249 1874 1298 1903; x_wconf 87' lang='lat' dir='ltr'><strong>illi</strong></span> <span class='ocrx_word' id='word_1_332' title='bbox 1325 1873 1439 1912; x_wconf 85' lang='lat' dir='ltr'><strong>praelio</strong></span> <span class='ocrx_word' id='word_1_333' title='bbox 1464 1872 1630 1913; x_wconf 86' lang='lat' dir='ltr'><strong>quomodo</strong></span> <span class='ocrx_word' id='word_1_334' title='bbox 1654 1870 1789 1902; x_wconf 68' lang='lat' dir='ltr'><strong>tundam</strong></span> 
     </span>
     <span class='ocr_line' id='line_1_34' title="bbox 370 1911 1788 1954; baseline -0.001 -10"><span class='ocrx_word' id='word_1_335' title='bbox 370 1914 547 1944; x_wconf 86' lang='lat' dir='ltr'><strong>conveniat</strong></span> <span class='ocrx_word' id='word_1_336' title='bbox 562 1921 689 1949; x_wconf 87' lang='lat' dir='ltr'><strong>eorum,</strong></span> <span class='ocrx_word' id='word_1_337' title='bbox 703 1922 778 1952; x_wconf 81' lang='lat' dir='ltr'><strong>quae</strong></span> <span class='ocrx_word' id='word_1_338' title='bbox 801 1914 913 1943; x_wconf 88' lang='lat' dir='ltr'><strong>statim</strong></span> <span class='ocrx_word' id='word_1_339' title='bbox 935 1921 1132 1953; x_wconf 85' lang='lat' dir='ltr'><strong>sequuntur,</strong></span> <span class='ocrx_word' id='word_1_340' title='bbox 1151 1913 1410 1953; x_wconf 80' lang='lat' dir='ltr'><strong>magnificentia,</strong></span> <span class='ocrx_word' id='word_1_341' title='bbox 1433 1914 1545 1954; x_wconf 86' lang='lat' dir='ltr'><strong>plures</strong></span> <span class='ocrx_word' id='word_1_342' title='bbox 1565 1922 1644 1944; x_wconf 76' lang='lat' dir='ltr'><strong>sane</strong></span> <span class='ocrx_word' id='word_1_343' title='bbox 1665 1911 1788 1943; x_wconf 78' lang='lat' dir='ltr'><strong>atrocis</strong></span> 
     </span>
     <span class='ocr_line' id='line_1_35' title="bbox 371 1953 1786 1994; baseline 0 -10"><span class='ocrx_word' id='word_1_344' title='bbox 371 1954 449 1985; x_wconf 91' lang='lat' dir='ltr'><strong>belli</strong></span> <span class='ocrx_word' id='word_1_345' title='bbox 466 1953 594 1984; x_wconf 87' lang='lat' dir='ltr'><strong>labores</strong></span> <span class='ocrx_word' id='word_1_346' title='bbox 610 1953 806 1984; x_wconf 81' lang='lat' dir='ltr'><strong>declarans?</strong></span> <span class='ocrx_word' id='word_1_347' title='bbox 849 1953 915 1984; x_wconf 88' lang='lat' dir='ltr'><strong>Sed</strong></span> <span class='ocrx_word' id='word_1_348' title='bbox 932 1954 1084 1984; x_wconf 88' lang='lat' dir='ltr'><strong>omnibus</strong></span> <span class='ocrx_word' id='word_1_349' title='bbox 1106 1954 1156 1984; x_wconf 81' lang='lat' dir='ltr'><strong>his</strong></span> <span class='ocrx_word' id='word_1_350' title='bbox 1180 1954 1274 1985; x_wconf 83' lang='lat' dir='ltr'><strong>malis</strong></span> <span class='ocrx_word' id='word_1_351' title='bbox 1295 1954 1461 1992; x_wconf 87' lang='lat' dir='ltr'><strong>medetur,</strong></span> <span class='ocrx_word' id='word_1_352' title='bbox 1483 1954 1639 1994; x_wconf 79' lang='lat' dir='ltr'><strong>arbitror,</strong></span> <span class='ocrx_word' id='word_1_353' title='bbox 1653 1953 1703 1984; x_wconf 82' lang='lat' dir='ltr'><strong>ita</strong></span> <span class='ocrx_word' id='word_1_354' title='bbox 1716 1962 1786 1984; x_wconf 88' lang='lat' dir='ltr'><strong>mu—</strong></span> 
     </span>
     <span class='ocr_line' id='line_1_36' title="bbox 371 1995 1790 2036; baseline -0.001 -10"><span class='ocrx_word' id='word_1_355' title='bbox 371 1999 442 2026; x_wconf 84' lang='lat' dir='ltr'><strong>tata</strong></span> <span class='ocrx_word' id='word_1_356' title='bbox 464 1995 705 2034; x_wconf 82' lang='lat' dir='ltr'><strong>interpunctio,</strong></span> <span class='ocrx_word' id='word_1_357' title='bbox 725 1999 762 2025; x_wconf 88' lang='lat' dir='ltr'><strong>ut</strong></span> <span class='ocrx_word' id='word_1_358' title='bbox 780 1996 850 2034; x_wconf 88' lang='lat' dir='ltr'><strong>plus</strong></span> <span class='ocrx_word' id='word_1_359' title='bbox 863 1995 929 2026; x_wconf 84' lang='lat' dir='ltr'><strong>vice</strong></span> <span class='ocrx_word' id='word_1_360' title='bbox 943 1995 1074 2034; x_wconf 80' lang='lat' dir='ltr'><strong>simplici</strong></span> <span class='ocrx_word' id='word_1_361' title='bbox 1089 1995 1131 2026; x_wconf 83' lang='lat' dir='ltr'><strong>ad</strong></span> <span class='ocrx_word' id='word_1_362' title='bbox 1147 1995 1321 2035; x_wconf 84' lang='lat' dir='ltr'><strong>sequentia</strong></span> <span class='ocrx_word' id='word_1_363' title='bbox 1337 1995 1518 2035; x_wconf 86' lang='lat' dir='ltr'><strong>pertineat,</strong></span> <span class='ocrx_word' id='word_1_364' title='bbox 1533 2005 1607 2036; x_wconf 72' lang='lat' dir='ltr'><strong>qum</strong></span> <span class='ocrx_word' id='word_1_365' title='bbox 1623 2003 1710 2025; x_wconf 89' lang='lat' dir='ltr'><strong>nunc</strong></span> <span class='ocrx_word' id='word_1_366' title='bbox 1731 2002 1790 2024; x_wconf 88' lang='lat' dir='ltr'><strong>ne-</strong></span> 
     </span>
     <span class='ocr_line' id='line_1_37' title="bbox 371 2035 1789 2076; baseline 0 -10"><span class='ocrx_word' id='word_1_367' title='bbox 371 2037 440 2067; x_wconf 84' lang='lat' dir='ltr'><strong>scio</strong></span> <span class='ocrx_word' id='word_1_368' title='bbox 455 2035 619 2076; x_wconf 89' lang='lat' dir='ltr'><strong>quomodo</strong></span> <span class='ocrx_word' id='word_1_369' title='bbox 635 2036 747 2075; x_wconf 83' lang='lat' dir='ltr'><strong>vigere</strong></span> <span class='ocrx_word' id='word_1_370' title='bbox 763 2045 802 2066; x_wconf 86' lang='lat' dir='ltr'><strong>ac</strong></span> <span class='ocrx_word' id='word_1_371' title='bbox 819 2036 952 2066; x_wconf 85' lang='lat' dir='ltr'><strong>animari</strong></span> <span class='ocrx_word' id='word_1_372' title='bbox 971 2036 1137 2075; x_wconf 86' lang='lat' dir='ltr'><strong>videntur,</strong></span> <span class='ocrx_word' id='word_1_373' title='bbox 1153 2035 1230 2066; x_wconf 90' lang='lat' dir='ltr'><strong>dum</strong></span> <span class='ocrx_word' id='word_1_374' title='bbox 1250 2041 1286 2067; x_wconf 91' lang='lat' dir='ltr'><strong>et</strong></span> <span class='ocrx_word' id='word_1_375' title='bbox 1305 2037 1481 2069; x_wconf 83' lang='lat' dir='ltr'><strong>sententiae</strong></span> <span class='ocrx_word' id='word_1_376' title='bbox 1502 2037 1552 2066; x_wconf 86' lang='lat' dir='ltr'><strong>vis</strong></span> <span class='ocrx_word' id='word_1_377' title='bbox 1575 2041 1731 2076; x_wconf 78' lang='lat' dir='ltr'><strong>augetur,</strong></span> <span class='ocrx_word' id='word_1_378' title='bbox 1751 2038 1789 2066; x_wconf 87' lang='lat' dir='ltr'><strong>et</strong></span> 
     </span>
     <span class='ocr_line' id='line_1_38' title="bbox 370 2076 1789 2117; baseline -0.001 -9"><span class='ocrx_word' id='word_1_379' title='bbox 370 2078 569 2117; x_wconf 84' lang='lat' dir='ltr'><strong>exquisitior</strong></span> <span class='ocrx_word' id='word_1_380' title='bbox 592 2078 805 2117; x_wconf 89' lang='lat' dir='ltr'><strong>ornatiorque</strong></span> <span class='ocrx_word' id='word_1_381' title='bbox 828 2077 987 2108; x_wconf 86' lang='lat' dir='ltr'><strong>orationis</strong></span> <span class='ocrx_word' id='word_1_382' title='bbox 1012 2078 1114 2108; x_wconf 89' lang='lat' dir='ltr'><strong>decor</strong></span> <span class='ocrx_word' id='word_1_383' title='bbox 1135 2078 1267 2108; x_wconf 84' lang='lat' dir='ltr'><strong>existit:</strong></span> <span class='ocrx_word' id='word_1_384' title='bbox 1292 2077 1567 2117; x_wconf 76' lang='lat' dir='ltr'><strong>quemadmodum</strong></span> <span class='ocrx_word' id='word_1_385' title='bbox 1584 2076 1789 2117; x_wconf 82' lang='lat' dir='ltr'><strong>praecedenti</strong></span> 
     </span>
     <span class='ocr_line' id='line_1_39' title="bbox 372 2117 1788 2151; baseline -0.001 -2"><span class='ocrx_word' id='word_1_386' title='bbox 372 2119 547 2149; x_wconf 69' lang='lat' dir='ltr'><strong>sententiae</strong></span> <span class='ocrx_word' id='word_1_387' title='bbox 564 2119 739 2149; x_wconf 86' lang='lat' dir='ltr'><strong>molestum</strong></span> <span class='ocrx_word' id='word_1_388' title='bbox 756 2118 803 2149; x_wconf 85' lang='lat' dir='ltr'><strong>sic</strong></span> <span class='ocrx_word' id='word_1_389' title='bbox 820 2119 1085 2150; x_wconf 84' lang='lat' dir='ltr'><strong>additamentum</strong></span> <span class='ocrx_word' id='word_1_390' title='bbox 1101 2118 1453 2150; x_wconf 80' lang='lat' dir='ltr'><strong>demitur.’Jam·.—15</strong></span> <span class='ocrx_word' id='word_1_391' title='bbox 1467 2119 1607 2150; x_wconf 73' lang='lat' dir='ltr'><strong>Variant</strong></span> <span class='ocrx_word' id='word_1_392' title='bbox 1620 2118 1672 2151; x_wconf 81' lang='lat' dir='ltr'><strong>bic</strong></span> <span class='ocrx_word' id='word_1_393' title='bbox 1686 2117 1788 2149; x_wconf 77' lang='lat' dir='ltr'><strong>etiam</strong></span> 
     </span>
     <span class='ocr_line' id='line_1_40' title="bbox 370 2158 1787 2200; baseline 0 -10"><span class='ocrx_word' id='word_1_394' title='bbox 370 2160 497 2191; x_wconf 86' lang='lat' dir='ltr'><strong>libriin</strong></span> <span class='ocrx_word' id='word_1_395' title='bbox 513 2160 692 2191; x_wconf 68' lang='lat' dir='ltr'><strong>Rtuaetonam</strong></span> <span class='ocrx_word' id='word_1_396' title='bbox 706 2160 882 2200; x_wconf 86' lang='lat' dir='ltr'><strong>scriptura.</strong></span> <span class='ocrx_word' id='word_1_397' title='bbox 926 2159 1006 2191; x_wconf 87' lang='lat' dir='ltr'><strong>Vid.</strong></span> <span class='ocrx_word' id='word_1_398' title='bbox 1030 2159 1109 2192; x_wconf 87' lang='lat' dir='ltr'><strong>Var.</strong></span> <span class='ocrx_word' id='word_1_399' title='bbox 1134 2161 1247 2191; x_wconf 87' lang='lat' dir='ltr'><strong>Lectt.</strong></span> <span class='ocrx_word' id='word_1_400' title='bbox 1268 2160 1310 2190; x_wconf 83' lang='lat' dir='ltr'><strong>ad</strong></span> <span class='ocrx_word' id='word_1_401' title='bbox 1333 2169 1381 2192; x_wconf 87' lang='lat' dir='ltr'><strong>rv.</strong></span> <span class='ocrx_word' id='word_1_402' title='bbox 1405 2159 1473 2191; x_wconf 90' lang='lat' dir='ltr'><strong>Od.</strong></span> <span class='ocrx_word' id='word_1_403' title='bbox 1491 2163 1524 2192; x_wconf 82' lang='lat'><strong>4.</strong></span> <span class='ocrx_word' id='word_1_404' title='bbox 1549 2161 1687 2191; x_wconf 76' lang='lat'>1⁷.—16</span> <span class='ocrx_word' id='word_1_405' title='bbox 1706 2158 1787 2190; x_wconf 83' lang='lat' dir='ltr'><strong>Pul-</strong></span> 
     </span>
    </p>
   </div>
   <div class='ocr_carea' id='block_1_9' title="bbox 1014 2242 1154 2274">
    <p class='ocr_par' dir='ltr' id='par_1_9' title="bbox 1014 2242 1154 2274">
     <span class='ocr_line' id='line_1_41' title="bbox 1014 2242 1154 2274; baseline 0 0"><span class='ocrx_word' id='word_1_406' title='bbox 1014 2242 1154 2274; x_wconf 84' lang='lat' dir='ltr'><strong>NOTAE</strong></span> 
     </span>
    </p>
   </div>
   <div class='ocr_carea' id='block_1_10' title="bbox 347 2315 1052 2793">
    <p class='ocr_par' dir='ltr' id='par_1_10' title="bbox 347 2315 1052 2793">
     <span class='ocr_line' id='line_1_42' title="bbox 369 2315 1051 2356; baseline -0.001 -9"><span class='ocrx_word' id='word_1_407' title='bbox 369 2318 482 2355; x_wconf 78' lang='lat' dir='ltr'><strong>atque,</strong></span> <span class='ocrx_word' id='word_1_408' title='bbox 494 2318 531 2346; x_wconf 90' lang='lat' dir='ltr'><strong>ut</strong></span> <span class='ocrx_word' id='word_1_409' title='bbox 547 2315 594 2346; x_wconf 79' lang='lat' dir='ltr'><strong>ait</strong></span> <span class='ocrx_word' id='word_1_410' title='bbox 608 2315 734 2351; x_wconf 86' lang='lat' dir='ltr'><strong>Florus,</strong></span> <span class='ocrx_word' id='word_1_411' title='bbox 749 2315 758 2332; x_wconf 90' lang='lat'>‘</span> <span class='ocrx_word' id='word_1_412' title='bbox 776 2325 839 2356; x_wconf 88' lang='lat' dir='ltr'><strong>quo</strong></span> <span class='ocrx_word' id='word_1_413' title='bbox 851 2315 973 2346; x_wconf 90' lang='lat' dir='ltr'><strong>bellum</strong></span> <span class='ocrx_word' id='word_1_414' title='bbox 987 2325 1051 2346; x_wconf 89' lang='lat' dir='ltr'><strong>non</strong></span> 
     </span>
     <span class='ocr_line' id='line_1_43' title="bbox 370 2363 1052 2404; baseline 0 -10"><span class='ocrx_word' id='word_1_415' title='bbox 370 2373 469 2404; x_wconf 86' lang='lat' dir='ltr'><strong>posse</strong></span> <span class='ocrx_word' id='word_1_416' title='bbox 497 2363 677 2394; x_wconf 78' lang='lat' dir='ltr'><strong>ascendere</strong></span> <span class='ocrx_word' id='word_1_417' title='bbox 711 2363 910 2395; x_wconf 65' lang='lat' dir='ltr'><strong>videbatur!</strong></span> <span class='ocrx_word' id='word_1_418' title='bbox 954 2363 1052 2394; x_wconf 88' lang='lat' dir='ltr'><strong>Adde</strong></span> 
     </span>
     <span class='ocr_line' id='line_1_44' title="bbox 368 2410 1051 2453; baseline -0.003 -9"><span class='ocrx_word' id='word_1_419' title='bbox 368 2414 379 2430; x_wconf 78' lang='lat'><strong>⁴</strong></span> <span class='ocrx_word' id='word_1_420' title='bbox 396 2417 514 2453; x_wconf 87' lang='lat' dir='ltr'><strong>gentes</strong></span> <span class='ocrx_word' id='word_1_421' title='bbox 528 2421 664 2443; x_wconf 89' lang='lat' dir='ltr'><strong>numero</strong></span> <span class='ocrx_word' id='word_1_422' title='bbox 690 2410 898 2452; x_wconf 85' lang='lat' dir='ltr'><strong>frequentes,</strong></span> <span class='ocrx_word' id='word_1_423' title='bbox 913 2411 1051 2442; x_wconf 83' lang='lat' dir='ltr'><strong>feritate</strong></span> 
     </span>
     <span class='ocr_line' id='line_1_45' title="bbox 370 2460 1050 2502; baseline -0.001 -10"><span class='ocrx_word' id='word_1_424' title='bbox 370 2461 506 2500; x_wconf 86' lang='lat' dir='ltr'><strong>truces‚&#39;</strong></span> <span class='ocrx_word' id='word_1_425' title='bbox 520 2462 582 2492; x_wconf 88' lang='lat' dir='ltr'><strong>&amp;c.</strong></span> <span class='ocrx_word' id='word_1_426' title='bbox 596 2460 684 2502; x_wconf 89' lang='lat' dir='ltr'><strong>quod</strong></span> <span class='ocrx_word' id='word_1_427' title='bbox 699 2461 799 2491; x_wconf 79' lang='lat' dir='ltr'><strong>habet</strong></span> <span class='ocrx_word' id='word_1_428' title='bbox 812 2461 900 2492; x_wconf 89' lang='lat' dir='ltr'><strong>Vell.</strong></span> <span class='ocrx_word' id='word_1_429' title='bbox 917 2461 1050 2491; x_wconf 82' lang='lat' dir='ltr'><strong>Patere.</strong></span> 
     </span>
     <span class='ocr_line' id='line_1_46' title="bbox 415 2509 1050 2549; baseline -0.005 -7"><span class='ocrx_word' id='word_1_430' title='bbox 415 2514 452 2542; x_wconf 81' lang='lat'><strong>13</strong></span> <span class='ocrx_word' id='word_1_431' title='bbox 477 2511 554 2541; x_wconf 79' lang='lat' dir='ltr'><strong>Plus</strong></span> <span class='ocrx_word' id='word_1_432' title='bbox 567 2510 631 2541; x_wconf 84' lang='lat' dir='ltr'><strong>vice</strong></span> <span class='ocrx_word' id='word_1_433' title='bbox 649 2509 795 2549; x_wconf 80' lang='lat' dir='ltr'><strong>simplici]</strong></span> <span class='ocrx_word' id='word_1_434' title='bbox 830 2509 989 2540; x_wconf 87' lang='lat' dir='ltr'><strong>Nonnulli</strong></span> <span class='ocrx_word' id='word_1_435' title='bbox 1002 2509 1050 2540; x_wconf 86' lang='lat' dir='ltr'><strong>sic</strong></span> 
     </span>
     <span class='ocr_line' id='line_1_47' title="bbox 370 2557 1050 2598; baseline -0.001 -9"><span class='ocrx_word' id='word_1_436' title='bbox 370 2559 655 2598; x_wconf 83' lang='lat' dir='ltr'><strong>interpretantur:</strong></span> <span class='ocrx_word' id='word_1_437' title='bbox 675 2567 738 2588; x_wconf 89' lang='lat' dir='ltr'><strong>non</strong></span> <span class='ocrx_word' id='word_1_438' title='bbox 750 2557 948 2597; x_wconf 85' lang='lat' dir='ltr'><strong>simpliciter</strong></span> <span class='ocrx_word' id='word_1_439' title='bbox 960 2558 1050 2589; x_wconf 86' lang='lat' dir='ltr'><strong>vices</strong></span> 
     </span>
     <span class='ocr_line' id='line_1_48' title="bbox 347 2605 1051 2650; baseline -0.001 -13"><span class='ocrx_word' id='word_1_440' title='bbox 347 2646 350 2650; x_wconf 21' lang='lat' dir='ltr'>y</span> <span class='ocrx_word' id='word_1_441' title='bbox 372 2607 515 2638; x_wconf 85' lang='lat' dir='ltr'><strong>reddens</strong></span> <span class='ocrx_word' id='word_1_442' title='bbox 529 2606 689 2642; x_wconf 82' lang='lat' dir='ltr'><strong>hostibus,</strong></span> <span class='ocrx_word' id='word_1_443' title='bbox 703 2606 762 2637; x_wconf 86' lang='lat' dir='ltr'><strong>sed</strong></span> <span class='ocrx_word' id='word_1_444' title='bbox 778 2606 883 2637; x_wconf 87' lang='lat' dir='ltr'><strong>multo</strong></span> <span class='ocrx_word' id='word_1_445' title='bbox 905 2605 1051 2646; x_wconf 82' lang='lat' dir='ltr'><strong>acceptis</strong></span> 
     </span>
     <span class='ocr_line' id='line_1_49' title="bbox 372 2655 1010 2694; baseline -0.002 -9"><span class='ocrx_word' id='word_1_446' title='bbox 372 2656 497 2694; x_wconf 78' lang='lat' dir='ltr'><strong>majora</strong></span> <span class='ocrx_word' id='word_1_447' title='bbox 507 2655 546 2685; x_wconf 89' lang='lat' dir='ltr'><strong>iis</strong></span> <span class='ocrx_word' id='word_1_448' title='bbox 563 2656 651 2685; x_wconf 78' lang='lat' dir='ltr'><strong>mala</strong></span> <span class='ocrx_word' id='word_1_449' title='bbox 667 2659 701 2686; x_wconf 87' lang='lat' dir='ltr'><strong>et</strong></span> <span class='ocrx_word' id='word_1_450' title='bbox 711 2655 831 2685; x_wconf 80' lang='lat' dir='ltr'><strong>damna</strong></span> <span class='ocrx_word' id='word_1_451' title='bbox 842 2655 1010 2686; x_wconf 85' lang='lat' dir='ltr'><strong>invehens.</strong></span> 
     </span>
     <span class='ocr_line' id='line_1_50' title="bbox 414 2701 1051 2743; baseline 0.002 -10"><span class='ocrx_word' id='word_1_452' title='bbox 414 2705 454 2733; x_wconf 75' lang='lat'><strong>14</strong></span> <span class='ocrx_word' id='word_1_453' title='bbox 477 2703 580 2741; x_wconf 70' lang='lat' dir='ltr'><strong>Mqior</strong></span> <span class='ocrx_word' id='word_1_454' title='bbox 608 2704 778 2743; x_wconf 84' lang='lat' dir='ltr'><strong>Neronum]</strong></span> <span class='ocrx_word' id='word_1_455' title='bbox 810 2703 967 2734; x_wconf 79' lang='lat' dir='ltr'><strong>Claudius</strong></span> <span class='ocrx_word' id='word_1_456' title='bbox 997 2701 1051 2733; x_wconf 84' lang='lat' dir='ltr'><strong>Ti-</strong></span> 
     </span>
     <span class='ocr_line' id='line_1_51' title="bbox 372 2750 1051 2793; baseline 0 -11"><span class='ocrx_word' id='word_1_457' title='bbox 372 2750 444 2783; x_wconf 82' lang='lat' dir='ltr'><strong>ber.</strong></span> <span class='ocrx_word' id='word_1_458' title='bbox 461 2751 565 2791; x_wconf 83' lang='lat' dir='ltr'><strong>Nero,</strong></span> <span class='ocrx_word' id='word_1_459' title='bbox 579 2750 620 2782; x_wconf 88' lang='lat' dir='ltr'><strong>de</strong></span> <span class='ocrx_word' id='word_1_460' title='bbox 634 2761 698 2792; x_wconf 87' lang='lat' dir='ltr'><strong>quo</strong></span> <span class='ocrx_word' id='word_1_461' title='bbox 714 2761 825 2793; x_wconf 78' lang='lat' dir='ltr'><strong>supra,</strong></span> <span class='ocrx_word' id='word_1_462' title='bbox 844 2751 910 2783; x_wconf 88' lang='lat' dir='ltr'><strong>Od.</strong></span> <span class='ocrx_word' id='word_1_463' title='bbox 925 2759 974 2783; x_wconf 76' lang='grc' dir='ltr'><strong>ιν.</strong></span> <span class='ocrx_word' id='word_1_464' title='bbox 1016 2750 1051 2782; x_wconf 87' lang='lat' dir='ltr'><strong>Is</strong></span> 
     </span>
    </p>
   </div>
   <div class='ocr_carea' id='block_1_11' title="bbox 1102 2311 1786 2792">
    <p class='ocr_par' dir='ltr' id='par_1_11' title="bbox 1104 2311 1786 2452">
     <span class='ocr_line' id='line_1_52' title="bbox 1106 2311 1785 2354; baseline -0.003 -9"><span class='ocrx_word' id='word_1_465' title='bbox 1106 2315 1216 2346; x_wconf 90' lang='lat' dir='ltr'><strong>Druso</strong></span> <span class='ocrx_word' id='word_1_466' title='bbox 1231 2314 1329 2346; x_wconf 81' lang='lat' dir='ltr'><strong>fratri</strong></span> <span class='ocrx_word' id='word_1_467' title='bbox 1342 2314 1440 2346; x_wconf 84' lang='lat' dir='ltr'><strong>datus</strong></span> <span class='ocrx_word' id='word_1_468' title='bbox 1454 2314 1586 2354; x_wconf 85' lang='lat' dir='ltr'><strong>adjutor</strong></span> <span class='ocrx_word' id='word_1_469' title='bbox 1602 2322 1641 2343; x_wconf 82' lang='lat' dir='ltr'><strong>ac</strong></span> <span class='ocrx_word' id='word_1_470' title='bbox 1659 2311 1693 2343; x_wconf 89' lang='lat' dir='ltr'><strong>in</strong></span> <span class='ocrx_word' id='word_1_471' title='bbox 1708 2311 1785 2344; x_wconf 87' lang='lat' dir='ltr'><strong>sub-</strong></span> 
     </span>
     <span class='ocr_line' id='line_1_53' title="bbox 1104 2359 1786 2404; baseline -0.004 -9"><span class='ocrx_word' id='word_1_472' title='bbox 1104 2363 1221 2395; x_wconf 85' lang='lat' dir='ltr'><strong>sidium</strong></span> <span class='ocrx_word' id='word_1_473' title='bbox 1237 2364 1351 2395; x_wconf 87' lang='lat' dir='ltr'><strong>missus</strong></span> <span class='ocrx_word' id='word_1_474' title='bbox 1367 2363 1525 2404; x_wconf 82' lang='lat' dir='ltr'><strong>praeclare</strong></span> <span class='ocrx_word' id='word_1_475' title='bbox 1539 2361 1662 2392; x_wconf 87' lang='lat' dir='ltr'><strong>bellum</strong></span> <span class='ocrx_word' id='word_1_476' title='bbox 1673 2359 1786 2393; x_wconf 83' lang='lat' dir='ltr'><strong>confe-</strong></span> 
     </span>
     <span class='ocr_line' id='line_1_54' title="bbox 1105 2411 1710 2452; baseline -0.003 -9"><span class='ocrx_word' id='word_1_477' title='bbox 1105 2413 1164 2452; x_wconf 85' lang='lat' dir='ltr'><strong>cit,</strong></span> <span class='ocrx_word' id='word_1_478' title='bbox 1175 2417 1213 2443; x_wconf 89' lang='lat' dir='ltr'><strong>ut</strong></span> <span class='ocrx_word' id='word_1_479' title='bbox 1225 2412 1296 2443; x_wconf 87' lang='lat' dir='ltr'><strong>fuse</strong></span> <span class='ocrx_word' id='word_1_480' title='bbox 1310 2415 1423 2444; x_wconf 76' lang='lat' dir='ltr'><strong>narrat</strong></span> <span class='ocrx_word' id='word_1_481' title='bbox 1433 2411 1520 2442; x_wconf 87' lang='lat' dir='ltr'><strong>Vell.</strong></span> <span class='ocrx_word' id='word_1_482' title='bbox 1537 2411 1710 2442; x_wconf 80' lang='lat' dir='ltr'><strong>Patercnl.</strong></span> 
     </span>
    </p>

    <p class='ocr_par' dir='ltr' id='par_1_12' title="bbox 1146 2459 1564 2500">
     <span class='ocr_line' id='line_1_55' title="bbox 1146 2459 1564 2500; baseline -0.002 -10"><span class='ocrx_word' id='word_1_483' title='bbox 1146 2460 1288 2500; x_wconf 82' lang='lat' dir='ltr'><strong>Rhoetos]</strong></span> <span class='ocrx_word' id='word_1_484' title='bbox 1310 2460 1419 2500; x_wconf 82' lang='lat' dir='ltr'><strong>Supra</strong></span> <span class='ocrx_word' id='word_1_485' title='bbox 1435 2459 1502 2490; x_wconf 89' lang='lat' dir='ltr'><strong>Od.</strong></span> <span class='ocrx_word' id='word_1_486' title='bbox 1515 2467 1564 2490; x_wconf 82' lang='grc' dir='ltr'><strong>ιν.</strong></span> 
     </span>
    </p>

    <p class='ocr_par' dir='ltr' id='par_1_13' title="bbox 1104 2506 1783 2598">
     <span class='ocr_line' id='line_1_56' title="bbox 1146 2506 1783 2548; baseline 0 -9"><span class='ocrx_word' id='word_1_487' title='bbox 1146 2511 1186 2539; x_wconf 88' lang='grc'><strong>16</strong></span> <span class='ocrx_word' id='word_1_488' title='bbox 1206 2508 1364 2548; x_wconf 80' lang='lat' dir='ltr'><strong>Auspiciis</strong></span> <span class='ocrx_word' id='word_1_489' title='bbox 1385 2508 1501 2548; x_wconf 75' lang='lat' dir='ltr'><strong>pepulit</strong></span> <span class='ocrx_word' id='word_1_490' title='bbox 1523 2506 1678 2547; x_wconf 77' lang='lat' dir='ltr'><strong>secundis]</strong></span> <span class='ocrx_word' id='word_1_491' title='bbox 1713 2506 1783 2539; x_wconf 85' lang='lat' dir='ltr'><strong>Au-</strong></span> 
     </span>
     <span class='ocr_line' id='line_1_57' title="bbox 1104 2555 1505 2598; baseline -0.005 -10"><span class='ocrx_word' id='word_1_492' title='bbox 1104 2556 1216 2598; x_wconf 84' lang='lat' dir='ltr'><strong>spiciis</strong></span> <span class='ocrx_word' id='word_1_493' title='bbox 1231 2556 1373 2597; x_wconf 82' lang='lat' dir='ltr'><strong>Augusti</strong></span> <span class='ocrx_word' id='word_1_494' title='bbox 1388 2555 1505 2587; x_wconf 85' lang='lat' dir='ltr'><strong>fretus.</strong></span> 
     </span>
    </p>

    <p class='ocr_par' dir='ltr' id='par_1_14' title="bbox 1102 2603 1784 2792">
     <span class='ocr_line' id='line_1_58' title="bbox 1146 2603 1784 2646; baseline 0 -10"><span class='ocrx_word' id='word_1_495' title='bbox 1146 2605 1286 2646; x_wconf 80' lang='lat' dir='ltr'><strong>Pepulit]</strong></span> <span class='ocrx_word' id='word_1_496' title='bbox 1311 2605 1415 2636; x_wconf 86' lang='lat' dir='ltr'><strong>Recte</strong></span> <span class='ocrx_word' id='word_1_497' title='bbox 1438 2609 1474 2635; x_wconf 86' lang='lat' dir='ltr'><strong>et</strong></span> <span class='ocrx_word' id='word_1_498' title='bbox 1486 2613 1528 2635; x_wconf 88' lang='lat' dir='ltr'><strong>ex</strong></span> <span class='ocrx_word' id='word_1_499' title='bbox 1545 2603 1611 2634; x_wconf 87' lang='lat' dir='ltr'><strong>fide</strong></span> <span class='ocrx_word' id='word_1_500' title='bbox 1627 2603 1784 2636; x_wconf 63' lang='lat' dir='ltr'><strong>historin.</strong></span> 
     </span>
     <span class='ocr_line' id='line_1_59' title="bbox 1105 2651 1784 2694; baseline -0.004 -9"><span class='ocrx_word' id='word_1_501' title='bbox 1105 2654 1194 2686; x_wconf 84' lang='lat' dir='ltr'><strong>Nam</strong></span> <span class='ocrx_word' id='word_1_502' title='bbox 1203 2663 1285 2694; x_wconf 89' lang='lat' dir='ltr'><strong>quos</strong></span> <span class='ocrx_word' id='word_1_503' title='bbox 1295 2653 1502 2694; x_wconf 88' lang='lat' dir='ltr'><strong>perdomitos</strong></span> <span class='ocrx_word' id='word_1_504' title='bbox 1512 2651 1696 2683; x_wconf 83' lang='lat' dir='ltr'><strong>adulatorie</strong></span> <span class='ocrx_word' id='word_1_505' title='bbox 1705 2651 1784 2683; x_wconf 89' lang='lat' dir='ltr'><strong>Vel-</strong></span> 
     </span>
     <span class='ocr_line' id='line_1_60' title="bbox 1102 2700 1784 2742; baseline -0.003 -8"><span class='ocrx_word' id='word_1_506' title='bbox 1102 2703 1187 2734; x_wconf 85' lang='lat' dir='ltr'><strong>leius</strong></span> <span class='ocrx_word' id='word_1_507' title='bbox 1199 2703 1324 2742; x_wconf 83' lang='lat' dir='ltr'><strong>scribit,</strong></span> <span class='ocrx_word' id='word_1_508' title='bbox 1339 2703 1448 2734; x_wconf 90' lang='lat' dir='ltr'><strong>verius</strong></span> <span class='ocrx_word' id='word_1_509' title='bbox 1463 2701 1627 2733; x_wconf 68' lang='lat' dir='ltr'><strong>coercitos</strong></span> <span class='ocrx_word' id='word_1_510' title='bbox 1642 2700 1784 2732; x_wconf 80' lang='lat' dir='ltr'><strong>duntax-</strong></span> 
     </span>
     <span class='ocr_line' id='line_1_61' title="bbox 1103 2749 1783 2792; baseline -0.001 -9"><span class='ocrx_word' id='word_1_511' title='bbox 1103 2755 1139 2783; x_wconf 79' lang='lat' dir='ltr'><strong>at</strong></span> <span class='ocrx_word' id='word_1_512' title='bbox 1149 2750 1399 2792; x_wconf 79' lang='lat' dir='ltr'><strong>ait&#39;Suetonius‚</strong></span> <span class='ocrx_word' id='word_1_513' title='bbox 1411 2751 1533 2784; x_wconf 83' lang='lat' dir='ltr'><strong>Octav.</strong></span> <span class='ocrx_word' id='word_1_514' title='bbox 1545 2759 1620 2792; x_wconf 80' lang='lat' dir='ltr'><strong>cap.</strong></span> <span class='ocrx_word' id='word_1_515' title='bbox 1629 2752 1682 2783; x_wconf 78' lang='lat'><strong>21.</strong></span> <span class='ocrx_word' id='word_1_516' title='bbox 1697 2749 1783 2782; x_wconf 81' lang='lat' dir='ltr'><strong>Vide</strong></span> 
     </span>
    </p>
   </div>
  </div>
 </body>
</html>
