1904 3256
355 274 439 316 656
818 289 860 325 Q.
891 284 1093 318 HoRAru
1130 284 1300 315 FLAooi

578 378 758 419 Sacrum
776 383 820 418 et
839 378 1022 419 vetustis
1042 381 1234 419 exstruat
1251 378 1380 430 lignis
1401 377 1543 418 focum

632 444 759 484 Lassi
779 443 860 483 sub
881 434 1106 483 adventum
1127 443 1206 484 viri
1223 456 1233 493 ;

577 508 880 560 claudensque
900 508 1032 548 textis
1049 508 1238 549 cratibus
1257 509 1404 550 laetum
1423 522 1572 562 pecus,

634 574 840 614 Distenta
860 574 995 614 siccet
1012 573 1146 614 ubera
1163 587 1174 624 ;
1596 565 1603 572 ’

576 639 632 679 Et
649 639 782 680 horna
801 639 917 680 dulci
937 639 1037 680 vina
1055 652 1256 692 promens
1276 640 1409 689 dolio,

633 705 785 758 Dapes
807 705 992 745 inemtas
1013 709 1221 758 apparet;

573 769 675 810 Non
694 783 761 810 me
782 771 968 811 Lucrina
982 771 1168 823 juverint
1188 771 1428 824 conchylia,

633 834 832 887 Magisve
852 835 1073 884 rhombus,
1099 841 1173 878 aut
1192 836 1321 886 scari,

1707 510 1764 549 45

1710 837 1766 877 50

355 948 450 988 Apuli
463 949 585 988 velocis,
599 950 707 980 admota
721 949 800 980 Solis
813 949 937 990 ardore)
958 959 975 980 e
991 949 1085 988 lignis
1098 949 1197 980 aridis
1210 954 1365 990 componat
1378 954 1529 981 sacratum
1541 949 1658 990 focum,
1678 949 1767 988 paulo

356 993 428 1020 ante
441 991 573 1021 reditum
585 992 691 1021 mariti
705 990 863 1029 fatigati3
884 994 915 1021 et
929 991 1024 1022 cautis
1044 991 1199 1022 includens
1217 1002 1343 1031 gregem
1359 996 1508 1032 saturum,
1523 992 1657 1030 mulgeat
1678 989 1767 1029 plena

353 1031 468 1068 uberim
488 1036 578 1071 atque
592 1033 694 1062 vinum
707 1033 796 1070 hujus
809 1033 883 1062 anni
897 1034 1024 1063 educens
1037 1042 1077 1063 ex
1091 1033 1236 1072 amphora
1253 1043 1313 1063 mm
1326 1034 1459 1071 insuavi,
1478 1036 1566 1072 paret
1580 1041 1694 1063 coencrm
1707 1040 1767 1061 mm

355 1072 478 1104 aliunde
491 1074 669 1113 quoesitam:
690 1074 766 1113 haec,
792 1073 927 1112 inquam,
952 1073 981 1104 si
1005 1073 1118 1112 adsint,
1141 1083 1202 1104 non
1219 1075 1408 1114 praetulerim
1429 1077 1528 1106 ostrea
1550 1074 1698 1113 lacrima,
1720 1073 1767 1103 wel

944 1165 963 1176 Ο
967 1163 1038 1176 0000
1041 1164 1176 1178 ‘eoem

354 1226 457 1267 Cruq.
483 1235 597 1258 omnes
621 1237 675 1267 ap.
697 1229 852 1261 Torrent.
879 1234 915 1260 et
940 1228 1091 1260 Lambin.
1118 1233 1152 1260 et
1178 1228 1256 1260 edd.
1281 1231 1366 1259 vett.
1392 1228 1470 1259 item
1494 1227 1596 1268 Cruq.
1617 1228 1771 1259 Torrent.

354 1267 475 1299 Heius.
491 1269 607 1308 Steph.
623 1269 733 1301 Bond.
752 1271 873 1310 Delph.
888 1271 1001 1302 Bentl.
1014 1270 1136 1302 Sanad.
1153 1271 1295 1310 Cuning.
1309 1270 1456 1305 Towers,
1471 1269 1620 1308 Francis,
1633 1269 1768 1309 Bipont.

354 1309 493 1341 Wetzel.
512 1309 644 1341 Wakef.
659 1312 775 1342 Comb.
790 1318 824 1342 et
839 1311 943 1343 Kidd.
980 1316 990 1330 ‘
1004 1312 1062 1342 Nil
1078 1322 1160 1351 opus
1174 1312 1241 1351 legi
1256 1313 1286 1342 in
1302 1312 1363 1342 hoc
1378 1312 1486 1342 Versu
1501 1311 1632 1342 Sacrum
1646 1314 1699 1347 εἰς
1715 1319 1770 1340 ne-

354 1359 420 1390 que
435 1351 587 1390 superius
603 1352 738 1389 juverim
761 1362 835 1384 cum
861 1354 902 1383 ab
924 1353 986 1384 hoc
1010 1354 1152 1392 incipiat
1175 1353 1336 1392 expolitio
1363 1353 1436 1392 ejus
1454 1352 1544 1392 quod
1569 1351 1771 1392 generaliter

352 1392 594 1431 proposuerat!
614 1393 712 1424 Baxt.
755 1395 765 1411 ⁴
779 1393 828 1424 At
842 1403 916 1424 cum
931 1394 1060 1433 singula
1074 1394 1222 1424 membra
1239 1399 1410 1433 protaseos
1425 1394 1544 1432 copula
1568 1398 1769 1424 conuectan-

354 1437 422 1470 tur,
446 1433 558 1472 recepi
574 1437 604 1463 et
619 1443 660 1463 ex
676 1434 728 1464 ed.
745 1435 867 1465 Venet.
899 1435 1078 1466 Lambinus
1094 1441 1206 1466 utitem
1221 1434 1327 1465 edidit
1342 1433 1550 1474 Sat-rumque.⁹
1571 1434 1678 1465 Zeun.
1711 1434 1770 1464 Sa-

350 1482 435 1504 crum
449 1477 479 1504 et
493 1474 622 1505 vetustis
636 1475 718 1506 Silv.
733 1475 885 1516 Cruquii,
899 1476 1066 1507 nonnullae
1083 1476 1159 1507 edd.
1178 1482 1328 1516 tempore
1343 1476 1521 1512 Torrentii,
1537 1481 1572 1506 et
1590 1475 1770 1506 Mincii.—

352 1517 393 1545 46
417 1515 559 1547 Quidam
575 1515 672 1546 codd.
689 1517 975 1557 eludensque.—-47
998 1518 1126 1557 Optimi
1142 1517 1239 1548 codd.
1255 1516 1344 1556 apud
1358 1517 1512 1548 Torrent.
1527 1526 1613 1555 orna,
1634 1517 1702 1547 sine
1719 1526 1771 1547 as-

351 1556 612 1596 punitione—50
635 1557 762 1589 Omnes
779 1564 860 1590 vett.
877 1559 976 1591 codd.
992 1568 1046 1599 ap.
1062 1558 1161 1590 eund.
1173 1559 1324 1590 'ron-ent.
1339 1568 1405 1589 non
1419 1558 1511 1598 scari,
1523 1559 1580 1589 sed
1594 1557 1707 1598 scauri,
1721 1558 1769 1588 uti

994 1660 1136 1692 NOTAE

394 1733 435 1762 43
458 1730 586 1762 Sacrum
614 1734 756 1772 vetustis,
781 1733 850 1774 &er-J
885 1734 915 1766 Ε
937 1734 1037 1775 lignis

352 1780 478 1811 dudum
501 1782 670 1820 congestis
694 1783 844 1823 adeoque
867 1783 966 1814 siccis
988 1783 1037 1815 fo-

1090 1734 1178 1766 Plin.
1189 1737 1252 1766 &c.
1289 1735 1376 1768 Galli
1392 1735 1491 1766 tur-bot
1505 1735 1687 1775 appellant,
1702 1744 1770 1766 om-

1089 1793 1147 1814 nes
1165 1785 1307 1823 pretium
1325 1788 1454 1815 norunt.

354 1838 428 1860 cum
439 1835 602 1868 exstruat,
612 1830 654 1860 ad
664 1830 773 1869 ignem
784 1832 1035 1864 accendendum

351 1877 548 1909 adventanti
564 1878 635 1909 viro
654 1879 781 1910 diurnis
796 1880 964 1912 laboribus
978 1881 1036 1911 de·

352 1926 454 1958 fesso.

394 1974 538 2014 Sacrum]
560 1975 646 2006 Turn
659 1975 702 2007 ob
718 1977 819 2008 Lares
834 1987 873 2008 ac
889 1977 1035 2009 Penates

353 2023 456 2062 Deos,
471 2029 541 2055 tum
557 2023 600 2054 ob
611 2024 759 2056 Vestam.
781 2025 867 2057 vide
882 2026 1034 2058 Macrob-

355 2073 489 2105 Satura.
505 2081 561 2105 ιιι.
576 2076 606 2104 4.
621 2076 683 2104 &c.

395 2124 436 2153 47
460 2122 570 2154 Herna
588 2124 671 2154 dulci
694 2124 768 2154 vina
788 2134 924 2164 promens
941 2123 1036 2164 dolio]

352 2172 505 2204 Hornum
523 2173 632 2203 vinum
650 2174 769 2214 vixque
785 2180 950 2206 maturum
966 2175 1038 2206 viro

352 2223 518 2254 laborioso
533 2222 631 2254 dulce
653 2224 800 2263 videtur,
821 2234 884 2256 nec
900 2226 1039 2266 requirit

353 2272 428 2303 vina
458 2276 625 2302 vetustate
653 2271 860 2305 delicatiora.
888 2283 944 2306 ιιι.
970 2274 1037 2306 Od.

356 2322 409 2351 23.
423 2320 433 2338 ⁴
446 2320 595 2351 Hornam
609 2319 759 2360 frugem!

396 2371 438 2400 48
459 2369 563 2409 Dapes
576 2369 720 2410 inemtas]
735 2370 810 2401 Non
821 2370 952 2401 aliunde
966 2379 1039 2411 pre-

355 2418 403 2449 tio
429 2422 658 2458 comparatam
677 2418 738 2450 sed
759 2419 847 2450 domi
867 2420 1037 2460 quaesitas,

358 2476 416 2498 seu
434 2476 476 2498 ex
490 2466 599 2507 horto,
615 2477 674 2498 seu
688 2477 707 2498 e
723 2468 840 2507 caulis,
857 2470 920 2499 &c-

395 2518 437 2547 49
458 2516 592 2547 Lucrina
606 2516 775 2557 conchylia]
791 2517 916 2548 Ostrea
924 2517 1039 2558 exqui-

358 2565 421 2595 sita
437 2574 455 2595 e
471 2564 598 2596 Baiano
609 2575 666 2596 seu
678 2566 818 2596 Lucrino
829 2566 914 2598 lacn.
945 2566 1038 2597 stra-

358 2613 400 2644 bo
413 2614 472 2644 lib.
488 2623 522 2646 v.
548 2614 624 2646 Vel.
640 2614 735 2646 Max.
755 2623 805 2647 ix.
828 2617 858 2646 1.
881 2615 970 2648 Plin.
986 2624 1038 2647 rx.

358 2663 409 2692 64.
439 2662 593 2694 Juvenal.
609 2663 678 2695 Sat.
694 2673 743 2695 xv.
760 2666 832 2695 less.

401 2713 442 2741 50
465 2711 635 2753 Rhombus]
660 2714 712 2744 De
728 2723 768 2745 eo
783 2713 874 2754 pisce
891 2713 965 2744 vide
979 2713 1039 2745 Ju-

361 2760 467 2791 venal.
490 2769 565 2791 mox
592 2762 649 2792 cit.
671 2762 743 2793 Sat.
770 2771 820 2793 ιν.
841 2764 892 2793 39.
914 2767 950 2793 et
971 2770 1041 2802 seq.

1129 1833 1234 1873 Scari]
1267 1835 1387 1865 Scaros
1411 1833 1518 1873 pisces
1542 1831 1710 1863 interdum
1736 1831 1768 1861 in

1088 1891 1178 1912 mare
1206 1882 1410 1922 Tyrrhenum
1443 1881 1548 1921 adigit
1578 1884 1771 1921 tempestas.

1088 1931 1179 1962 Huic
1208 1931 1291 1971 pisci
1319 1931 1481 1961 tributum
1505 1938 1578 1960 esse
1607 1929 1772 1969 principa-

1089 1986 1171 2016 tum,
1201 1981 1317 2012 scribit
1345 1980 1473 2011 Plinius
1498 1988 1549 2011 tx.
1577 1981 1628 2009 17.
1652 1979 1772 2010 ‘Nune

1089 2039 1183 2061 scaro
1212 2029 1310 2060 datur
1346 2030 1564 2070 principatus,
1595 2028 1651 2068 qui
1682 2029 1772 2059 solus

1089 2078 1227 2118 piscium
1244 2078 1368 2109 dicitur
1387 2078 1572 2115 ruminare3
1597 2077 1772 2117 herbisque

1089 2127 1190 2167 vesci,
1206 2136 1270 2158 non
1287 2127 1358 2157 aliis
1372 2126 1536 2166 piscibus:
1551 2125 1633 2157 mari
1647 2125 1772 2166 Carpa-

1089 2176 1158 2206 thio
1174 2175 1355 2216 frequens,'
1367 2177 1432 2207 διο.
1474 2175 1519 2206 Et
1532 2182 1571 2206 ιι.
1583 2177 1636 2205 37.
1653 2173 1663 2190 ‘
1677 2175 1769 2205 Den-

1090 2229 1141 2256 tes
1159 2224 1304 2264 piscibus
1320 2223 1471 2254 omnibus
1494 2222 1630 2262 serrati,
1647 2227 1771 2262 praeter

1090 2283 1240 2304 scarum:
1264 2273 1340 2304 huic
1365 2274 1421 2304 uni
1444 2272 1636 2313 aquatilium
1657 2272 1772 2312 pleni!

1091 2323 1136 2354 Et
1155 2331 1272 2354 xxxxi.
1292 2324 1324 2353 2.
1348 2322 1409 2361 ait,
1430 2325 1440 2340 ‘
1453 2331 1582 2354 scarum
1605 2322 1708 2352 nassis
1725 2321 1772 2352 in-

1089 2372 1215 2403 clusum
1232 2380 1297 2402 non
1312 2370 1423 2401 fronte
1438 2378 1624 2410 erumpere,
1647 2378 1708 2401 nec
1723 2370 1772 2401 in-

1088 2418 1182 2450 festis
1206 2419 1379 2450 viminibus
1403 2423 1503 2458 caput
1523 2418 1690 2457 inserere;
1712 2418 1771 2450 sed

1090 2477 1240 2499 aversum
1256 2468 1372 2500 caudae
1383 2468 1502 2499 ictibus
1514 2467 1642 2499 crebris
1658 2468 1772 2499 laxare

1090 2517 1192 2557 fores,
1209 2523 1308 2558 atque
1324 2518 1370 2548 ita
1386 2521 1564 2548 retrorsum
1585 2525 1774 2556 erumpere.

1091 2566 1199 2599 Quem
1226 2565 1387 2596 luctatum
1417 2566 1489 2604 ejus
1519 2565 1544 2595 si
1572 2563 1659 2596 forte
1689 2565 1772 2597 alius

1091 2625 1205 2647 scarus
1222 2615 1331 2646 videat
1341 2615 1560 2650 extrinsecus,
1571 2615 1775 2655 apprehen-a

1092 2665 1257 2697 mordicus
1273 2663 1391 2703 cauda,
1407 2664 1543 2704 adjuvat
1559 2665 1650 2695 nisus
1665 2674 1773 2696 erum-

1091 2713 1225 2753 pentis!
1276 2713 1359 2744 Inde
1393 2722 1471 2744 vero
1499 2722 1620 2744 nomen
1648 2712 1772 2744 factum

1093 2763 1196 2803 aiunt,
1225 2772 1245 2794 a
1273 2762 1395 2803 σκαίρω,
1421 2763 1509 2794 salio.
1553 2761 1679 2794 Athen.
1709 2770 1773 2794 vu.
