1890 3256
322 241 432 281 1136

784 255 828 291 Q·
859 255 1059 285 HORA'l'll
1095 255 1267 285 FLACCl

821 418 1127 460 EPISTOLA
1156 420 1246 461 XI.

832 527 899 556 AD
932 528 1238 559 BULLA'I'IUM.

320 599 434 632 Animi
457 600 688 641 aegritudinem
715 602 1042 642 peregrinationibus
1064 613 1129 634 non
1153 605 1268 635 levari.
1289 605 1388 637 Baxt.
1434 606 1599 638 Bullatius
1623 607 1675 640 vel
1697 608 1745 639 ob

362 661 456 692 spem
472 652 631 691 aliquam,
647 662 720 692 quae
743 651 905 684 frustrata
919 659 1004 694 erat,
1020 655 1073 686 vel
1089 655 1132 686 ob
1148 655 1402 692 incommodum,
1419 667 1485 698 qno
1501 657 1640 690 affectus
1655 664 1741 699 erat,

361 704 416 734 vel
432 703 475 734 ob
491 704 591 734 animi
604 705 845 742 morositatem,
857 706 996 738 Romam
1010 708 1200 748 relinquere
1215 712 1249 738 et
1262 709 1294 739 in
1309 709 1418 750 aliquo
1429 709 1571 741 Graeciae
1582 715 1640 741 aut
1651 710 1740 742 Asiae

361 755 437 786 loco
454 756 567 786 vivere
582 757 735 787 statuisse
751 758 894 788 videtur.
941 758 995 789 Ab
1011 759 1072 790 boe
1087 759 1190 799 igitur
1211 761 1350 791 consilio
1371 764 1514 792 amicum
1529 771 1670 794 avocare
1686 772 1741 794 co·

362 812 462 839 natur
477 808 630 846 Flaccus,
649 808 785 848 docens,
798 809 839 839 ad
856 809 942 840 bene
959 815 995 840 et
1017 809 1115 841 beate
1133 810 1309 842 vivendum
1335 821 1400 842 nou
1418 812 1526 844 locum
1541 813 1668 852 facere,
1682 815 1740 847 sed

361 859 507 890 animum
522 868 665 899 aequum,
680 859 842 891 rationem
859 866 893 891 et
907 861 1130 900 prudentiam.

321 932 456 982 Qum
476 932 553 971 tibi
576 932 670 971 visa
689 931 839 980 Chios,
862 934 1042 983 Bullati,
1063 941 1254 988 notaque
1275 936 1476 978 Lesbos?

319 997 438 1046 Quid
458 997 667 1037 concinna
687 997 844 1037 Samos
858 999 877 1037 'l
907 999 1011 1050 quid
1033 998 1178 1039 Croesi
1195 1001 1311 1050 regia
1333 1001 1483 1042 Sardis
1498 998 1521 1042 <r

319 1062 502 1115 Smyrna
521 1061 640 1114 quid,
660 1065 706 1101 et
725 1061 984 1115 Colophon?
1014 1065 1180 1117 majora
1198 1065 1418 1107 minorave
1440 1066 1586 1110 fama?

365 1190 394 1220 Ο
410 1191 545 1233 Rullum,
559 1194 633 1233 quid
647 1204 750 1225 censes
763 1195 800 1225 de
817 1195 904 1231 Chio,
926 1199 957 1226 et
971 1197 1008 1227 de
1022 1196 1119 1227 Lesbo
1139 1197 1398 1229 celebratissima?
1419 1199 1492 1238 quid
1506 1199 1544 1229 de
1559 1198 1651 1229 Sumo
1669 1198 1744 1232 nita·-

317 1230 379 1262 da?
400 1234 473 1272 quid
487 1236 525 1266 de
540 1235 634 1267 Sardi
653 1237 750 1267 Croesi
773 1239 883 1276 regio?
903 1239 976 1278 quid
991 1239 1028 1269 de
1043 1238 1177 1280 Smyrna
1190 1243 1220 1270 et
1238 1240 1426 1280 Colophone?
1446 1245 1486 1271 an
1501 1240 1609 1271 habent
1628 1239 1746 1280 aliquia

923 1330 1158 1344 eeeeeeeee

362 1400 516 1440 Epistola
539 1403 683 1434 secunda
706 1404 795 1435 Libri
820 1405 916 1444 primi
943 1405 975 1435 in
1000 1405 1063 1436 Ed.
1082 1406 1270 1438 Sanam—2
1296 1409 1482 1448 Cra-siquid
1495 1409 1583 1448 regia
1595 1409 1743 1439 Schoen-

317 1441 411 1472 born.
427 1445 532 1474 2.—3.
549 1449 567 1475 ιι
591 1444 630 1475 In
656 1445 772 1475 eodem
794 1446 924 1486 codice,
947 1447 1133 1487 minoraque.
1175 1449 1184 1465 ‘
1202 1449 1329 1480 Omnes
1356 1451 1494 1491 Cruquii
1520 1451 1656 1482 codices
1682 1460 1743 1490 pro

317 1483 474 1515 minor-ane
497 1485 652 1524 legerunt
673 1487 844 1518 minorave.-
867 1493 902 1518 et
917 1491 1082 1528 cunctoque
1098 1498 1156 1529 pro
1170 1494 1318 1521 cunctane
1333 1496 1408 1522 erat
1423 1492 1456 1522 in
1472 1492 1642 1533 plerisque
1657 1491 1743 1522 Tor-

318 1525 431 1556 rentii.
474 1526 658 1564 Minorave;
673 1537 749 1559 nam
765 1530 871 1559 sentio
886 1539 926 1560 ea
943 1530 1071 1561 minora
1087 1531 1148 1562 tibi
1165 1531 1244 1562 visa.
1288 1533 1464 1564 Bentleius
1481 1533 1634 1574 praetulit
1646 1533 1745 1565 mino-

965 1634 1102 1666 NOTAE

360 1705 377 1733 l
412 1703 496 1738 Quid
524 1705 581 1735 tibi
608 1706 686 1743 visa,
711 1706 780 1746 Era]
820 1706 1004 1738 Bullatium

317 1751 516 1784 clarissimas
540 1753 629 1784 Asiae
654 1755 790 1786 minoris
814 1756 914 1787 urbes
931 1765 1005 1796 per-

316 1805 474 1839 vagatum
499 1803 679 1842 compellat
702 1803 832 1834 Poeta:
865 1800 901 1835 et
916 1804 1004 1845 quod

316 1854 430 1879 nosset
459 1849 542 1879 hanc
571 1859 644 1881 esse
676 1852 748 1889 ejus
777 1857 936 1892 mentem,
966 1858 1004 1884 ut

316 1899 413 1926 extra
441 1897 578 1927 Romam
609 1899 663 1928 vix
697 1909 733 1929 se
762 1900 860 1930 beate
891 1901 1004 1930 vivere

316 1943 534 1982 existimaret,
559 1946 766 1976 occasionem
788 1947 889 1977 sumit
915 1957 1005 1978 asse·

316 1991 424 2027 rendi,
434 1991 634 2023 felicitatem
652 1994 785 2024 minime
802 2004 820 2024 a
834 1995 908 2025 loco
925 2004 1004 2034 pen-

317 2039 421 2078 dere;
450 2049 489 2071 ac
519 2041 705 2080 sapientem
744 2043 851 2073 virum
881 2042 1002 2084 ubique

315 2088 463 2119 locorum
479 2098 552 2119 esse
571 2089 704 2120 beatum
725 2099 835 2129 posse.

361 2137 468 2176 Chios]
492 2137 605 2168 Insula
626 2139 724 2169 maris
746 2139 855 2171 Ionii:
879 2141 920 2172 de
938 2151 1003 2182 qua

315 2193 371 2217 ιιι.
388 2185 457 2217 Od.
473 2189 525 2217 19.

336 2238 340 2240 “
358 2234 484 2274 Lesbos]
508 2235 613 2274 AEgaei
628 2236 728 2267 maris
744 2238 861 2268 insula.
899 2238 1002 2278 Nota]

317 2285 402 2317 Cum
430 2286 506 2317 vino
531 2297 704 2327 generoso,
728 2293 797 2319 tum
817 2290 1003 2329 praesertim

316 2335 484 2366 natalibus
500 2336 606 2367 Atcaei
621 2342 655 2366 et
674 2337 828 2377 Sapphus
843 2347 852 2367 :
875 2337 917 2367 de
934 2337 1004 2377 qui-

316 2382 379 2415 bus
395 2393 420 2415 1.
435 2384 572 2416 Od.1⁷.
586 2391 622 2417 et
637 2389 690 2417 32.
712 2386 792 2417 item
809 2395 850 2418 11.
867 2386 934 2416 Od.
952 2389 1003 2417 13.

359 2437 379 2465 2
401 2434 524 2475 Samos]
559 2435 675 2466 Insula
690 2437 791 2466 maris
809 2436 907 2467 Icarii
924 2445 1003 2467 con-

317 2486 370 2513 tra
386 2483 502 2514 urbem
521 2484 703 2523 Ephesum.
749 2484 917 2524 Concinna]
939 2485 1003 2516 Vel

317 2530 469 2562 aedificiis
479 2533 745 2573 elegantissimis,
758 2535 810 2564 vel
822 2534 908 2565 coelo
921 2540 1003 2565 tem-

317 2586 448 2620 perato,
465 2583 519 2614 vel
536 2583 629 2614 cultu
653 2584 824 2623 praecipuo
846 2585 1001 2616 Junonis.

317 2628 415 2660 Adde
436 2632 671 2663 celebritatem
693 2642 711 2663 e
735 2633 819 2663 vasis
834 2631 1003 2672 fictilibus,

318 2687 392 2718 quae
407 2679 518 2710 Samia
534 2681 710 2718 dicuntum
734 2688 862 2712 necnon
877 2682 919 2713 ob
936 2682 1001 2722 Py-

317 2729 491 2770 thagoram
505 2731 596 2763 illinc
613 2731 800 2770 oriundum,
815 2733 876 2763 διε.

1104 1709 1201 1739 Croesi
1223 1709 1308 1748 regia
1326 1709 1452 1749 Sardis]
1487 1708 1573 1740 Haec
1587 1706 1664 1740 urbs
1678 1706 1743 1749 Ly-

1057 1756 1136 1795 diae,
1165 1757 1258 1798 regia
1286 1758 1451 1799 quondam
1489 1758 1609 1796 Croesi,
1645 1758 1742 1788 hodie

1051 1800 1159 1846 ja'cet.
1205 1808 1337 1838 Croesns
1361 1806 1526 1837 immensis
1548 1805 1671 1836 divitiis
1696 1806 1743 1836 in-

1057 1855 1179 1893 clytus,
1195 1865 1213 1885 a
1229 1855 1317 1893 Cyro
1340 1854 1482 1884 subinde
1505 1854 1613 1885 victus
1628 1856 1746 1894 sensit,

1057 1903 1144 1942 qnod
1182 1907 1260 1932 ante
1296 1902 1399 1933 Solon
1431 1908 1616 1941 monuerat,
1643 1903 1742 1934 rebus

1055 1950 1205 1980 humanis
1220 1951 1303 1981 haud
1317 1960 1390 1981 esse
1405 1950 1587 1983 fidendum.
1611 1951 1742 1991 Nempe

1055 1998 1065 2015 ‘
1083 1997 1218 2030 fortuna
1240 2000 1349 2030 vitrea
1369 2005 1442 2031 est:
1471 2010 1547 2031 cnm
1575 2001 1744 2042 splendet,

1055 2044 1250 2087 frangitur.'

1097 2097 1116 2126 3
1139 2095 1288 2137 Smyrna]
1317 2097 1405 2129 Urbs
1433 2098 1536 2130 Ioniae
1564 2099 1744 2140 maritima,

1055 2144 1134 2175 hod.
1146 2146 1292 2184 regionis
1309 2147 1475 2186 primaria.

1102 2193 1271 2235 Colophon]
1309 2196 1395 2227 Haec
1423 2197 1542 2228 civitas
1568 2198 1740 2238 Smyrnam

1057 2241 1144 2273 inter
1161 2247 1195 2273 et
1211 2243 1485 2282 Ephesum,mari
1499 2246 1626 2285 pariter
1634 2247 1740 2278 immi-

1056 2297 1146 2322 net:
1183 2301 1263 2322 auro
1301 2292 1534 2332 probatissimo
1569 2295 1740 2327 celebrata

1056 2345 1108 2371 est
1122 2351 1130 2370 :
1158 2339 1252 2371 dedit
1267 2341 1367 2371 etiam
1386 2341 1494 2372 locum
1508 2341 1648 2374 dictioni
1661 2343 1716 2374 isti
1730 2356 1737 2374 :

1055 2389 1064 2406 ‘
1078 2389 1294 2429 colophonem
1309 2389 1504 2429 imponere‚’
1534 2391 1566 2421 id
1582 2396 1646 2430 est,
1662 2393 1739 2423 ulti-

1057 2444 1142 2468 mam
1170 2438 1263 2478 operl
1287 2447 1417 2469 manum
1441 2439 1611 2473 adhihere.
1654 2441 1739 2472 Inde

1055 2485 1166 2525 fluxit,
1195 2486 1282 2528 qnod
1308 2495 1383 2517 cnm
1407 2487 1643 2520 exardesceret
1668 2490 1739 2520 bel-

1056 2536 1122 2566 lum
1159 2537 1245 2566 inter
1275 2537 1413 2575 populos
1446 2539 1632 2578 quospiam.
1656 2538 1736 2570 illud

1055 2586 1168 2616 statim
1183 2584 1415 2625 conficeretur,
1431 2586 1488 2617 nbi
1503 2587 1643 2627 primum
1655 2588 1738 2618 alte-

1055 2642 1109 2665 ros
1129 2634 1280 2672 equitatu
1306 2643 1366 2666 suo
1383 2635 1553 2676 juvissent
1573 2637 1737 2678 Colop'lno-

1055 2683 1112 2718 nii.
1125 2682 1256 2713 Strabo.
1728 2689 1732 2692 '

1095 2731 1222 2769 Majora
1236 2733 1390 2764 minorave
1399 2733 1503 2772 sama]
1538 2734 1667 2766 Suntne
1683 2744 1735 2764 ur-
