1904 3256
400 272 485 312 700
866 285 910 321 Q.
940 279 1144 312 HoRATu
1178 279 1346 310 rmum

987 429 1114 470 ODE
1155 430 1248 472 XI.

951 527 1017 556 An
1051 527 1282 557 ΡΕοτιυΜ.

407 599 506 640 Apud
530 602 799 632 contubernalem
821 610 916 631 suum
940 601 1092 631 Pectium
1117 602 1284 633 liberrime
1309 602 1471 644 queritur,
1494 612 1528 633 se
1553 602 1673 634 amoris
1696 601 1821 642 laqueis

614 656 776 692 perpetuo
790 652 953 683 irretitum
969 653 1178 684 Carminibus
1194 654 1378 685 scribendis
1394 664 1459 686 uon
1475 663 1608 687 vacare.

577 735 743 784 Pec'rl,
763 736 868 777 nihil
887 749 972 786 me,
993 737 1110 777 sicut
1131 740 1271 787 antea,
1295 737 1423 791 juvat

633 801 829 842 Scribere
851 802 1090 843 versiculos
1113 815 1258 843 amore
1280 804 1521 856 perculsum
1543 803 1688 855 gravi3

460 910 488 939 0
507 908 611 949 Pecti,
627 918 814 949 nequaquam
832 911 945 951 placet,
960 914 995 941 ut
1006 911 1106 950 prius,
1121 921 1225 942 versus
1239 911 1357 950 facere,
1372 911 1444 952 quia
1456 919 1558 942 amore
1575 908 1667 949 gravi
1684 916 1810 948 occupor
1819 917 1831 943 ;

1007 1003 1241 1016 eeeeeeeeeeee

458 1065 533 1096 Ode
549 1066 620 1096 liaec
634 1066 728 1097 deest
743 1067 890 1098 Editioni
903 1068 1023 1099 Sanad.
1047 1068 1057 1085 ⁴
1069 1068 1222 1098 Tricolon
1238 1067 1366 1097 faciunt
1379 1067 1464 1097 hanc
1476 1066 1574 1097 Oden
1589 1069 1625 1096 et
1640 1073 1720 1096 xm.
1738 1065 1835 1096 Lam-

414 1107 523 1144 binus,
550 1113 583 1137 et
611 1107 656 1138 Η.
681 1109 881 1148 Stephanus,
896 1110 950 1149 qui
980 1119 1014 1139 se
1041 1114 1190 1139 veterum
1214 1109 1374 1139 librorum
1400 1109 1602 1138 auctoritate
1631 1106 1768 1144 fretum,
1785 1116 1836 1136 as-

415 1148 635 1179 sentientibus
651 1149 751 1180 etiam
767 1150 962 1189 quibusdam
981 1150 1131 1180 Lambini
1147 1149 1404 1188 exemplaribus,
1424 1149 1487 1178 lioc
1505 1148 1552 1178 ita
1573 1148 1621 1178 ait
1641 1147 1840 1186 instituisse,

415 1189 574 1220 Diatribe
589 1190 696 1229 prima
711 1200 744 1230 p.
759 1194 813 1222 37.
829 1200 878 1230 sq.
919 1191 1037 1222 Secuti
1053 1196 1130 1221 sunt
1141 1190 1297 1221 Torrent.
1317 1191 1405 1220 1608.
1419 1189 1630 1228 Rapbeleng.
1643 1190 1737 1219 1612.
1755 1188 1838 1219 Rut-

416 1239 503 1270 gers.
517 1231 606 1270 apud
625 1231 686 1262 Ro.
700 1232 818 1272 Steph.
831 1235 926 1263 1613.
949 1232 1035 1264 Dan.
1049 1231 1166 1263 Heius.
1183 1233 1277 1262 1619.
1301 1231 1420 1265 Faber,
1436 1230 1552 1261 Burm.
1573 1229 1738 1260 Maittair.
1759 1229 1840 1260 Tal-

417 1272 487 1303 bot.
502 1272 640 1303 Francis
654 1273 746 1304 circa
759 1282 841 1304 xm.
857 1283 922 1304 non
938 1273 1019 1304 item
1035 1274 1126 1304 circa
1140 1273 1240 1303 lianc.
1283 1272 1329 1303 Et
1344 1281 1424 1302 sane
1437 1271 1702 1302 commodissima
1725 1273 1777 1301 est
1791 1269 1841 1301 di-

416 1313 514 1352 visio,
536 1317 572 1344 et
598 1319 712 1354 potest
738 1325 836 1354 paene
858 1315 964 1346 videri
987 1315 1186 1352 necessaria,
1201 1313 1334 1354 quoties
1349 1312 1626 1344 Pentbemimeris
1641 1312 1693 1343 vel
1714 1311 1842 1342 hiatum

417 1353 533 1394 efficit,
546 1360 584 1385 ut
598 1365 646 1387 vs.
661 1358 713 1386 14.
729 1360 765 1386 et
776 1358 828 1387 24.
843 1357 895 1386 vel
911 1357 944 1386 in
961 1356 1118 1396 syllabam
1136 1355 1271 1385 brevem
1287 1354 1369 1389 exit.
1385 1358 1422 1384 ut
1440 1363 1488 1384 vn.
1503 1355 1537 1383 6.
1559 1358 1594 1383 et
1610 1355 1660 1384 lo.
1675 1356 1712 1384 et
1725 1355 1780 1384 26.
1802 1353 1842 1383 it.

418 1394 484 1426 Od.
500 1398 550 1425 13.
567 1398 617 1426 10.
633 1402 668 1426 et
685 1398 736 1427 14.
778 1397 844 1426 Sed
861 1397 986 1427 acriter
1002 1401 1130 1435 pugnat
1146 1404 1205 1434 pro
1220 1395 1344 1426 Dicolo
1357 1394 1544 1432 Bentleius,
1560 1399 1595 1424 et
1609 1393 1709 1424 babet
1725 1397 1840 1424 aucto·

418 1444 471 1465 res
489 1435 765 1475 Hephaestionem
780 1441 816 1467 et
830 1436 1087 1467 Terentiana-213
1104 1437 1200 1467 Gesn.
1233 1435 1389 1466 Tricolon
1405 1434 1486 1466 facit
1500 1435 1601 1466 etiam
1617 1433 1740 1474 Delph.
1763 1434 1842 1465 Vid.

417 1476 592 1507 Bentl.—-l
617 1477 723 1508 Codd.
749 1478 880 1508 variant
905 1479 1006 1517 Petu,
1030 1477 1118 1516 Peri,
1142 1483 1177 1508 et
1206 1477 1317 1512 Pet-ti,-
1339 1477 1442 1516 Cruq.
1466 1485 1509 1506 ex
1534 1479 1676 1516 quatuor
1697 1475 1843 1507 Blandd.

418 1517 511 1548 dedit
527 1518 693 1549 Petet—2
709 1519 815 1550 Codd.
833 1529 886 1559 ap.
904 1520 982 1550 Bos.
998 1518 1154 1550 Animad.
1171 1527 1204 1557 p.
1219 1521 1271 1548 51.
1290 1517 1391 1548 Brod.
1408 1518 1502 1548 Gott.
1518 1516 1795 1548 Laurentinianus
1807 1521 1843 1547 et

420 1559 477 1589 alii
492 1559 559 1589 duo
575 1569 628 1598 ap.
642 1560 796 1592 Torrent.
822 1560 975 1591 Petrens.
1002 1563 1038 1591 et
1063 1560 1146 1598 Reg.
1167 1559 1244 1590 Soc.
1269 1568 1319 1598 ap.
1347 1559 1462 1589 Bentl.
1484 1557 1580 1589 Harl.
1596 1561 1628 1588 2.
1645 1560 1677 1588 3.
1699 1558 1847 1589 Florent.

422 1602 516 1630 1482.
538 1600 663 1630 Venet.
689 1603 780 1632 1490.
803 1606 838 1631 et
862 1601 1001 1631 Locher.
1024 1610 1219 1640 percussum5
1241 1604 1275 1629 et
1300 1600 1347 1629 sic
1375 1608 1429 1638 ap.
1455 1598 1701 1629 Grammaticos
1717 1603 1847 1630 veteres

422 1640 579 1670 Diomed.
597 1650 629 1678 p.
643 1644 716 1672 511.
738 1642 827 1672 Mar.
843 1642 1009 1673 Victorin.
1026 1651 1086 1681 pp.
1098 1643 1193 1672 2549.
1209 1643 1304 1671 2619.
1320 1642 1416 1671 2622.
1432 1645 1467 1670 et
1484 1638 1579 1671 Attii.
1597 1640 1772 1670 Fortunat.
1789 1649 1846 1680 pp.

421 1683 517 1712 2684.
533 1683 628 1712 2699.
671 1682 727 1713 Ita
741 1691 872 1722 quoque
888 1683 999 1713 Bentl.
1011 1681 1147 1714 Wakef.
1163 1686 1199 1713 et
1223 1682 1327 1712 Kidd.
1369 1681 1435 1712 Sed
1447 1682 1616 1720 perculsum
1629 1681 1751 1711 habent
1766 1690 1850 1712 nou-

423 1722 503 1752 nulli
519 1722 618 1753 codd.
636 1732 690 1762 ap.
709 1724 824 1755 Bentl.
851 1724 944 1756 Harl.
960 1727 989 1754 1.
1005 1726 1036 1755 4.
1053 1727 1083 1755 6.
1107 1724 1246 1754 Venett.
1264 1725 1357 1754 1477.
1376 1725 1469 1754 1478.
1485 1724 1579 1754 1479.
1601 1721 1710 1753 Bond.
1724 1722 1848 1762 Delpb.

422 1763 594 1794 Schrevel.
621 1765 721 1796 Baxt.
745 1765 898 1803 Francis,
916 1766 1019 1797 Gesn.
1043 1765 1150 1797 Zeun.
1167 1765 1311 1795 Wetzel:
1327 1764 1463 1804 Bipont.
1478 1768 1512 1794 et
1529 1763 1645 1795 Comb.
1686 1763 1722 1795 Si
1742 1762 1848 1794 Bedae

425 1804 535 1835 credis
546 1814 723 1844 percussum
740 1807 780 1837 ad
796 1816 932 1846 corpus,
945 1807 1114 1847 perculsum
1129 1805 1171 1836 ad
1188 1806 1330 1837 animum
1346 1804 1501 1836 refertur.
1532 1805 1611 1836 Vid.
1626 1804 1724 1836 Vart.
1738 1804 1850 1836 Lectt.

1077 1898 1218 1930 No'rAE

469 1969 567 2000 Hanc
590 1969 688 2000 Oden
709 1970 811 2011 aliqui
827 1969 956 2002 faciunt
972 1970 1112 2002 Dicolon
1208 1973 1225 2001 1
1250 1970 1353 2008 Pecei,
1375 1969 1454 2000 nihil
1475 1979 1535 2008 me,
1555 1969 1622 2008 Qua]
1647 1967 1746 2008 Apud
1771 1968 1853 2000 Pet-

427 2018 647 2058 Distrophon,
680 2019 776 2058 cujus
814 2020 938 2059 primus
972 2020 1113 2060 quisque
1167 2018 1250 2049 tium
1288 2018 1360 2049 sive
1393 2018 1548 2049 Pectium
1579 2017 1853 2051 contubernalem

429 2076 543 2096 versus
577 2069 620 2097 sit
652 2067 818 2099 lumbicus
856 2068 1114 2109 Hipponacteus
1168 2077 1262 2099 suum
1297 2067 1464 2107 queritur,
1501 2066 1590 2106 quod
1619 2075 1682 2107 per
1707 2075 1853 2098 amorem

426 2114 593 2146 Trimeter
620 2115 851 2155 Acatalectus,
879 2121 916 2148 ut
948 2116 1056 2157 Epod.
1089 2125 1114 2147 1.
1168 2125 1335 2155 nunquam
1363 2115 1426 2146 sibi
1453 2115 1556 2146 liceat
1579 2115 1855 2155 interquiescere,

428 2163 438 2180 ‘
454 2163 523 2195 Ibis
539 2164 714 2201 Liburnis:
728 2167 792 2196 ἃς.
1169 2162 1266 2194 modo
1283 2164 1428 2203 puellam
1443 2163 1543 2195 modo
1558 2172 1698 2204 puerum
1709 2163 1854 2204 aliquem

470 2213 642 2244 Secundus
653 2213 850 2254 sapphicus,
861 2218 1018 2245 constans
1027 2213 1115 2244 Pen·
1169 2211 1379 2251 depereunti.

432 2262 622 2293 themimeri
638 2261 798 2302 Hei-oica,
811 2266 847 2293 et
859 2262 1014 2292 Dimetro
1028 2261 1116 2292 lam·
1212 2260 1306 2291 Nihil
1318 2259 1410 2297 juvat
1425 2259 1566 2291 Scribere
1584 2259 1744 2291 versiculos
1757 2270 1858 2292 amore

432 2311 528 2349 bico;
551 2310 585 2341 id
601 2315 666 2349 est,
681 2310 809 2341 duobus
825 2310 990 2351 Dactylis‚
1005 2314 1040 2340 et
1053 2309 1118 2349 syl·
1167 2308 1339 2348 perculsum
1362 2307 1469 2346 gravi]
1502 2308 1630 2338 Contra
1655 2307 1856 2347 Propertius

433 2359 523 2399 laba,
538 2359 662 2391 deinde
687 2363 829 2399 quatuor
850 2359 989 2398 lambis,
1003 2367 1120 2398 recep·
1171 2364 1283 2388 amore
1310 2365 1347 2386 se
1375 2355 1423 2387 ait
1447 2355 1582 2387 incitari
1601 2355 1644 2387 ad
1668 2357 1860 2389 condendos

435 2412 471 2439 to
486 2412 600 2439 tamen
611 2407 793 2448 imparibus
809 2407 892 2438 locis
906 2406 1084 2446 Spondaeo.
1173 2413 1302 2435 versus.
1330 2412 1373 2436 u.
1402 2405 1430 2435 1.
1453 2403 1463 2420 ‘
1478 2403 1638 2436 Quaeritis
1666 2404 1754 2436 unde
1779 2406 1861 2438 mihi

478 2455 562 2487 Aliis
575 2456 697 2496 placet,
713 2464 787 2486 esse
807 2455 960 2487 Tricolon
973 2455 1119 2486 Tristi-o-
1173 2453 1274 2483 toties
1287 2452 1476 2483 scribantur
1491 2461 1632 2493 amores,
1654 2453 1754 2485 Unde
1769 2463 1862 2487 meus

438 2505 550 2546 plion:
571 2509 610 2536 ut
634 2503 760 2544 primus
779 2505 918 2544 quisque
941 2512 1055 2534 versus
1079 2502 1123 2532 sit
1174 2501 1289 2531 veniat
1304 2501 1412 2531 mollis
1428 2501 1460 2531 in
1477 2510 1532 2532 ora
1548 2501 1655 2533 liber?
1701 2503 1777 2534 Non
1802 2504 1863 2535 mi·

437 2553 608 2585 Iambicus
637 2553 817 2591 Trimeter‚
836 2557 876 2583 ut
895 2555 973 2582 ante
995 2551 1124 2582 dictum
1175 2548 1207 2578 bi
1237 2547 1400 2587 Calliope,
1435 2558 1502 2579 non
1535 2549 1607 2581 haec
1637 2550 1717 2582 mibi
1747 2556 1863 2584 caniat

439 2608 502 2634 est.
529 2602 628 2634 Alter
642 2602 783 2642 quisque
795 2601 998 2640 Dactylicus
1011 2599 1124 2630 Dime-
1177 2596 1320 2636 Apollo:
1344 2596 1520 2636 Ingenium
1547 2597 1644 2629 nobis
1664 2598 1739 2639 ipsa
1752 2600 1864 2640 puella

439 2654 505 2690 ter,
535 2656 574 2681 ut
603 2659 654 2681 ιν.
685 2649 753 2681 Od.
783 2652 815 2680 7.
842 2650 852 2666 ‘
874 2647 1124 2687 Arboribusque
1177 2645 1270 2677 facit.
1313 2646 1379 2676 Seu
1402 2646 1470 2677 vidi
1496 2646 1537 2677 ad
1560 2646 1706 2680 frontem
1727 2658 1862 2690 sparsos

441 2699 566 2730 comael
606 2699 740 2729 Tertius
766 2697 934 2729 lambiens
959 2697 1122 2734 Dimeter,
1176 2702 1290 2724 errare
1306 2694 1458 2734 capillos,
1480 2695 1619 2728 Invenio
1635 2705 1750 2728 causas
1763 2697 1864 2738 mille,

443 2751 480 2777 ut
495 2746 601 2786 Epod.
617 2755 641 2778 1.
658 2747 667 2763 ‘
682 2745 798 2777 Amice
813 2742 1082 2786 propugnacula!
1178 2743 1288 2784 poeta,
1305 2744 1432 2785 novas‚’
1447 2746 1510 2776 διο.
