1904 3256
620 291 893 325 caussinum
928 289 1022 321 mn.
1056 288 1124 319 iv.
1155 277 1227 318 12.

1554 274 1640 315 617

410 390 497 432 Sed
518 400 721 443 pressum
743 386 931 429 Calibus
949 384 1108 426 ducere
1131 382 1340 423 Liberum

409 458 456 499 Si
478 457 632 511 gestis,
654 455 863 509 juvenum
882 452 1100 494 nobilium
1121 450 1275 498 cliens,

1587 446 1642 486 15

583 522 740 565 Nardo
763 523 864 563 vina
885 520 1122 562 merebere.

410 591 551 633 Nardi
572 603 736 645 parvus
758 602 878 644 onyx
898 588 1048 630 eliciet
1069 585 1250 634 cadum,

183 712 270 744 vexit
283 713 370 744 sitim
381 724 391 744 .-
401 725 438 746 ac
453 715 482 746 si
493 715 579 755 cupis
595 714 696 746 bibere
711 715 818 745 vinum
833 714 962 746 Calibus
971 723 1163 754 expressum,
1175 711 1329 752 moliens
1342 709 1512 742 illustrium
1527 708 1646 739 adoles-

180 759 314 796 ceruum,
330 757 462 797 accipies
482 758 590 789 vinum
608 759 682 788 dato
703 760 873 796 unguento.
920 756 1082 795 Exiguum
1101 766 1155 787 vus
1172 754 1325 795 unguenti
1346 753 1526 793 amphoram
1541 751 1646 782 trahet

789 851 1031 864 OOMOO‘OOOOO

181 914 260 947 dum
273 921 489 958 suppeteret,
500 927 603 959 nunc,
614 928 689 950 cum
702 918 735 950 id
749 924 883 960 tempus
898 918 1142 956 adest‚nullum
1156 915 1304 957 amplius
1317 913 1451 946 habeo!
1475 910 1644 953 Equidem

180 957 322 990 verbnm
349 969 415 991 non
440 961 583 1002 amplius
610 961 756 994 addam?
778 961 952 993 Juvat—15
976 961 1032 994 Sic
1049 961 1151 1001 gestis
1175 960 1273 991 Dess.
1290 959 1410 989 2.-16
1434 956 1544 988 Nurdo
1568 955 1643 985 vina

178 1001 343 1033 mereberis
357 1004 508 1034 nonnulli
526 1003 647 1035 Lamb.
665 1004 764 1036 Harl.
783 1008 814 1036 1.
839 1014 925 1036 unus
948 1005 1085 1036 Bersm.
1102 1003 1222 1035 Bentl.
1236 1002 1352 1034 GraeV.
1368 998 1522 1040 Magdal.
1540 997 1642 1028 Bodl.

182 1039 212 1073 1.
229 1049 266 1075 et
281 1045 409 1078 Battel.
434 1056 496 1086 pro
510 1056 583 1078 var.
598 1047 678 1078 lect.
706 1047 854 1079 Mentel.
881 1047 978 1079 Dess.
994 1050 1023 1079 2.
1048 1051 1084 1078 et
1107 1046 1156 1078 sic
1183 1045 1238 1076 ed.
1263 1042 1379 1076 Bentl.
1406 1041 1485 1084 quia
1510 1040 1645 1072 dulcius

181 1095 295 1118 aurem
311 1086 428 1127 feriat,
443 1093 479 1120 et
495 1088 659 1122 Horatius
674 1090 763 1122 hunc
775 1099 910 1121 versum
927 1089 1094 1121 libentius
1118 1088 1255 1121 claudat
1271 1086 1412 1119 Cretico
1428 1083 1531 1126 pede,
1546 1091 1646 1124 qnam

182 1127 343 1170 Dactylo.
388 1131 398 1148 ‘
415 1131 490 1163 Hoc
508 1133 676 1171 posterius
692 1133 764 1163 solo
780 1142 842 1164 suo
856 1133 1023 1164 arbitratu
1038 1131 1235 1164 Bentleium
1251 1130 1382 1168 dicere,
1403 1126 1506 1159 facile
1519 1125 1645 1157 intelli-

182 1175 242 1209 gat
255 1171 364 1204 lector
381 1172 528 1205 Horatii·
574 1175 619 1206 Et
635 1175 710 1215 quis
735 1175 783 1205 illi
811 1175 913 1214 dixit,
940 1181 1132 1215 postremas
1156 1179 1226 1205 tres
1251 1171 1396 1213 syllabas
1423 1170 1457 1201 in
1481 1167 1647 1200 mereberis

182 1213 357 1262 Creticum
373 1214 510 1248 efficere
524 1216 536 1246 ?
580 1217 740 1258 Denique
754 1217 812 1248 vix
829 1222 986 1258 apparet,
1007 1227 1069 1248 cur
1085 1225 1184 1248 aures
1197 1215 1363 1256 praeferre
1380 1212 1532 1244 debeant
1547 1219 1645 1241 mere-

183 1254 274 1287 beris.
307 1256 431 1297 ⁴Igitur
456 1258 699 1290 auctoritatem
723 1263 915 1290 ceterorum
942 1259 1091 1291 omnium
1112 1258 1277 1289 librorum
1303 1255 1414 1288 secuti
1437 1254 1647 1286 retineamus

182 1298 359 1331 merebere!
380 1299 559 1333 sant—1⁷
582 1301 718 1342 Lips.4.
741 1302 848 1333 eliciat
868 1303 1077 1334 cadum-18
1101 1300 1253 1342 Sulpitiis
1276 1298 1388 1338 multi,
1412 1296 1473 1329 sed
1491 1305 1569 1328 esse
1587 1295 1646 1326 de·

841 1407 984 1439 NOTAE

181 1487 349 1530 Francos)
375 1488 522 1522 adduxit
556 1495 677 1523 aestum
717 1500 757 1523 ac
791 1490 884 1523 sitim

181 1538 338 1581 proinde,
351 1539 542 1582 suadetque
557 1542 690 1582 pocula.
735 1541 884 1575 Quidam

180 1593 306 1631 putant
319 1590 431 1621 notari
445 1590 563 1622 horam
577 1590 647 1623 diei
659 1601 767 1623 coenae
778 1592 885 1624 desti»

179 1643 308 1679 natam,
321 1644 404 1680 puta
418 1649 540 1672 nonam
555 1642 608 1673 vel
619 1646 796 1674 octavam:
815 1652 884 1684 quo

179 1699 282 1722 sensu
303 1690 425 1731 Virgil.
450 1691 577 1733 Georg.
598 1702 656 1725 ιιι.
674 1696 749 1726 32⁷.
770 1693 778 1711 ‘
797 1693 885 1725 Inde

180 1739 238 1772 nbi
250 1744 373 1782 quarta
387 1741 480 1773 sitim
493 1743 570 1774 coeli
585 1743 764 1784 collegerit
776 1742 886 1775 bora!

225 1792 267 1822 1⁴
287 1789 439 1823 &essum
465 1792 595 1824 Calibus
621 1792 786 1836 Liberum]
815 1793 887 1825 Cur

181 1838 287 1872 Liber
314 1841 508 1873 nominetur
537 1842 708 1882 Bacchus,
733 1847 771 1875 et
794 1842 885 1884 quod

181 1901 245 1933 pro
261 1891 340 1923 vino
356 1897 517 1933 ponatur,
534 1894 589 1925 vel
603 1894 716 1926 sciolis
731 1903 886 1936 comper-

181 1947 266 1975 tum.
310 1943 368 1975 De
392 1944 534 1976 Calibus
560 1944 646 1978 urbe
674 1945 886 1987 Campaniae,

181 1993 292 2036 deque
309 1995 377 2026 vini
391 1995 512 2027 Caleni
523 1995 678 2029 bonitate
693 1997 764 2029 dixi
779 2006 806 2030 1.
817 1997 887 2029 od.

181 2045 235 2077 20.
257 2047 291 2077 9.
316 2045 387 2082 ubi,
415 2047 426 2064 ‘
442 2047 538 2087 prelo
565 2047 730 2079 domitam
756 2047 886 2080 Caleno

186 2116 195 2125 .
209 2115 218 2124 .
231 2115 241 2126 .
258 2103 358 2126 uvam
372 2095 394 2127 :’
414 2095 498 2128 item
525 2096 596 2128 Od.
617 2099 671 2129 31.
694 2097 704 2115 ⁴
719 2097 887 2130 Premant

185 2143 315 2176 Calena
329 2143 418 2177 falce
435 2168 443 2177 .
459 2168 468 2177 .
482 2169 492 2178 .
509 2146 640 2186 vitem,'
653 2150 718 2178 διο.

226 2193 389 2236 Liberum]
402 2195 535 2228 Seneca
547 2196 591 2228 de
604 2197 796 2240 Tranquill.
808 2208 886 2240 cap.

184 2246 237 2275 15.
253 2245 264 2261 ‘
283 2243 361 2275 Non
377 2244 421 2276 ob
438 2245 563 2286 linguae
585 2247 758 2280 licentiam
774 2248 888 2281 dictus

185 2293 302 2335 Liber,
315 2295 376 2326 sed
394 2295 473 2337 quia
490 2296 612 2330 liberat
633 2298 773 2331 servitio
789 2309 887 2332 cura·

183 2352 258 2375 rum
271 2343 431 2386 animum,
442 2346 720 2390 vegetioremque
737 2353 774 2380 et
784 2348 888 2381 auda·

183 2393 310 2426 ciorem
334 2395 368 2426 in
391 2405 508 2428 omnes
530 2403 673 2430 conatus
694 2397 778 2431 facit
799 2399 887 2432 Bac—

185 2441 266 2475 etius
280 2443 439 2476 inventor
456 2445 546 2478 vini.’

227 2495 268 2526 15
281 2494 439 2527 Juvenum
448 2496 600 2528 nobilium
612 2498 725 2540 cliens]
747 2497 779 2530 Ο
797 2500 889 2532 Pub·

185 2542 210 2574 li
233 2543 358 2586 virgili
384 2546 497 2587 Maro,
518 2548 575 2590 qui
607 2549 692 2580 colis
715 2549 888 2582 Tiberium

185 2593 406 2637 Dmsnmque
444 2597 603 2629 Nerones
646 2599 751 2631 Liviae
787 2599 888 2639 filios,

187 2642 391 2677 Marcellum
415 2645 565 2689 Augusti
595 2658 759 2689 generum
783 2655 888 2692 atque

189 2691 374 2747 adoptione
399 2695 520 2737 filium,
549 2699 700 2741 aliosque
725 2700 888 2733 Romanae

184 2743 378 2781 juventutis
394 2755 433 2777 ae
447 2747 637 2782 nobilitatis
651 2750 845 2792 Principes.

234 2794 276 2823 16
298 2792 410 2825 Narao
429 2797 501 2828 uino
514 2800 683 2843 merebere]
707 2799 808 2833 Affer
830 2812 890 2834 un-

192 2845 354 2884 guentum
369 2853 388 2876 e
399 2845 516 2887 nardo,
530 2857 594 2889 ego
610 2851 689 2883 vina
703 2851 889 2886 conferam.

937 1492 994 1524 De
1011 1491 1146 1524 nardini
1164 1489 1329 1532 unguenti
1353 1488 1466 1531 pretio
1492 1491 1528 1520 et
1547 1492 1647 1520 natu·

937 1552 990 1582 ra,
1016 1551 1056 1576 n.
1081 1542 1150 1574 Od.
1175 1545 1230 1574 11.
1258 1544 1311 1573 16.
1336 1540 1421 1572 Not.
1457 1539 1611 1571 Catullus
1627 1547 1647 1570 e

937 1593 1110 1624 contrario
1127 1592 1195 1625 Od.
1212 1601 1296 1624 ¹¹11.
1313 1591 1364 1623 ita
1381 1589 1579 1632 praescribit
1603 1589 1646 1620 ad

938 1643 1138 1675 Fabullum:
1165 1642 1175 1659 ‘
1192 1641 1353 1675 Coenabis
1381 1640 1481 1675 bene,
1509 1639 1554 1670 mi
1580 1639 1648 1670 Fa-

937 1693 1044 1733 bulle,
1058 1692 1150 1734 apud
1164 1702 1230 1731 me,
1244 1715 1252 1723 .
1264 1714 1272 1723 .
1285 1715 1294 1723 .
1305 1692 1340 1722 Si
1359 1696 1471 1722 tecum
1489 1690 1647 1721 attuleris

939 1743 1062 1775 bonam
1080 1747 1186 1784 atque
1209 1750 1367 1782 magnam
1388 1741 1526 1772 Coeuam
1530 1760 1646 1779 .....

940 1793 1008 1825 Sed
1036 1797 1158 1825 contra
1182 1791 1332 1833 accipies
1362 1799 1475 1822 meros
1504 1799 1649 1830 amores,

938 1845 1007 1876 Seu
1029 1843 1109 1886 quid
1134 1843 1269 1874 suavius
1284 1840 1532 1882 elegantiusve.
1557 1840 1647 1871 Nam

939 1898 1151 1936 unguentum
1169 1891 1286 1929 dabo,'
1300 1893 1367 1923 &c.

985 1947 1024 1976 1⁷
1049 1944 1156 1975 Nur-di
1175 1952 1295 1985 parvus
1308 1951 1394 1983 onyx
1410 1939 1512 1972 eliciet
1526 1941 1650 1979 cadum,

936 1994 1011 2037 &it-1
1042 1994 1222 2026 Modicum
1247 1991 1417 2034 unguenti
1441 2000 1462 2023 a
1484 1995 1520 2023 te
1543 1990 1649 2022 colla-

939 2049 1012 2076 tum
1028 2054 1047 2076 a
1060 2053 1114 2076 me
1131 2043 1414 2085 compensabitur
1429 2041 1564 2082 integro
1580 2040 1649 2071 vini

939 2094 1058 2136 optimi
1073 2094 1173 2136 cado,
1189 2093 1283 2136 quod
1300 2101 1363 2134 ego
1380 2097 1495 2134 petam
1509 2096 1545 2124 et
1561 2100 1650 2123 mer-

939 2146 1046 2178 cabor
1059 2155 1103 2177 ex
1120 2145 1249 2177 horreis
1266 2143 1425 2185 publicis.

986 2195 1099 2237 Onyx]
1125 2195 1254 2228 Graeca
1279 2204 1345 2226 vox
1371 2202 1520 2234 unguem
1547 2192 1650 2233 signi-

941 2244 1062 2287 ficans,
1076 2246 1208 2287 pariter
1232 2249 1268 2277 et
1291 2243 1529 2284 alabastriten,
1544 2242 1579 2275 id
1595 2247 1650 2274 est

942 2296 1088 2337 lapidem
1112 2296 1228 2328 colore
1249 2295 1395 2327 similem
1417 2294 1565 2326 humano
1590 2302 1650 2324 un·

944 2346 1014 2387 gni.
1050 2346 1108 2378 De
1122 2355 1164 2378 eo
1187 2345 1283 2378 Plin.
1302 2353 1437 2377 xxxvi.
1459 2347 1492 2376 7.
1526 2345 1536 2362 ‘
1552 2343 1650 2383 Ony-

945 2397 1032 2428 cheu
1054 2397 1240 2428 etiamnum
1263 2396 1297 2427 in
1319 2395 1460 2428 Arabiae
1481 2392 1650 2425 montibus

943 2456 1009 2479 nec
1023 2447 1104 2478 alibi
1126 2456 1267 2489 usquam
1283 2445 1379 2477 nasci
1395 2449 1561 2485 putavere
1573 2451 1652 2473 nos-

943 2498 989 2530 tri
1023 2496 1184 2530 veteres)
1220 2497 1267 2528 Et
1297 2505 1373 2536 cap.
1399 2504 1471 2535 seq.
1521 2491 1651 2523 ‘Hunc

944 2547 1052 2590 aliqui
1076 2547 1226 2587 lapidem
1258 2543 1482 2577 alabastriten
1514 2546 1652 2581 vocant,

945 2607 1046 2640 quem
1074 2600 1202 2629 cavant
1234 2594 1277 2626 ad
1306 2604 1386 2625 vasa
1414 2592 1653 2633 unguentaria,

945 2647 1102 2690 quoniam
1113 2646 1241 2687 optime
1251 2654 1348 2676 serva
1354 2653 1390 2675 re
1400 2642 1654 2684 incorruptadi-

944 2697 1059 2731 citur.’
1083 2696 1193 2728 Addit
1203 2702 1239 2728 et
1250 2695 1318 2727 alia
1333 2694 1489 2737 quaedam
1504 2702 1654 2726 xxxvn.

944 2753 977 2781 6.
1001 2749 1038 2780 iu
1059 2747 1142 2779 tine.
1174 2745 1373 2778 Dioscorid.
1389 2754 1424 2777 ν.
1441 2747 1517 2777 153.
1533 2745 1652 2777 memi-

946 2801 998 2832 nit
1022 2799 1126 2831 etiam
1152 2797 1226 2839 ejus
1246 2796 1387 2838 lapidis,
1417 2806 1436 2828 e
1463 2805 1530 2838 quo
1556 2795 1651 2828 facta

947 2861 1029 2885 vasa
1051 2848 1164 2890 ὄνυχες
1187 2847 1403 2881 dicebantur.
1435 2847 1555 2880 Isidor.
1576 2854 1653 2879 xvi.
