1904 3256
296 280 380 319 616
761 294 803 330 Q.
836 292 1043 322 HORA'rll
1080 290 1254 320 FLAcm

520 384 743 425 AEternum
765 385 1057 437 opprobrium,
1079 382 1196 435 quod
1215 382 1326 427 male
1346 383 1547 424 barbaras

688 449 859 501 Regum
880 454 946 490 est
966 450 1056 489 ulta
1075 448 1286 489 libidines.

522 515 687 554 Dicunt
706 516 749 555 in
768 519 915 554 tenero
936 514 1126 565 gramine
1147 514 1370 567 pinguium

520 579 740 620 Custodes
759 579 902 619 ovium
925 580 1116 619 carmina
1135 579 1294 627 fistula,
1666 579 1722 618 10

521 645 842 697 Delectantque
863 645 1023 694 Deum,
1043 645 1113 685 cui
1136 657 1271 698 pecus
1291 648 1333 685 et
1349 644 1459 696 nigri

688 709 833 750 Colles
853 709 1054 751 Arcadiae
1074 711 1261 764 placent.

520 773 757 815 Adduxere
779 775 895 815 sitim
918 779 1128 828 tempora,
1146 776 1303 828 Virgili
1323 788 1334 815 ε

301 897 483 937 sempiterna
495 896 663 935 ignominia
678 896 878 928 Atheniensis
883 896 1029 937 familioe,
1047 898 1118 936 quia
1132 898 1274 928 scelerate
1287 896 1454 927 vindicavit
1468 895 1627 926 immanem
1640 896 1724 934 regis
1738 907 1740 910 >

300 939 466 969 lasciviam.
505 939 652 969 Pastores
667 938 766 969 ovium
781 939 815 968 in
829 938 921 969 herba
935 939 1018 968 molli
1029 938 1196 969 cantilenas
1210 941 1354 969 resonant
1357 938 1578 979 fistula‚atque
1587 939 1724 968 recreant

300 988 422 1019 numen,
435 981 513 1020 quod
524 980 671 1019 gregibus
683 981 797 1019 gaudet
812 983 842 1010 et
856 979 1005 1010 umbrosis
1018 980 1144 1010 collibus
1156 980 1308 1011 Arcadioe.
1356 981 1384 1009 0
1401 978 1530 1019 virgili,
1542 982 1658 1018 tempus
1669 979 1723 1008 ad-

895 1071 1028 1084 ΟΜ
1031 1072 1126 1084 'm‘

297 1138 317 1165 9
342 1136 469 1167 Ducunt
494 1137 526 1166 in
549 1141 652 1168 tenero
669 1137 739 1168 Alt.
757 1141 873 1168 1.-10
895 1139 905 1156 ‘
920 1138 1041 1168 Dicere
1056 1137 1210 1168 carmen'
1233 1142 1361 1169 rectum
1378 1140 1446 1168 est:
1470 1135 1528 1167 sed
1555 1145 1598 1166 au
1622 1136 1723 1166 etiam

297 1179 305 1193 ‘
319 1177 433 1208 dicere
449 1187 583 1209 carmen
599 1179 709 1209 fistula
721 1178 747 1209 Γ
790 1178 895 1218 Atqui
911 1180 959 1209 sic
974 1179 1101 1209 editum
1118 1189 1138 1209 a
1154 1179 1336 1218 plerisque,
1358 1179 1399 1209 ab
1415 1179 1489 1217 ipso
1504 1177 1604 1208 etiam
1620 1178 1725 1208 Bent-

296 1218 373 1249 leio.
416 1219 480 1250 Cui
495 1228 561 1250 non
580 1219 714 1258 placent
732 1223 885 1250 auctores
901 1229 1004 1258 supra
1020 1219 1131 1259 positi,
1155 1219 1181 1249 is
1205 1224 1300 1250 certe
1315 1219 1362 1250 sic
1378 1218 1583 1257 distinguat:
1606 1217 1726 1249 Dicunt

299 1283 307 1291 .
322 1282 330 1290 .
345 1261 522 1297 marmium
547 1260 659 1301 fistula
684 1261 906 1300 Delectantque
924 1262 1031 1291 deum.-
1054 1264 1113 1291 aut
1137 1260 1258 1291 doceat
1279 1261 1289 1278 ‘
1307 1260 1453 1291 carmina
1476 1258 1543 1289 dici
1567 1258 1728 1290 fistula-'²

299 1301 475 1332 Gesn.—ll
491 1304 500 1319 ⁴
513 1302 718 1333 Delectantne
730 1311 812 1332 unus
825 1303 953 1333 Bersm.
963 1301 1060 1333 Gott.
1073 1301 1176 1333 Brod.
1187 1302 1266 1333 Sax.
1280 1301 1427 1332 Helmst.
1436 1300 1516 1332 Zar-
1527 1299 1728 1337 Gemi-Siw-

297 1347 335 1373 ut
345 1343 532 1383 jungatur:
554 1343 821 1384 carmina‚fistula
831 1345 1000 1374 delectante
1011 1343 1125 1381 Deum,
1139 1345 1192 1383 ὅγε.
1217 1343 1270 1374 Ita
1285 1342 1463 1383 legendum
1479 1341 1604 1373 aeriter
1621 1342 1727 1374 Gesn.

297 1384 483 1421 contendit,
498 1385 564 1424 vel,
579 1385 606 1414 si
621 1385 694 1424 quis
720 1386 867 1415 retinere
884 1385 966 1415 velit
985 1384 1216 1425 Delectantque,
1240 1388 1334 1415 certe
1359 1384 1408 1415 sic
1432 1383 1725 1423 distinguendum:

297 1425 445 1463 carmina,
457 1425 570 1467 fistula
592 1427 801 1465 delectantque
816 1426 931 1463 Deum,
941 1426 993 1464 ⁸1⁴⁶·
1036 1425 1155 1456 Movet
1170 1435 1244 1456 eum
1259 1425 1334 1464 hoc,
1348 1425 1435 1466 quod
1453 1425 1518 1455 dici
1542 1433 1641 1464 posse
1667 1433 1725 1455 ne-

297 1472 377 1506 gat:
400 1467 410 1483 ‘
422 1467 536 1498 dicere
552 1468 700 1498 carmina
723 1466 859 1498 fistula-⁸
904 1467 982 1497 Nou
998 1466 1144 1498 debebat
1159 1467 1221 1498 hoc
1237 1471 1330 1498 tanto
1343 1468 1414 1498 viro
1430 1465 1601 1506 excidere,
1615 1466 1667 1497 vel
1682 1465 1734 1496 ob'

296 1517 354 1539 ln.
370 1508 484 1540 0d.4.
508 1518 559 1549 pr.
585 1507 627 1539 cf.
653 1509 753 1540 etiam
777 1509 875 1548 Virg.
897 1509 970 1539 Ecl.
987 1517 1011 1539 1.
1027 1511 1057 1540 2.
1103 1508 1214 1540 Recte
1239 1517 1351 1540 omnes
1375 1509 1482 1540 ceteri
1503 1507 1586 1538 Mss.
1611 1512 1647 1539 et
1671 1507 1726 1539 ed.

296 1550 432 1581 carmina
444 1550 568 1591 fistula,
582 1551 791 1590 delectantque
806 1551 920 1585 Deum,
941 1551 992 1589 ⁸50·
1035 1551 1272 1590 Delectauteque
1284 1550 1439 1581 dominum
1453 1549 1596 1580 Mentel.
1639 1549 1723 1580 Mox

295 1592 396 1630 nigra·
411 1593 557 1622 Bentleii
570 1592 700 1622 Battel.
716 1598 752 1623 et
766 1592 815 1622 sic
831 1592 898 1626 ille,
914 1591 995 1622 item
1013 1591 1098 1622 eun.
1113 1592 1236 1623 Sanad.
1247 1592 1334 1623 Sivr.
1365 1590 1646 1631 compositionem
1663 1591 1726 1622 viri

296 1633 388 1664 docti
413 1634 462 1664 sic
488 1634 731 1673 elegantiorem
757 1642 831 1664 esse
858 1637 991 1672 putant.
1034 1633 1120 1663 Mihi
1148 1633 1237 1674 nigri
1262 1633 1365 1664 colles
1391 1633 1510 1663 melius
1534 1631 1729 1672 placebant,

295 1684 394 1714 quam
411 1674 506 1714 nigra
522 1673 681 1712 Arcadia,
695 1674 846 1714 inprimis
862 1674 895 1704 in
912 1679 1005 1705 tanto
1021 1674 1181 1710 librorum
1198 1673 1388 1706 consensu.'
1409 1674 1499 1706 Jani.
1543 1673 1727 1705 Delectant-

295 1726 352 1755 que
367 1716 463 1746 Harl.
483 1718 511 1746 1.
525 1719 555 1747 2.
573 1718 602 1747 3.
617 1717 648 1746 4.
664 1718 781 1747 6.-13
804 1717 813 1732 ‘
830 1716 927 1746 Nova
953 1716 1028 1746 hinc
1055 1716 1118 1746 ode
1141 1726 1194 1755 ap.
1222 1717 1272 1748 Cl.
1295 1717 1383 1747 Sivr.
1428 1715 1587 1747 Advexere
1608 1714 1678 1746 Ait.
1694 1718 1727 1746 2.

301 1757 434 1796 Vergilii
449 1763 529 1788 uota
545 1758 688 1788 varietas
713 1757 747 1788 in
764 1757 873 1787 multis
888 1756 966 1788 edd.
1009 1757 1075 1788 Sed
1091 1757 1216 1796 vergili,
1232 1757 1414 1788 minusculo
1435 1767 1465 1794 υ,
1488 1756 1616 1788 emend.
1642 1757 1727 1788 Sivr.

298 1808 359 1838 pro
375 1799 509 1838 vergilii,
533 1809 554 1830 a
573 1800 584 1816 ⁴
597 1799 793 1838 vergilium:
817 1799 850 1829 h.
865 1808 896 1829 e.
921 1804 1015 1829 ortus
1031 1799 1266 1839 Vergiliarum,
1282 1809 1378 1840 quem
1401 1799 1449 1830 ita
1470 1799 1538 1830 dici
1564 1807 1662 1839 posse
1677 1797 1728 1828 nit

296 1841 412 1880 (posse
429 1841 576 1880 quidem,
593 1850 668 1870 num
686 1850 846 1881 nusquam
862 1841 1008 1871 occurrit
1025 1840 1252 1881 vocabulum),
1279 1840 1559 1882 quemadmodum
1573 1839 1728 1871 dicantur

294 1883 304 1898 ⁴
318 1881 580 1922 aequiuoctium‚’
593 1883 602 1898 ⁴
619 1880 863 1921 plenilunium‚'
877 1882 886 1898 ⁶
900 1881 1078 1911 solstitium
1093 1881 1114 1911 :'
1137 1887 1172 1912 et
1188 1883 1280 1922 expl.
1302 1883 1311 1899 ‘
1325 1887 1477 1922 tempora
1493 1881 1621 1921 vergilii
1637 1881 1727 1912 sitim

297 1922 496 1963 adduxere‚’
510 1923 542 1955 h.
558 1932 589 1954 e.
605 1932 679 1954 cum
697 1923 772 1953 vino
788 1922 838 1953 ita
859 1922 1094 1963 providissem,
1108 1927 1144 1954 ut
1160 1927 1288 1954 tautum
1312 1933 1415 1964 usque
1430 1923 1472 1954 nd
1493 1928 1602 1954 ortum
1618 1922 1728 1954 Pleia-

951 2015 980 2047 N
987 2013 1088 2047 OTAE

297 2099 355 2121 nas
383 2090 437 2120 vel
463 2098 561 2129 reges
589 2088 798 2121 Athenarum
826 2089 986 2130 pertinet.
1039 2089 1136 2120 ‘Pan
1154 2090 1247 2121 Deus
1263 2089 1442 2121 Arcadiael

297 2138 512 2179 Significatur
534 2138 601 2179 itaq
609 2147 648 2169 ue
667 2139 720 2170 liic
738 2138 920 2170 Pandionis
935 2137 985 2169 fa·
1082 2142 1120 2171 11
1146 2140 1244 2178 Nigri
1262 2139 1377 2180 Colles]
1400 2139 1480 2179 Vel,
1494 2137 1670 2171 umbriferi
1684 2140 1727 2171 ob

297 2188 478 2225 milia‚etsi
494 2188 628 2219 minime
644 2188 787 2228 Cecropi
797 2189 847 2219 vel
864 2190 985 2220 Cecro-
1038 2189 1173 2229 sylvas3
1218 2189 1283 2224 vel,
1319 2187 1464 2227 fertiles,
1498 2197 1574 2219 nam
1610 2188 1728 2228 Virgil-

298 2238 386 2279 pidis
399 2243 554 2277 cognata.
585 2237 804 2278 Opprobrium]
819 2237 907 2270 Quia
919 2247 986 2269 ma·
1038 2237 1164 2277 Georg.
1181 2245 1220 2267 11.
1235 2240 1309 2268 203.
1326 2236 1336 2253 ‘
1354 2238 1459 2276 Nigra
1474 2235 1545 2268 fere
1558 2241 1594 2267 et
1610 2245 1726 2276 presso

299 2288 330 2317 le
350 2292 385 2318 et
404 2287 526 2328 injuste
543 2290 688 2317 mactato
703 2286 761 2327 Ity
776 2286 856 2326 filio,
873 2286 985 2317 libidi·
1038 2286 1168 2326 pinguis
1186 2285 1246 2316 sub
1263 2294 1393 2316 vomere
1405 2290 1496 2316 terra
1508 2285 1648 2325 Optima
1659 2284 1728 2316 fru-

299 2345 375 2367 nem
399 2335 470 2376 ejus
492 2335 600 2375 patris
621 2334 723 2366 Terei
742 2335 856 2366 ulcisci
881 2335 987 2366 voluit
1039 2333 1184 2366 mentis)

300 2385 374 2425 ipsa
389 2389 497 2415 mater
513 2384 656 2414 Procne.
1081 2387 1121 2415 12
1143 2382 1302 2422 Arcadia]
1327 2382 1551 2423 Peloponnesi
1568 2382 1663 2423 regio
1676 2386 1728 2414 est

341 2436 362 2464 9
383 2433 503 2464 Dicunt
528 2432 563 2463 in
587 2435 702 2471 tenero,
729 2430 799 2472 ξω]
827 2431 986 2462 Pastores
1037 2433 1284 2463 mediterranea
1297 2431 1338 2463 ab
1352 2431 1484 2463 Arcade
1495 2432 1590 2464 Jovis
1605 2437 1639 2462 et
1651 2432 1727 2463 Cal-

300 2483 420 2514 ludunt
445 2481 558 2514 fistula
583 2481 616 2512 in
643 2481 793 2521 gramine
819 2480 990 2520 sedentes,
1034 2483 1132 2514 listus
1147 2481 1216 2513 filio
1241 2487 1447 2522 nuncupata,
1469 2483 1634 2513 montanis
1651 2492 1728 2523 pas—

301 2539 492 2575 canuntque
527 2533 643 2565 laudes
680 2533 791 2564 Panos
827 2532 988 2572 gregibus
1038 2532 1109 2563 cuis
1135 2540 1277 2570 amoena,
1301 2537 1338 2562 et
1365 2531 1440 2562 hinc
1465 2531 1624 2571 gregibus
1649 2531 1728 2562 edu-

301 2583 516 2623 praesidentis
531 2587 566 2614 et
581 2582 721 2614 collibus
735 2581 904 2613 Arcadiae.
930 2581 991 2612 Vi·
1038 2579 1152 2612 candis
1166 2580 1372 2620 colendoque
1389 2580 1474 2610 Pani
1484 2579 1626 2612 devota:
1645 2579 1730 2612 Poe'-

303 2632 346 2662 de
363 2640 417 2663 111.
434 2632 502 2664 Od.
518 2635 570 2663 18.
595 2631 715 2672 Virgil.
736 2631 810 2662 Ecl.
827 2639 867 2662 ιι.
890 2630 900 2648 ‘
916 2631 990 2662 Pan
1039 2629 1083 2660 tis
1102 2629 1224 2669 passim
1240 2628 1524 2661 decantatissima.

301 2681 426 2721 primus
450 2683 594 2712 calamos
609 2690 688 2712 cera
702 2680 904 2720 conjungere
919 2680 991 2719 plu-
1083 2681 1121 2709 13
1147 2678 1311 2709 Adduxere
1332 2678 1418 2708 sitim
1440 2677 1589 2717 tempora]
1618 2676 1725 2708 Adul-

304 2739 356 2760 res
371 2729 524 2761 Instituit
537 2739 547 2768 ;
563 2730 636 2760 Pan
649 2733 746 2760 curat
761 2739 851 2764 oves,
863 2729 991 2760 ovium·
1043 2731 1114 2759 tum
1130 2736 1188 2758 ver
1202 2736 1241 2758 ac
1258 2727 1331 2767 Jam
1348 2731 1545 2767 provectum
1561 2726 1613 2768 (in
1628 2726 1730 2758 Italia

306 2788 371 2820 que
397 2777 597 2819 magistros.’
644 2778 689 2811 Et
715 2779 788 2812 Ecl.
816 2787 866 2810 w.
892 2782 929 2810 et
952 2786 989 2811 x.
1044 2775 1202 2808 videlicet
1230 2775 1371 2808 calidius
1409 2785 1504 2816 quam
1541 2775 1632 2816 apud
1667 2783 1728 2807 nos
