1890 3256
335 282 443 324 {144
793 296 838 332 Q.
870 293 1075 324 nonA'rir
1109 290 1278 339 iimcc}

333 386 495 427 Verum
517 397 591 425 seu
613 384 774 437 pisces,
796 395 872 423 seu
893 389 1066 435 porrum
1085 385 1128 422 ct
1147 394 1267 434 caepe
1288 382 1492 431 trucidas,

334 452 470 492 Utere
490 450 701 502 Pompeio
723 448 947 500 Grospbo;
979 451 1033 497 et,
1053 447 1091 487 si
1111 447 1212 500 quid
1235 451 1367 499 petet,
1385 448 1496 488 ultro
1554 454 1557 457 ’

334 516 488 556 Deser:
517 515 577 555 nil
597 514 825 566 Grosphus
844 514 928 553 nisi
948 526 1090 554 verum
1109 513 1249 553 orabit
1267 516 1312 552 et
1326 525 1509 566 aequum.

333 580 449 621 Vilis
469 580 705 620 amicorum
725 581 790 618 est
809 590 990 626 annona,
1009 578 1137 617 bonis
1157 578 1230 617 ubi
1249 578 1354 630 quid
1371 578 1491 618 de’st.

333 645 404 686 Ne
426 651 569 686 tamen
588 644 755 696 ignores
776 655 862 695 quo
882 643 941 682 sit
962 642 1159 683 Romana
1177 643 1276 683 loco
1296 655 1389 694 res3

332 710 550 751 Cantaber
568 708 792 760 Agrippae,
814 706 966 748 Claudi
985 708 1144 748 virtute
1165 708 1353 748 Neronis
1664 716 1669 719 ⁷

331 830 576 880 sivepiscaesice
590 839 712 878 porrum
725 833 780 861 aut
793 839 873 868 caepe
887 828 1010 876 occidis?
1018 827 1222 876 familiariter
1235 828 1343 860 adhibe
1358 829 1537 877 Rornpeium
1554 807 1749 876 cros-phuam}

332 881 367 902 ιισ
380 881 409 902 sz
421 873 538 912 aliquid
551 875 682 911 rogarit,
703 874 807 911 sponte
829 872 917 900 dona.
963 870 1050 899 Nzlnt
1075 870 1230 909 Grosphus
1250 873 1335 908 petet
1355 879 1416 900 msz
1437 873 1552 901 rectum
1570 873 1600 900 et
1614 873 1746 908 μείνω.

337 913 414 943 Vilia
430 917 475 944 est
488 914 652 944 amicorum
662 915 837 952 proventus,
855 911 974 951 quando
989 910 1072 940 bonis
1086 911 1238 950 quidpiam
1253 912 1346 942 deest.
1383 911 1434 941 Ne
1447 914 1548 941 autem
1561 911 1676 941 nescias
1689 920 1746 950 quo

333 957 416 985 statu
441 955 483 985 sit
511 954 710 994 Respublica.-
736 952 885 983 Cantabri
907 952 944 982 ub
959 950 1110 990 Agrippa,
1123 951 1265 982 Armenii
1289 962 1308 982 α
1335 952 1464 982 Claudio
1486 953 1608 983 Nerone
1631 950 1750 983 subacti

925 1033 1161 1055 eeeeeeoem'o

332 1111 426 1148 pont.
443 1108 593 1146 Francis,
611 1107 821 1145 Fea‚Bothe‚
837 1108 958 1144 Jaeek,
979 1112 1014 1138 et
1032 1108 1185 1147 Doering.
1195 1107 1306 1138 delirat
1331 1105 1474 1138 Chisian.
1491 1108 1609 1138 5.-21
1637 1106 1755 1138 Ver-um⁴

333 1149 389 1180 ubi
405 1158 457 1179 seu
478 1149 557 1180 Vat.
579 1151 608 1180 1.
630 1158 753 1188 porrum
776 1159 855 1189 ηερε
868 1150 1002 1180 trucidas
1017 1149 1244 1180 Schoenborn.
1254 1151 1370 1180 2.—22
1389 1148 1529 1188 Grospho
1541 1147 1570 1178 si
1582 1147 1667 1188 quid,
1678 1148 1754 1178 sine?

333 1194 376 1228 et,
393 1190 618 1221 Schoenborn.
633 1194 663 1221 2.
677 1193 764 1228 petat
779 1190 930 1230 Angelic.
947 1193 976 1221 3.
993 1190 1211 1221 Marklandns
1227 1190 1449 1230 interpungit,
1468 1190 1497 1220 si
1517 1189 1590 1230 quid
1607 1191 1691 1228 petet
1704 1189 1750 1220 ul-

333 1235 395 1270 tro,
407 1231 511 1269 Differ.
528 1237 562 1262 et
575 1232 623 1261 sic
639 1232 738 1262 etiam
754 1231 886 1263 Wakef.
903 1240 937 1262 et
951 1233 1190 1271 Doering.-23
1216 1230 1306 1271 Offer
1322 1232 1404 1262 Exc.
1425 1231 1503 1262 Sax.
1520 1238 1574 1261 nec
1592 1229 1752 1270 Grosphus

334 1273 412 1303 Vat.
429 1276 458 1303 1.
473 1283 544 1304 veru
559 1273 659 1303 orabit
673 1276 703 1303 et
714 1282 800 1312 oequu
814 1273 892 1304 Vat.
909 1274 1018 1303 Paiat.
1032 1276 1148 1304 6.-24
1171 1273 1238 1303 Pro
1253 1274 1346 1310 deest,
1361 1272 1447 1313 qnod
1461 1271 1567 1303 ceteri
1593 1271 1691 1302 codd.
1715 1274 1751 1302 et

333 1314 412 1344 edd.
427 1314 597 1354 exhibent,
613 1315 777 1345 Baxterns
792 1323 833 1344 ex
845 1315 1041 1354 quibusdam
1055 1313 1313 1345 codd.Lambini
1323 1314 1430 1345 edidit
1444 1313 1533 1353 de’st‚
1545 1320 1685 1352 eumque
1701 1320 1752 1342 se-

334 1356 404 1386 cuti
420 1355 522 1387 Gesn.
543 1356 648 1387 Zeun-
666 1356 799 1395 Bipont.
815 1356 930 1387 Comb.
945 1366 1042 1387 nemo
1057 1358 1318 1394 praeterea.—25
1343 1356 1410 1386 Nec
1434 1359 1534 1387 tamen
1558 1354 1651 1385 Van.
1671 1356 1704 1384 ⁴1.
1719 1355 1752 1384 9;

334 1397 428 1428 Vatt.
441 1398 535 1428 Rom.
546 1400 578 1428 4.
588 1401 619 1428 7.
633 1398 806 1428 Barberin.
817 1400 847 1428 2.
860 1398 1007 1429 Florent.
1019 1400 1114 1429 1482.
1127 1403 1163 1429 et
1172 1398 1308 1428 Venett.
1318 1399 1411 1428 1483.
1423 1397 1601 1428 moa-26
1611 1395 1752 1426 Schoen-

972 1481 1002 1512 N
1009 1480 1110 1512 OTAE

1067 1552 1132 1574 non
1158 1543 1254 1574 valde
1280 1542 1435 1574 absimili.
1471 1542 1746 1579 Plaut.Trinum.

1067 1591 1304 1622 ‘Carissimam
1340 1592 1518 1631 proborum
1547 1599 1620 1621 esse
1650 1599 1750 1621 anno-

334 1552 410 1573 mox
426 1543 484 1574 cit.
502 1543 610 1583 Epist.
623 1543 664 1574 ad
679 1544 829 1574 Pisones.

375 1593 415 1621 21
439 1591 500 1622 Seu
519 1592 627 1631 pisces,
643 1602 692 1621 seu
711 1602 846 1632 porrum,
859 1591 927 1631 ξω]
950 1591 1016 1623 Seu

334 1640 438 1678 laute,
465 1649 521 1670 seu
549 1640 726 1679 frugaliter
755 1641 898 1671 victitas.
942 1641 1018 1677 Vei,

335 1698 393 1719 scu
409 1690 640 1729 Pythagoreus
657 1699 691 1720 es
708 1690 913 1730 sobriusque,
923 1693 960 1720 et
975 1690 1017 1720 ab

335 1739 424 1769 omni
439 1739 628 1770 animalium
642 1749 742 1770 carne
758 1739 916 1779 abstines,
928 1741 1018 1780 legu-

335 1787 475 1818 minibus
499 1793 608 1818 autem
625 1787 714 1819 vesci
734 1797 838 1827 amas,
853 1797 910 1819 seu
932 1798 1024 1819 more

336 1835 577 1875 Epicureorum
601 1829 709 1875 pisces
730 1846 768 1867 ac
785 1836 890 1876 dapes
906 1837 1022 1878 exqui-

335 1883 416 1913 sitas
439 1884 591 1915 sectaris.
633 1883 675 1914 In
691 1884 819 1915 deliciis
842 1885 950 1925 pisces
965 1886 1021 1915 ha-

335 1931 423 1962 bitos
440 1937 532 1970 patet
548 1941 590 1961 ex
605 1932 705 1962 dictis
721 1941 759 1962 11-
776 1933 847 1963 Sat.
861 1935 893 1962 4.

376 1981 417 2009 22
442 1980 535 2009 Utere
549 1979 693 2019 Pompeio
712 1980 867 2019 Grospho]
890 1980 929 2010 Iu
944 1990 1021 2011 con-

336 2026 525 2057 tubernium
555 2031 646 2058 tuum
683 2037 722 2058 ac
756 2027 1018 2060 familiaritatem

333 2075 455 2106 adhibe
478 2076 674 2116 Pompeium
690 2075 892 2116 Grosphum,
916 2078 1019 2118 Equi-

335 2130 402 2156 tem
425 2125 487 2156 Ro.
511 2135 528 2156 e
550 2125 663 2158 Sicilia
684 2125 873 2157 oriundum.
917 2127 1017 2158 Hunc

335 2173 482 2216 Horatii.
498 2173 600 2207 fuisse
625 2173 778 2214 amicum,
800 2179 870 2205 tum
893 2184 935 2206 ex
957 2175 1019 2206 hoc

334 2223 411 2253 loco
428 2219 619 2259 innotescit,
634 2231 708 2253 curn
724 2232 764 2253 ex
781 2232 820 2254 11.
836 2223 913 2254 Ode
931 2226 982 2255 16.

377 2273 418 2302 24
446 2271 525 2302 Vilis
545 2271 707 2301 amicorum
727 2276 771 2302 est
797 2282 927 2311 annona,
949 2273 1018 2314 «ξς-0.]

335 2321 446 2351 Parvo
469 2324 624 2350 constant
644 2320 755 2358 amici,
771 2330 846 2351 cum
863 2322 940 2352 boni
956 2322 1018 2352 viri

334 2379 402 2400 non
428 2369 560 2400 omnino
581 2374 658 2400 sunt
684 2370 823 2400 divites:
848 2370 905 2401 hos
929 2371 1016 2402 enim

336 2419 395 2450 viii
409 2419 516 2459 pretio
532 2418 740 2458 comparabis
762 2418 890 2458 tibique
905 2419 1018 2460 adjun-

335 2477 406 2508 ges,
428 2467 586 2499 videlicet
606 2467 693 2498 haud
717 2468 763 2498 ita
778 2466 944 2507 difficiles,
959 2468 1018 2499 sed

336 2516 518 2555 officiosos;
539 2516 627 2546 haud
643 2516 675 2546 in
693 2516 840 2556 petendo
856 2517 1018 2557 importu-

335 2575 408 2604 nos,
418 2565 476 2596 sed
493 2564 710 2596 verecundos.
743 2565 790 2596 At
805 2570 922 2597 contra
936 2575 1018 2606 opu·

334 2615 456 2652 lentos,
470 2615 595 2654 quippe
611 2617 648 2644 ut
663 2614 840 2653 plurimum
862 2623 1017 2655 arrogan-

336 2666 388 2693 tes
418 2672 456 2693 ac
487 2662 659 2702 superbos,
695 2662 859 2694 demereri
892 2664 1018 2705 sibique

336 2710 514 2742 conciliare
530 2720 594 2742 non
610 2712 658 2742 ita
677 2710 774 2742 facile
790 2717 854 2744 est.
898 2713 1018 2743 Passe-

338 2759 441 2791 ratius
458 2759 551 2799 iegit,
566 2759 651 2790 bonis
669 2760 720 2790 ubi
732 2760 805 2799 quid
818 2762 890 2792 des:
914 2761 1018 2792 Sensu

1069 1640 1167 1679 nam,'
1181 1641 1241 1679 ait,
1255 1642 1264 1658 ‘
1281 1640 1502 1680 improborum
1519 1648 1597 1670 vero
1611 1647 1752 1680 proven-

1071 1694 1141 1720 tum
1157 1690 1262 1720 multo
1277 1689 1502 1720 uberrimum?
1744 1702 1749 1706 -

1071 1737 1078 1742 '
1113 1740 1153 1769 26
1177 1738 1328 1770 Cantaber
1346 1738 1508 1779 Agrippae,
1531 1736 1601 1778 &cx-J
1622 1737 1675 1768 Ex
1699 1736 1748 1767 his

1071 1787 1221 1818 innuitur
1245 1787 1373 1828 scripta
1400 1787 1474 1818 hice
1500 1786 1658 1826 Epistola,
1684 1783 1754 1814 Au·

1072 1841 1168 1875 gusto
1190 1841 1319 1866 sextum
1343 1836 1491 1873 consule,
1513 1842 1597 1864 anno
1622 1833 1754 1872 imperii

1071 1885 1141 1923 ejus
1157 1884 1286 1914 decimo
1300 1887 1406 1922 sexto,
1423 1883 1480 1923 qui
1493 1881 1556 1913 fuit
1577 1882 1752 1922 insignitus

1070 1931 1193 1971 triplici
1209 1931 1280 1971 ejus
1297 1931 1449 1966 victoria,
1462 1930 1677 1971 Cantabrica,
1689 1929 1753 1962 Ar-

1071 1980 1214 2017 menica,
1242 1979 1408 2010 Parthica.
1464 1979 1589 2020 Georg.
1622 1979 1753 2017 Fabric.

1073 2027 1169 2058 Anno
1188 2028 1228 2058 U.
1242 2027 1279 2059 C.
1291 2028 1425 2059 circiter
1439 2030 1513 2060 733.
1535 2028 1719 2062 Cantabros
1734 2038 1755 2060 a

1073 2077 1111 2107 L.
1130 2077 1258 2108 AEmilio
1276 2077 1346 2117 jam
1370 2081 1448 2108 ante
1472 2077 1663 2108 debilitatos
1685 2077 1751 2108 vic-

1073 2130 1203 2166 tosque,
1223 2130 1258 2156 at
1283 2135 1410 2157 rursum
1433 2125 1554 2157 beilum
1581 2131 1753 2157 moventes

1072 2174 1222 2214 Agrippa
1252 2174 1395 2215 subegit.
1448 2174 1573 2205 Eodem
1602 2179 1752 2214 tempore

1069 2223 1221 2253 Tiberius
1237 2222 1269 2252 in
1286 2222 1476 2253 Armeniam
1493 2221 1664 2263 profectus
1679 2231 1755 2263 reg-

1070 2280 1148 2301 num
1177 2271 1311 2310 Tigrani
1341 2271 1502 2302 restituit.
1545 2272 1666 2303 Parthi
1696 2272 1754 2303 de·

1070 2329 1159 2351 mum
1176 2320 1223 2350 his
1247 2319 1391 2360 perculsi
1415 2320 1592 2350 amicitiam
1610 2320 1754 2360 Augusti

1071 2370 1284 2409 petiverunt:
1337 2368 1565 2408 Phraatesque
1615 2377 1754 2408 regnum

1073 2427 1166 2448 suum
1183 2417 1406 2456 recuperavit.

1117 2466 1283 2505 Cantaber]
1307 2467 1358 2496 De
1378 2465 1556 2496 Cantabris
1575 2455 1620 2498 110⁸
1633 2465 1700 2499 od.
1716 2470 1748 2499 6.

1072 2525 1126 2547 111.
1139 2515 1206 2547 Od.
1221 2517 1252 2545 8.
1268 2523 1318 2544 ιν.
1336 2513 1401 2543 Od.
1416 2516 1467 2544 14.

1112 2562 1276 2603 Agrippoe]
1289 2562 1377 2593 Vide
1394 2563 1488 2594 citat.
1503 2572 1579 2594 mox
1590 2571 1631 2594 ιι.
1644 2563 1710 2595 ΟΔ.
1720 2566 1751 2595 6.

1115 2611 1224 2644 Claudi
1245 2611 1361 2642 virtute
1383 2612 1516 2642 Neronis
1529 2612 1693 2644 Armenius
1707 2623 1753 2644 ce-

1071 2662 1161 2701 cidit]
1182 2661 1318 2692 Sueton.
1332 2660 1447 2691 Tiber.
1463 2669 1538 2701 cap.
1550 2663 1581 2692 9.
1595 2665 1604 2679 ·
1620 2661 1754 2701 Stipen-

1071 2711 1127 2742 dia
1158 2710 1264 2749 prima
1300 2709 1516 2749 expeditione
1553 2709 1756 2742 Cantabrica.

1071 2759 1239 2791 Tribunus
1256 2759 1395 2791 militum
1408 2757 1500 2791 fecit.
1524 2758 1658 2790 Deinde
1673 2758 1752 2790 duc-
