1904 3256
651 319 929 352 SERMONUM
964 320 1057 350 mn.
1091 320 1121 349 1.
1150 308 1193 350 3.
1563 306 1648 348 805

197 415 286 458 Cur
305 417 348 458 in
371 416 610 458 amicorum
634 415 754 456 vitiis
775 419 862 456 tam
884 415 1026 456 cernis
1046 416 1242 462 acutum,
1436 426 1456 442 θ

197 482 346 532 Quam
366 487 441 525 aut
455 481 624 536 aquila,
647 487 723 523 aut
741 495 920 536 serpens
942 480 1214 536 Epidaurius
1229 479 1248 519 ‘l
1298 478 1360 520 At
1378 476 1462 519 tibi
1479 476 1637 518 contra'

198 549 373 599 Evenit,
392 549 611 603 inquirant
632 548 744 588 vitia
761 553 810 589 ut
826 555 902 589 tua
917 561 1069 589 rursus
1090 551 1132 588 et
1149 546 1228 587 illi.

198 615 458 656 Iracundior
476 619 545 655 est
564 615 734 668 paulo?
765 615 909 656 minus
927 619 1057 669 aptus
1078 614 1221 656 acutis

197 681 394 724 Naribus
413 683 563 722 horum
584 681 805 722 hominum
824 683 843 722 ‘l
874 681 1006 723 rideri
1027 681 1189 734 possit,
1212 692 1266 720 eo
1288 679 1408 733 quod

198 748 430 790 Rusticius
453 751 581 789 tonso
603 753 706 801 toga
727 748 895 798 defluit,
922 752 966 789 et
990 748 1108 788 male
1135 747 1263 788 laxus

198 817 254 858 In
273 814 388 870 pede
408 816 583 857 calceus
602 816 742 857 haeret
757 817 776 856 'l
836 817 899 857 At
916 821 984 857 est
1004 816 1163 864 bonus,
1184 818 1234 855 ut
1254 813 1409 854 melior
1427 811 1492 853 vir

1594 675 1652 717 30

196 939 252 967 tua
274 937 366 976 vitia,
387 937 519 977 lippiens
542 937 639 968 oculis
661 938 788 973 ινα-ῆς,-
812 947 906 977 quare
922 938 955 969 in
974 939 1109 978 peccatis
1135 938 1302 969 amicorum
1324 938 1400 968 adeo
1420 935 1586 976 perspicax
1609 942 1652 981 ορ,

195 980 280 1009 velut
294 979 410 1020 aquila,
423 983 479 1011 unt
493 980 609 1019 anguis
627 979 840 1020 Epidaurius?
889 979 1002 1011 Verum
1025 981 1084 1011 tibi
1110 980 1250 1011 vicissim
1272 980 1398 1016 accidit,
1414 982 1449 1009 ut
1464 979 1558 1009 etiam
1572 976 1652 1006 vitm

196 1023 251 1051 mu
265 1021 322 1052 alia·
339 1022 461 1062 puriter
474 1022 644 1062 inquirunt.
690 1021 747 1052 Sic
761 1023 886 1061 quidam
901 1023 991 1054 aiunt
1002 1033 1012 1053 :
1035 1022 1088 1054 Ad
1102 1023 1183 1053 irum
1198 1023 1251 1053 ille
1269 1022 1429 1063 paululum
1445 1023 1490 1051 est
1511 1019 1653 1059 pronior.-

194 1071 307 1102 purum
329 1064 457 1095 idoneus
480 1063 608 1095 naribus
621 1064 752 1094 istorum
768 1065 944 1096 hominum.-
968 1065 1061 1096 illudi
1084 1068 1188 1105 potest
1209 1066 1288 1105 quod
1304 1068 1378 1102 toga
1391 1062 1548 1094 delabitur
1562 1060 1592 1091 ei
1604 1060 1655 1090 in·

195 1105 342 1137 concinne
359 1109 445 1137 tonso
455 1117 468 1143 ,·
489 1109 581 1146 atque
597 1106 699 1137 laxior
714 1107 834 1137 calceus
854 1107 927 1146 pedi
953 1116 1012 1138 non
1037 1107 1111 1138 bene
1134 1107 1277 1138 inhaeret.
1321 1106 1385 1138 Sed
1405 1105 1517 1146 probus
1530 1106 1576 1135 ast
1591 1102 1654 1140 vir,

809 1199 1045 1212 eeeeeeeeeeee

200 1251 389 1299 deas-Harl.
405 1255 436 1285 6.
456 1257 492 1284 et
513 1253 639 1284 Acron.
661 1255 836 1294 praevideas
860 1255 974 1287 Bentl.
991 1265 1034 1287 ex
1050 1257 1252 1297 conjectura
1266 1255 1440 1296 Rutgersii
1454 1258 1491 1286 et
1511 1251 1656 1285 Heinsii.

197 1294 359 1333 pervideas
377 1294 474 1325 Harl.
487 1298 518 1326 2.
532 1299 564 1326 3.
577 1298 609 1326 4.
624 1298 656 1326 7.
683 1297 738 1327 alii
766 1303 800 1328 et
823 1297 902 1329 edd.
927 1303 1010 1329 vett.
1057 1299 1111 1330 Ita
1138 1299 1216 1330 Nic.
1234 1299 1396 1329 Heinsius
1421 1298 1462 1328 ad
1488 1295 1592 1327 Ovid.
1611 1303 1655 1325 ex

201 1335 316 1367 Ponto
330 1345 354 1368 1.
369 1339 402 1368 7.
425 1339 480 1368 43.
509 1338 747 1378 ‘quanquam,'
772 1339 894 1379 inquit,
919 1340 1112 1379 ‘praevideas
1131 1341 1200 1371 sint
1224 1341 1280 1381 qui
1298 1341 1434 1379 legant:
1459 1347 1525 1369 non
1543 1335 1655 1368 male!

200 1377 339 1408 Deinde
355 1387 416 1418 pro
431 1379 522 1416 mala,
544 1380 680 1419 quidam
695 1380 793 1411 codd.
810 1381 948 1421 Cruquii
965 1387 1000 1412 et
1017 1383 1145 1413 Muret.
1161 1384 1264 1418 mane,-
1287 1387 1323 1412 et
1342 1383 1391 1412 sic
1408 1381 1550 1411 edidere
1574 1379 1653 1409 Mu-

200 1423 264 1450 ret.
281 1419 394 1451 Benn.
407 1419 588 1451 Heindorf.
606 1416 741 1453 Wakef.
758 1425 792 1452 et
803 1422 909 1458 Kidd.
956 1422 1032 1453 Vid.
1051 1423 1129 1455 Nic.
1148 1423 1308 1454 Heinsius
1324 1422 1366 1453 ad
1380 1421 1486 1453 Ovid.
1502 1421 1594 1451 Fast.
1612 1429 1654 1451 n.

201 1461 498 1492 1⁷0.—29‘Benti.
524 1463 612 1503 conj.
637 1463 767 1493 aduncis
792 1473 852 1503 pro
876 1463 1075 1495 acutia—34
1100 1466 1110 1483 ‘
1126 1465 1282 1496 Lambini
1307 1465 1436 1505 aliquot
1459 1463 1595 1495 codices
1620 1466 1656 1493 et

861 1533 1000 1564 No'rAE

199 1591 256 1632 tis]
279 1591 441 1625 Quamvis
451 1593 581 1634 optime
599 1594 715 1625 videas
728 1600 787 1626 tua
797 1596 900 1635 mala,

197 1641 360 1673 connives
377 1647 491 1674 tamen
507 1644 548 1675 ad
564 1644 636 1680 iiia,
647 1644 816 1685 fingisque
834 1654 900 1675 non

199 1691 329 1732 videre,
343 1693 439 1734 quasi
451 1693 562 1734 lippus,
573 1695 767 1735 habensque
785 1696 901 1726 oculos

199 1743 350 1775 mordaci
381 1742 504 1784 pituita
533 1743 678 1775 suffusos
717 1754 783 1784 qua
814 1746 901 1775 visus

201 1793 292 1824 acies
305 1793 509 1825 obtunditur
523 1799 560 1825 et
575 1795 787 1826 obscuratur.

243 1846 284 1874 2⁷
303 1843 436 1885 Aquila]
465 1843 576 1875 Acuto
594 1853 728 1884 prorsus
743 1845 815 1875 visu
833 1844 906 1884 pol·

201 1894 261 1925 let.
306 1894 396 1925 Pliu.
414 1903 451 1926 x.
469 1897 501 1925 3.
544 1895 631 1926 Vide
649 1904 727 1937 quae
744 1895 903 1926 annotavi

203 1952 253 1975 ιν.
271 1943 340 1976 Od.
360 1947 391 1976 4.

246 1993 380 2034 Serpens
402 1994 605 2034 Epidaurius]
629 1994 818 2035 Metonym.
839 2005 901 2035 pro

205 2042 358 2082 quolibet
385 2049 559 2084 serpente,
583 2053 643 2074 seu
675 2045 798 2084 potius,
826 2045 904 2076 dra-

205 2099 304 2128 cone,
319 2091 375 2132 qui
391 2101 410 2122 a
424 2091 551 2132 δέρκειν,
567 2094 619 2123 vel
642 2095 776 2133 δρακεῖν,
790 2094 905 2130 videre,

205 2149 328 2172 nomen
364 2142 526 2182 accepit3
561 2143 655 2182 quasi
685 2141 736 2182 ὀξὺ
764 2143 907 2184 βλέπων,

204 2193 294 2221 acute
313 2191 513 2231 perspiciens.
556 2192 647 2224 Hinc
664 2193 832 2224 thesauris
857 2193 906 2224 in-

205 2241 368 2272 cubantes
393 2241 570 2278 dracones,
598 2251 699 2274 causa
725 2243 906 2283 custodiae,

205 2290 337 2332 antiqui
354 2289 537 2322 finxerunt.
573 2291 665 2323 Fest.
682 2293 738 2324 De
755 2293 906 2333 Epidau-

205 2340 255 2371 rio
281 2346 441 2380 serpente
472 2341 545 2372 Liv.
571 2341 631 2372 lib.
652 2349 705 2373 xi.
730 2343 905 2383 Epitome,

205 2390 282 2422 Val.
298 2390 393 2422 Max.
410 2399 432 2421 ι.
447 2392 478 2422 8.
499 2395 536 2422 et
551 2391 621 2423 aiii.
667 2391 801 2432 Nempe
827 2403 903 2423 eum

207 2445 304 2482 peste
334 2440 412 2473 urbs
440 2441 624 2481 laboraret,
654 2452 696 2473 ex
734 2444 904 2484 Sibyllinis

206 2491 299 2523 libris
315 2492 455 2524 Romani
480 2492 626 2534 profecti
649 2500 728 2526 suut
752 2494 903 2534 Epidau-

209 2549 281 2572 rum
296 2541 521 2583 Peloponnesi
536 2543 726 2584 civitatem,
751 2544 808 2575 ubi
834 2544 905 2576 AEs-

208 2589 360 2630 enlapius
375 2592 561 2625 colebatur.
605 2593 758 2635 Cumque
779 2603 903 2625 numen

210 2637 396 2671 invitarent
421 2645 458 2672 ut
488 2642 628 2674 Romam
654 2653 690 2674 se
718 2642 904 2679 conferret,

209 2696 347 2727 serpens
361 2697 420 2720 sen
435 2689 645 2733 AEscuiapius
656 2693 775 2734 anguis
789 2694 905 2734 specie

211 2741 414 2776 conspectus
429 2743 482 2770 ent
495 2740 538 2771 ad
549 2750 666 2774 navem
677 2743 906 2775 Romanorum

212 2794 368 2827 pergere.
411 2786 534 2829 ltaque
550 2790 688 2823 Romam
705 2792 855 2832 delatus,
871 2794 905 2824 in

211 2835 319 2868 insula
332 2834 464 2868 Tiberis
475 2846 551 2869 cum
567 2839 678 2872 triduo
695 2842 785 2874 visus
801 2847 906 2883 esset,

955 1602 1074 1638 postea
1097 1608 1162 1630 non
1187 1598 1391 1639 comparuit.
1437 1597 1514 1628 Illic
1541 1601 1655 1627 autem

956 1653 1141 1687 posuerunt
1156 1647 1244 1678 illius
1256 1648 1483 1678 simulacrum.

997 1700 1040 1728 29
1064 1697 1248 1728 Irucundior
1263 1700 1308 1727 est
1322 1694 1431 1735 paulo]
1470 1695 1535 1726 His
1554 1694 1656 1725 versi-

957 1746 1018 1777 bus
1036 1747 1178 1777 indicari
1194 1755 1234 1778 ac
1247 1746 1340 1776 velut
1357 1745 1450 1785 pingi
1464 1744 1656 1783 Virgilium,

955 1796 1060 1827 tradit
1079 1802 1172 1828 vetus
1191 1796 1377 1836 Interpres.

998 1847 1108 1877 Minus
1133 1850 1224 1886 aptus
1253 1846 1354 1877 acutis
1382 1845 1522 1876 Naribus
1551 1845 1658 1875 horum

954 1895 1125 1936 hominum]
1143 1897 1268 1927 Parum
1281 1900 1381 1937 aptus
1397 1895 1440 1926 ad
1454 1903 1655 1935 congressus

955 1947 1140 1978 aulicorum
1164 1947 1347 1986 hominum,
1369 1947 1426 1987 qui
1451 1945 1564 1975 solent
1581 1953 1658 1975 esse

955 1997 1092 2028 dicaces
1108 2005 1147 2027 ac
1163 1996 1348 2027 derisores:
1372 1996 1490 2037 qtiales
1504 1999 1583 2025 sunt
1600 1994 1659 2034 qui

955 2047 1058 2079 acutis
1080 2052 1159 2079 suut
1182 2048 1322 2079 naribus.
1367 2047 1465 2078 Pers.
1481 2047 1551 2078 Sat.
1564 2054 1590 2076 1.
1603 2048 1658 2076 40.

956 2098 966 2115 ⁸
981 2097 1098 2134 Rides,
1122 2098 1182 2137 ait,
1207 2107 1246 2129 ac
1269 2097 1366 2128 nimis
1391 2096 1485 2128 uncis
1509 2095 1658 2127 Naribus

959 2147 1142 2188 indulges!

1001 2199 1042 2227 81
1066 2197 1231 2228 Rustic-ius
1252 2199 1339 2227 tonso
1359 2199 1434 2235 toga
1455 2194 1577 2237 defluit,
1591 2194 1660 2235 ἔγω]

958 2245 1037 2277 'rria
1065 2246 1198 2277 scilicet
1226 2245 1327 2276 aulici
1359 2245 1444 2276 vitia
1472 2243 1658 2285 exprobra-

960 2294 1044 2325 bant
1059 2295 1217 2335 Virgilio,
1234 2295 1325 2336 quod
1347 2295 1551 2333 iracundior,
1567 2292 1658 2334 quod

958 2344 1122 2375 morosior
1133 2349 1236 2383 esset,
1246 2345 1335 2386 quod
1345 2344 1498 2385 corporis
1512 2345 1658 2374 nitorem

957 2393 1160 2434 habitusque
1187 2394 1455 2425 concinnitatem
1484 2392 1573 2423 haud
1600 2401 1658 2422 cu-

958 2448 1061 2476 raret.
1104 2443 1145 2474 In
1161 2443 1224 2474 liae
1241 2453 1342 2484 porro
1354 2443 1466 2474 cultus
1483 2440 1658 2479 negligen-

959 2494 1006 2526 tia
1023 2494 1089 2525 tria
1111 2493 1167 2525 hic
1189 2499 1368 2524 notantur:
1395 2490 1497 2532 quod,
1512 2489 1660 2519 rustico-

958 2553 1031 2574 rum
1056 2551 1162 2582 more,
1185 2542 1291 2572 barba
1314 2540 1399 2570 male
1423 2544 1533 2573 tonsa,
1548 2542 1585 2569 et
1603 2547 1659 2569 ca·

959 2592 1030 2633 pilli
1046 2590 1259 2631 inaequaliter
1274 2588 1466 2626 decurtati3
1491 2587 1580 2628 quod
1605 2591 1658 2618 to·

959 2651 1002 2682 ga
1018 2650 1084 2671 non
1102 2639 1184 2669 satis
1202 2638 1413 2677 composita;
1437 2636 1527 2677 quod
1550 2636 1659 2668 calcei

960 2690 1103 2731 pedibus
1120 2687 1208 2719 haud
1225 2687 1312 2718 bene
1329 2686 1400 2726 apti
1416 2691 1452 2717 et
1468 2694 1659 2717 accommo-

959 2740 1044 2772 dati.
1089 2737 1253 2771 Ovidius:
1288 2737 1367 2769 ‘Ne
1392 2746 1496 2778 vagus
1523 2736 1556 2767 in
1580 2736 1658 2767 laxa

961 2800 1021 2833 pes
1038 2789 1100 2821 tibi
1116 2789 1205 2830 pelle
1219 2786 1339 2819 natet!

1003 2843 1044 2873 32
1066 2839 1112 2873 At
1126 2842 1174 2872 est
1188 2838 1295 2879 bonus,
1309 2837 1379 2879 ξω]
1411 2838 1495 2870 Tres
1511 2838 1657 2870 virtutes
