1904 3256
420 390 562 432 Dives
583 396 626 432 et
645 391 831 442 lasciva,
853 396 1058 446 tenetque
1077 397 1201 446 grata

417 525 570 568 Terret
590 527 822 568 ambustus
844 527 1076 571 Phaethon
1094 541 1258 570 avaras

618 297 890 328 CARM¹NUM
926 296 1022 326 [AB.
1056 296 1122 327 iv.
1159 286 1228 328 ll.
1561 290 1647 331 613

761 459 989 514 Compede
1010 459 1219 502 vinctum.

1592 529 1647 570 25

418 594 558 647 Spes;
589 598 632 636 et
652 596 904 648 exemplum
925 588 1056 650 grave
1074 597 1246 650 praebet
1270 596 1362 638 ales

417 661 634 715 Pegasus,
657 666 875 704 terrenum
897 664 1087 718 equitem
1110 667 1318 717 gravatus

763 731 1130 786 Bellerophonten
1146 744 1158 783 ;

415 797 602 850 Semper
622 802 670 839 ut
690 801 731 839 te
753 799 886 851 digna
905 810 1107 851 sequare,
1127 802 1185 848 et,
1207 798 1323 839 ultra

1592 865 1649 907 30

416 863 564 915 Quam
586 865 693 907 licet
712 877 890 920 sperare
910 865 1036 907 nefas
1057 865 1271 919 putando,

416 930 654 985 Disparem
676 933 805 974 vites.

865 931 962 986 Age
983 932 1095 987 jam,
1116 945 1314 974 meorum

762 1001 888 1042 Finis
909 1014 1125 1052 amorum,

186 1115 276 1155 virgo
291 1117 432 1158 opulenta
447 1121 479 1149 et
488 1122 648 1159 proterva,
665 1119 839 1160 retinetque
845 1119 997 1158 jucundis
1011 1120 1146 1152 vinculis
1160 1121 1335 1152 astrictum.
1384 1120 1529 1152 Ceterum
1546 1118 1650 1150 Phae·-

186 1158 261 1190 uum
285 1164 496 1192 concrematus
518 1161 674 1193 desideria
694 1162 806 1202 cupida
827 1162 1022 1203 comprimit:
1045 1163 1182 1194 volucris
1204 1167 1307 1194 autem
1331 1164 1486 1202 Pegasus,
1504 1161 1650 1202 graviter

180 1199 290 1238 serens
305 1202 573 1243 Bellerophontem
593 1205 726 1245 equitem
748 1208 939 1244 terrestrem,
964 1205 1090 1244 insigne
1114 1207 1328 1237 documentum
1350 1209 1494 1246 proestat,
1514 1208 1549 1236 ‘ul
1571 1213 1651 1234 nun-

187 1252 342 1282 quamnon
351 1248 467 1276 sectere
490 1245 549 1276 tibi
569 1247 794 1285 convenientia,
809 1246 983 1287 fugiasque
996 1247 1191 1283 dissimilem,
1208 1249 1295 1286 nefas
1320 1248 1530 1279 existimando
1544 1250 1650 1287 petere

185 1286 254 1325 plus
265 1296 358 1327 quum
371 1288 466 1319 decet.
513 1287 604 1320 Heus
617 1298 756 1320 amorum
780 1290 932 1320 terminus
948 1299 1084 1321 meorum
1097 1291 1252 1331 deinceps,
1277 1290 1368 1332 (nam
1383 1291 1417 1322 in
1428 1294 1586 1331 posterum
1601 1288 1648 1320 ul-

796 1381 1040 1394 “Nem-em

183 1444 269 1477 item
283 1450 361 1485 post
374 1445 533 1487 juvenem,
549 1456 680 1479 comma
698 1447 918 1488 ponendum.’
932 1448 1109 1480 ὠκὺ-24
1126 1449 1279 1489 Compede
1294 1448 1440 1488 junceum
1455 1449 1650 1489 Franeq.-

183 1490 225 1520 25
238 1488 342 1520 Multi
357 1489 511 1521 scribunt
528 1490 679 1522 phaeton.
700 1490 762 1522 Gr.
772 1495 826 1522 est
839 1489 974 1522 Φαέθων·
988 1491 1056 1523 vid.
1073 1491 1190 1532 Apoll.
1203 1492 1304 1524 R-rv.
1318 1493 1482 1524 598.-27
1499 1491 1649 1530 Cuning.

186 1530 337 1570 Pegasos.
368 1531 581 1573 Lips.l.am.
597 1542 666 1564 sec.
682 1533 719 1564 et'
735 1533 827 1574 Lips.
838 1536 870 1565 4.
884 1533 1091 1575 Tyrrhenum,
1105 1533 1197 1566 facili
1210 1535 1411 1576 lapsu.—28
1424 1533 1648 1573 Bellorophon-

185 1575 247 1604 tem
261 1573 360 1605 codd.
373 1584 430 1615 ap.
445 1574 539 1608 Jani.
582 1576 844 1617 Bellerophonten
859 1576 901 1608 T.
919 1577 1001 1608 Fab.
1018 1577 1134 1609 Bentl.
1149 1578 1294 1618 Cuning.
1306 1578 1408 1608 Baxt.
1420 1578 1526 1609 Gesn.
1539 1576 1649 1608 Zeun.

185 1615 321 1649 Wakef.
329 1617 448 1649 Comb.
462 1622 497 1649 et
507 1618 614 1649 Kidd.
628 1624 787 1661 tanquam
802 1619 1020 1660 exquisitiori
1036 1620 1156 1659 fornia,
1172 1631 1192 1652 a
1209 1625 1304 1651 recto
1316 1622 1325 1638 ‘
1336 1618 1649 1660 Bellerophontes!

184 1657 252 1690 Sed
268 1668 385 1691 omnes
399 1660 500 1692 codd.
517 1661 646 1693 liabent
660 1661 945 1702 Bellerophontem.
987 1662 1064 1695 Vid.
1077 1664 1160 1694 Var.
1173 1663 1270 1694 Lect.
1289 1663 1330 1693 ad
1348 1671 1404 1694 ιιι.
1420 1663 1487 1693 Od.
1502 1665 1534 1693 4.
1547 1665 1600 1693 27.
1612 1667 1649 1692 et

185 1709 240 1733 ιιι.
257 1701 326 1734 od.
343 1705 396 1734 29.
415 1705 557 1735 17.-29
581 1704 708 1745 Semper
722 1708 754 1735 et
774 1708 805 1735 te
825 1704 924 1744 dignu
944 1703 1087 1736 Ascens.
1123 1705 1252 1746 Semper
1266 1706 1340 1736 vitoe
1354 1706 1451 1744 digna
1468 1704 1650 1735 Pulmanni

185 1743 361 1778 Gemblac.
378 1748 409 1777 1.
434 1755 496 1787 pro
513 1756 543 1777 v.
560 1747 668 1778 1.-30
690 1747 867 1783 Quemlibet
889 1756 1014 1788 sperare
1033 1748 1124 1789 Lips.
1147 1750 1263 1779 4.-31
1289 1748 1446 1788 Dispares
1462 1746 1554 1787 Lips.
1571 1749 1650 1777 4.—

845 1833 986 1865 NOTAE

227 1896 339 1929 Puella
364 1896 464 1929 Dives
496 1900 528 1929 et
560 1897 690 1938 lasciva]
734 1896 788 1929 An
825 1897 884 1928 illa

183 1947 300 1985 Chloe,
316 1947 359 1979 de
374 1958 442 1990 qua
458 1957 516 1982 111.
531 1948 599 1980 Od.
615 1950 667 1980 19.

223 2001 264 2031 23
283 1999 435 2040 Tenetque
444 2003 540 2039 gratu
558 2000 711 2040 Compede
725 1998 882 2041 vinctum]

183 2049 260 2081 Suis
290 2050 461 2082 amoribus
493 2059 631 2091 snaeque
657 2050 751 2081 velut
780 2050 886 2081 servi-

185 2099 253 2130 tuti
268 2108 404 2140 prorsus
420 2099 596 2132 addictum
612 2100 724 2131 habet.

228 2153 268 2182 25
289 2150 396 2182 Terret
414 2150 574 2182 ambustus
591 2150 755 2181 Phaethon
776 2159 889 2181 avarus

186 2200 282 2243 Spes]
306 2199 482 2242 Exemplis
501 2200 624 2242 probat
639 2200 805 2232 Horatius
822 2210 889 2232 non

185 2260 259 2283 esse
285 2251 319 2283 id
348 2251 581 2293 appetendum
597 2250 686 2292 quod
711 2254 764 2282 est
784 2260 887 2292 snpra

184 2309 258 2341 nos,
272 2301 432 2343 quodque
445 2301 502 2333 vix
518 2310 658 2342 sperare
675 2306 734 2333 aut
751 2301 887 2343 assequi

184 2351 235 2383 fas
254 2352 424 2384 videatur.
470 2352 566 2384 Nota
580 2357 632 2383 est
651 2352 797 2384 cuilibet
818 2353 886 2384 his-

184 2404 273 2436 toria
294 2408 331 2435 et
352 2413 452 2436 casus
474 2402 710 2444 Phaethontis,
727 2404 784 2445 qui
808 2414 886 2436 cnm

184 2453 272 2486 solis
287 2463 421 2486 currum
438 2463 611 2496 equosque
625 2464 745 2495 regere
762 2456 888 2497 cupiis-

184 2508 252 2544 set,
263 2504 274 2522 ⁸
288 2513 408 2536 currus
426 2504 545 2546 auriga
561 2503 718 2546 paterni'
743 2510 888 2538 temera·

187 2553 268 2594 rius,
285 2555 296 2573 ‘
313 2556 445 2597 magnis
467 2555 598 2588 excidit
614 2555 702 2587 ansis
713 2554 736 2596 ;’
760 2556 793 2588 in
809 2557 886 2589 Eri-

186 2602 309 2636 danum
322 2604 420 2638 Jovis
435 2604 579 2637 fulmine
595 2605 762 2646 dejectus.
799 2606 886 2637 Vide

188 2653 324 2686 Platon.
353 2656 387 2688 in
412 2656 557 2697 Timaeo,
587 2656 693 2689 Ovid.
723 2657 813 2689 Met.
843 2666 885 2689 ιι.

189 2704 326 2736 Lucret.
341 2706 401 2739 lib.
417 2717 451 2739 v·
465 2710 530 2740 &c-

231 2757 275 2786 26
297 2755 373 2786 Ales
397 2757 548 2797 Pegasus,
572 2762 727 2791 terrenum
753 2759 886 2800 equitem

185 2808 352 2847 gravatus,
365 2805 435 2847 ἔγω]
458 2808 511 2839 De
526 2804 662 2850 Pegaso
678 2811 768 2842 alato
784 2820 887 2853 equo,

188 2857 279 2889 iuter
308 2855 421 2890 sidera
448 2858 570 2899 relato,
594 2859 667 2892 (lixi
692 2869 716 2893 1.
741 2860 811 2895 Od.
831 2864 887 2894 27.

942 1897 1113 1929 Terrenum
1134 1898 1282 1939 equitem,
1307 1897 1501 1936 mortalem,
1524 1906 1649 1938 nempe

938 1947 1224 1989 Bellerophontem,
1235 1947 1293 1990 qui
1306 1958 1326 1979 a
1339 1947 1478 1979 Bellero
1491 1947 1647 1979 Corinthi

938 2008 1021 2040 rege
1050 1997 1236 2030 interfecto
1267 1998 1471 2030 vocabulum
1503 1998 1646 2029 sortitus

937 2055 990 2081 est
1004 2048 1243 2090 Hipponomus
1259 2055 1362 2081 antea
1377 2048 1504 2079 dictus.
1545 2048 1646 2081 Quod

940 2109 1021 2131 vero
1038 2100 1190 2141 pertinet
1206 2099 1249 2131 ad
1273 2109 1342 2131 rem
1364 2103 1585 2140 praesentem,
1600 2100 1650 2130 di-

937 2152 1029 2183 citnr
1045 2152 1073 2183 is
1094 2156 1172 2192 post
1194 2151 1342 2183 occisam
1369 2151 1497 2183 anxilio
1522 2152 1648 2193 Pegasi

939 2202 1141 2235 Chimaeram
1155 2201 1314 2234 secundis
1326 2201 1428 2233 rebus
1439 2203 1562 2241 elatus,
1575 2207 1648 2233 ten-

939 2257 1030 2285 tasse
1043 2253 1078 2284 in
1094 2253 1217 2285 coelnm
1230 2253 1332 2284 etiam
1350 2252 1505 2294 ejusdem
1522 2252 1649 2293 Pegasi

939 2313 1006 2344 ope
1035 2303 1235 2344 ascendere,
1263 2308 1303 2336 nt
1327 2303 1408 2345 quid
1435 2309 1552 2344 ageret
1579 2303 1649 2334 illic

938 2353 1078 2395 Jupiter
1091 2353 1318 2395 perspiceret.
1342 2353 1391 2385 At
1403 2358 1509 2385 oestro
1523 2363 1543 2383 a
1558 2351 1648 2384 Jove

941 2405 1092 2437 immisso
1108 2405 1263 2446 Pegasus
1286 2403 1450 2445 fatigatus
1480 2412 1647 2435 sessorem

941 2456 1109 2496 excussit,
1125 2456 1183 2498 qui
1199 2455 1361 2488 membris
1384 2453 1570 2486 confractis
1589 2452 1649 2483 de-

941 2507 1058 2539 cidens
1073 2507 1218 2539 curiosae
1236 2505 1428 2538 ambitionis
1452 2513 1570 2547 poenas
1589 2513 1647 2534 ex-

941 2559 1055 2590 solvit.
1102 2557 1193 2589 Vide
1222 2565 1248 2588 1.
1272 2555 1342 2586 Od.
1367 2557 1420 2586 27.
1443 2554 1504 2586 cit.
1530 2557 1566 2585 et
1590 2562 1646 2585 111.

942 2609 1012 2641 od.
1026 2612 1057 2641 7.
1074 2613 1109 2639 et
1128 2610 1180 2638 12.

984 2662 1027 2691 29
1054 2659 1098 2690 Ut
1120 2661 1152 2689 te
1176 2657 1274 2697 digna
1296 2655 1440 2697 sequare]
1464 2655 1513 2688 Ut
1537 2656 1645 2687 virum

941 2709 1138 2742 conditione
1151 2707 1213 2738 tibi
1227 2706 1370 2738 similem
1386 2715 1548 2747 sequare:
1566 2716 1647 2747 qna-

940 2761 981 2792 lis
1007 2759 1199 2791 Horatius:
1225 2756 1394 2797 disparem
1422 2766 1517 2798 vero,
1537 2757 1646 2799 qualis

939 2810 1123 2852 Telephus,
1138 2817 1204 2840 non
1221 2811 1353 2840 tantum
1369 2817 1437 2839 non
1454 2817 1575 2849 speres
1587 2814 1648 2840 ant

942 2860 1108 2903 sequaris,
1125 2858 1187 2891 sed
1209 2856 1308 2890 vites·
1353 2857 1449 2890 Alias
1473 2858 1560 2891 male
1583 2858 1647 2889 tibi
