1930 3242
645 282 923 317 sannionum
958 282 1054 314 nm.
1084 283 1139 313 ιι.
1168 272 1210 313 2.
1576 272 1663 314 929

213 377 465 421 Latrantem
487 377 762 419 stomachum
782 377 894 418 bene
912 377 1058 419 leniet.
1118 374 1246 417 Unde
1274 375 1441 429 putas?
1474 380 1552 416 aut

213 444 308 496 Qui
327 444 534 499 partum‘?
593 442 699 484 Non
719 443 765 483 in
787 455 890 484 caro
910 442 1062 484 nidore
1082 442 1287 496 voluptas

215 512 409 561 Summa,
430 509 511 551 sed
531 509 576 550 in
598 514 642 550 te
663 510 763 562 ipso
785 514 865 551 est.
923 509 996 550 Tu
1017 500 1312 564 pulmentaria
1332 521 1476 563 quaere

214 577 453 619 Sudando:
482 577 689 631 pinguem
712 575 848 625 vitiis,
869 576 1118 630 albumque,
1136 588 1280 630 neque
1301 579 1458 630 ostrea,

1608 510 1665 551 20

215 715 405 747 stomachum
428 715 718 747 obmurmurantem.
769 716 859 747 Unde
884 717 996 755 credis,
1019 717 1068 747 vel
1092 717 1237 756 quomodo
1261 716 1306 748 sic
1319 715 1466 753 suctum?
1509 713 1671 748 Nimirum

215 767 333 788 summa
347 758 486 798 voluptas
500 757 583 788 haud
598 759 631 789 in
647 758 738 789 odore
752 758 888 789 ciborum
909 758 1145 798 exquisitorum,
1169 759 1223 790 sed
1245 759 1280 789 in
1306 762 1399 789 temet
1422 757 1575 788 consistit.
1623 756 1670 786 Tu

214 799 407 831 condonent«
426 809 503 840 pam
527 799 587 831 tibi
607 802 648 831 ud
670 801 812 831 sudorem
829 809 925 840 usque
946 801 1122 831 laborando.
1168 800 1336 832 Enimvero
1359 801 1470 831 vitiose
1494 799 1627 840 opimum
1642 801 1673 828 et

818 892 1061 905 ‘romonae‘

214 961 302 990 -19
328 959 411 991 Caro
432 969 494 991 non
516 959 552 990 in
573 959 681 990 nidore
704 959 848 1000 voluptas
871 959 1105 1000 Cuning.—2l
1130 958 1228 991 Harl.
1246 962 1278 990 2.
1294 961 1326 990 4.
1344 959 1387 990 al.
1403 959 1484 990 Vet.
1501 957 1620 989 Comb.
1638 961 1674 988 et

215 1000 373 1041 quaedam
390 1006 476 1034 vett.
492 1001 571 1033 edd.
589 1006 668 1032 ante
686 1001 800 1032 Bentl.
819 1011 876 1032 nec
889 1005 1002 1033 ostrea.
1047 1002 1057 1019 ‘
1077 1002 1169 1040 Lege
1185 1011 1228 1032 ex
1243 1002 1380 1041 scriptis
1405 1005 1440 1032 et
1462 1001 1542 1031 oliui
1560 999 1675 1037 editis,

215 1052 312 1084 neque
326 1047 440 1075 ostrea.
486 1045 599 1076 Semel
613 1049 714 1075 antea
728 1044 772 1075 de
787 1043 839 1075 his
855 1044 984 1084 monui,
999 1043 1088 1085 quod
1107 1044 1189 1075 satis
1206 1043 1283 1076 est!
1301 1044 1410 1075 Bentl.
1454 1043 1509 1075 Ita
1526 1042 1624 1074 Harl.
1640 1044 1674 1073 3.

874 1137 1021 1171 NOTAE

215 1212 229 1232 ⁴
242 1211 351 1243 Varro
367 1211 586 1252 pulmentarii
601 1212 677 1244 vice
692 1221 769 1244 usos
785 1216 919 1245 veteres

220 1266 342 1293 auctor
360 1265 435 1292 est:
456 1261 595 1292 esitasse
610 1262 699 1293 enim
723 1263 827 1293 salem
843 1272 919 1294 cum

219 1319 309 1351 pane
324 1315 361 1342 et
374 1319 486 1350 caseo,
498 1315 538 1342 ut
553 1311 735 1352 proverbio
751 1311 922 1354 apparet!

975 1222 1041 1246 nou
1058 1223 1159 1255 pane,
1175 1213 1300 1245 vixisse
1321 1213 1422 1254 longo
1440 1217 1594 1254 tempore
1610 1212 1676 1243 Ro·

973 1272 1094 1295 manos
1120 1261 1351 1303 manifestum,
1365 1263 1522 1303 quoniam
1545 1261 1624 1292 inde
1641 1265 1678 1292 et

974 1313 1203 1353 pulmentaria
1214 1312 1382 1353 hodieque
1394 1309 1578 1342 dicuntur.'
1592 1310 1677 1341 Por-

220 1359 275 1392 Ex
302 1359 489 1391 Plutarcho
512 1360 633 1401 Symp.
658 1370 708 1392 lv.
732 1370 765 1402 q.
784 1364 817 1393 4.
833 1361 922 1393 citra

219 1409 326 1440 salem
353 1407 436 1439 nibil
468 1417 575 1448 prope
604 1413 660 1440 est
685 1409 838 1442 edendo:
863 1411 920 1451 qui

214 1465 344 1497 ,panem
356 1465 490 1498 quoque
506 1461 638 1497 gratum
662 1457 747 1489 facit
762 1458 899 1490 additus
913 1469 921 1489 :

217 1506 366 1546 hincque
382 1505 566 1545 Neptunus
589 1505 712 1537 eodem
735 1517 802 1548 quo
819 1507 923 1540 Ceres

218 1556 348 1597 templo
363 1555 496 1587 colitur.
514 1555 697 1588 Cic-Tusc.
709 1566 741 1588 ν.
754 1567 796 1588 ex
808 1558 925 1590 Xeno-

218 1605 348 1646 phonte
362 1616 370 1637 ι
387 1607 397 1624 ⁸
411 1605 528 1637 Persae
546 1606 627 1637 nihil
640 1606 682 1637 ad
696 1616 817 1647 panem
829 1608 925 1639 adhi-

222 1655 352 1687 bebant
365 1655 544 1697 quicquam
560 1661 685 1696 praeter
701 1658 927 1689 nasturtium!

266 1706 307 1736 18
334 1704 424 1736 Unde
448 1703 568 1746 putas?
587 1705 657 1745 6⁶13]
693 1705 793 1737 Unde
823 1710 923 1747 putas

220 1753 297 1786 fieri
314 1757 352 1785 nt
362 1753 535 1794 jucundus
558 1758 640 1785 tunc
656 1754 812 1786 videatur
827 1755 923 1787 cibus

223 1802 370 1846 quilibet
385 1803 462 1834 vilis
477 1808 512 1834 et
527 1803 709 1844 parabilis?

227 1854 229 1857 ’
263 1855 307 1885 20
323 1853 540 1885 Pulmentan'u
551 1863 654 1894 quoere
668 1853 832 1894 Sudamio]
848 1854 922 1894 Op-

223 1912 305 1935 sona
320 1901 444 1935 famem
467 1902 666 1942 laborando,
690 1908 796 1944 tuque
813 1903 869 1935 fac
886 1909 923 1935 ut

222 1953 287 1986 tibi
313 1954 444 1995 quaevis
462 1962 554 1987 ,esca
577 1954 734 1985 videatur
756 1953 868 1985 suavis
887 1958 923 1986 et

226 2002 365 2043 optima.
401 2002 476 2034 Cic.
505 2003 607 2034 Tusc.
640 2008 675 2034 v.
706 2003 763 2035 cit.
785 2003 795 2020 ‘
808 2002 924 2034 Parvo

225 2054 322 2085 cultu
336 2057 458 2085 natura
473 2058 647 2085 contenta.
692 2053 777 2086 Quis
792 2062 862 2084 non
874 2054 922 2085 vi-

225 2102 286 2135 det
298 2101 477 2134 desideriis
489 2102 617 2135 condiri
632 2103 744 2134 omnia
756 2103 768 2133 ?
799 2102 924 2134 Darius

227 2153 262 2184 in
281 2151 377 2193 fuga,
389 2160 466 2183 cum
486 2162 608 2193 aquam
631 2151 802 2183 turbidam
817 2155 853 2183 et
868 2161 924 2182 ca-

226 2202 407 2234 daveribus
422 2202 635 2243 inquinatam
655 2201 810 2243 bibisset,
821 2210 924 2242 nega—

225 2253 277 2284 vit
314 2262 460 2295 uuquam
496 2262 531 2284 se
567 2252 694 2284 bibisse
728 2251 925 2293 jucundius.

226 2303 410 2343 Nunquam
447 2301 608 2334 videlieet
635 2302 752 2333 sitiens
782 2301 928 2333 biberat.

227 2353 304 2389 Nec
319 2354 472 2385 esuriens
488 2353 695 2384 Ptolemaeus
715 2352 846 2392 ederat,
871 2353 927 2383 cui

227 2410 303 2434 cum
318 2403 515 2444 peragranti
529 2402 726 2444 AEgyptum,
748 2402 927 2434 comitibus

227 2461 295 2485 non
310 2453 514 2494 consecutis,
528 2453 673 2484 cibarius
689 2453 723 2483 in
739 2462 816 2484 casa
832 2452 927 2493 panis

231 2501 330 2534 datus
346 2507 448 2543 esset,
472 2504 552 2535 nihil
570 2504 678 2535 visum
693 2509 747 2535 est
764 2503 822 2534 illo
838 2512 927 2544 pane

225 2551 428 2592 jucundius:
455 2553 548 2594 Lege
557 2553 683 2585 ibidem
696 2553 785 2595 quod
799 2553 926 2594 Diony-

233 2599 284 2633 sio
300 2605 443 2642 tyranno
455 2601 514 2642 jus
529 2603 697 2644 quoddam
712 2604 844 2645 nigrum
861 2602 927 2635 fas-

233 2650 370 2683 tidienti
393 2652 569 2692 respondit
592 2663 738 2695 coquus:
761 2655 771 2672 ‘
787 2654 930 2686 Scilicet

234 2699 451 2733 condimenta
463 2700 616 2742 defuere,
631 2703 727 2735 labor
738 2704 773 2735 in
788 2708 929 2743 venatu,

235 2750 352 2788 sudor,
368 2759 495 2788 cursus,
508 2748 628 2794 fames,
641 2753 737 2785 sitis!

279 2799 509 2840 Putmentaria]
526 2796 619 2831 ming
628 2809 734 2835 xvm.
749 2806 781 2836 8.
794 2804 803 2821 ⁴
815 2802 932 2843 Pulte,

323 2853 436 2893 Delph.
460 2856 491 2884 et
510 2855 588 2887 Var.
601 2854 685 2887 ctas.

907 2855 1031 2888 Horat.

974 1370 1012 1393 ro
1027 1363 1204 1402 pulmenta
1227 1366 1263 1393 et
1280 1361 1507 1402 pulmentaria
1522 1361 1678 1401 usurpari

975 1419 1038 1451 pro
1050 1411 1135 1441 cibis
1144 1409 1312 1450 delicatis,
1320 1409 1441 1450 velpro
1449 1409 1678 1440 condimentis

975 1459 1128 1499 palatum
1146 1458 1300 1498 jucunde
1326 1458 1558 1498 titillantibus,
1581 1463 1680 1499 patet

975 1518 1018 1540 ex
1035 1508 1192 1540 Macrob.
1203 1517 1268 1540 vn.
1280 1511 1311 1540 4.
1325 1509 1387 1540 sub
1400 1507 1514 1548 finem,
1525 1507 1583 1540 ubi
1599 1514 1680 1539 sunt

976 1559 1051 1591 haec
1068 1558 1173 1590 verba
1187 1558 1230 1590 ad
1245 1568 1314 1590 rem
1329 1564 1533 1599 praesentem
1543 1559 1679 1589 omnino

978 1608 1189 1648 pertinentia
1203 1619 1211 1638 2
1234 1608 1244 1625 ‘
1258 1608 1517 1639 Pulmentorum
1530 1608 1677 1638 varietas

978 1657 1101 1697 recipit
1118 1657 1211 1688 varia
1233 1657 1464 1695 condimenta,
1480 1657 1602 1698 quibus
1618 1667 1680 1697 gu-

978 1707 1012 1738 la
1043 1708 1133 1738 ultra
1163 1716 1262 1748 quam
1290 1711 1422 1737 naturae
1455 1716 1598 1739 necesse
1626 1711 1680 1738 est

976 1757 1157 1789 lacessitur
1172 1768 1180 1786 τ
1204 1760 1240 1788 et
1254 1755 1294 1787 fit
1308 1756 1386 1788 inde
1398 1757 1590 1798 congeries,
1601 1756 1679 1788 dum

977 1807 1111 1848 pruritu
1138 1806 1299 1838 desiderii
1326 1806 1483 1847 amplius,
1507 1807 1561 1838 vel
1584 1813 1682 1838 certe

977 1856 1020 1887 de
1036 1856 1177 1897 singuiis
1195 1865 1300 1896 parva
1315 1855 1476 1888 libantur.
1512 1856 1605 1888 Hinc
1618 1857 1681 1888 So·

977 1909 1091 1936 crates
1107 1905 1252 1936 suadere
1266 1905 1384 1936 solitus
1398 1911 1483 1946 erat,
1494 1906 1568 1937 illos
1584 1906 1679 1938 cibos

979 1961 1148 1997 potusque
1165 1954 1335 1995 vitandos,
1347 1955 1404 1996 qui
1419 1957 1508 1988 ultra
1522 1956 1612 1988 sitim
1629 1955 1679 1988 fa-

977 2015 1134 2047 memque
1163 2004 1348 2037 sedandam
1365 2005 1559 2046 producunt
1576 2015 1679 2046 appe-

978 2055 1145 2097 tentiam:
1158 2057 1222 2087 &c-

1016 2109 1056 2137 21
1075 2107 1233 2146 Pinguem
1240 2106 1341 2146 vitiis,
1350 2105 1604 2148 albumque‚&c.]
1618 2107 1680 2138 Ni-

979 2155 1047 2187 mio
1070 2155 1148 2188 cibo
1167 2160 1317 2198 potuque
1341 2156 1491 2196 plenum,
1509 2161 1612 2198 atque
1636 2166 1679 2187 ex

980 2204 1152 2237 cruditate
1171 2210 1208 2237 et
1231 2214 1326 2246 segra
1342 2205 1500 2237 coctione
1522 2205 1680 2237 laboran-

979 2255 1193 2296 tem,etinde
1207 2254 1382 2295 pallidum,
1392 2255 1681 2296 tenonjuvabunt

980 2305 1154 2345 exquisita
1173 2305 1311 2346 quaevis,
1328 2308 1457 2345 ostrea,
1479 2315 1608 2344 scarus,
1632 2305 1678 2335 la-

979 2354 1064 2394 gois.
1092 2354 1224 2386 Seneca
1238 2354 1281 2385 de
1294 2355 1398 2386 Brev.
1410 2355 1503 2386 Vitae
1519 2365 1527 2385 :
1549 2359 1557 2372 ‘
1568 2355 1679 2387 Quam

979 2404 1077 2435 multi
1089 2404 1257 2436 continuis
1271 2404 1504 2445 voluptatibus
1518 2404 1647 2444 pallent
1658 2403 1680 2433 !’

979 2454 1069 2485 Vide
1084 2454 1173 2486 infra
1189 2464 1237 2486 vs.
1252 2457 1307 2486 76.

1023 2505 1153 2545 Album]
1175 2505 1323 2538 Quidam
1334 2505 1619 2545 interpretantur,
1629 2503 1680 2535 ni-

982 2554 1102 2594 tidum,
1121 2559 1200 2586 cute
1222 2554 1309 2585 bene
1325 2556 1447 2585 curata
1462 2557 1499 2583 et
1514 2552 1677 2585 candida:

980 2604 1095 2646 quales
1121 2613 1195 2635 esse
1218 2604 1329 2634 solent
1352 2603 1409 2644 qui
1434 2602 1563 2643 optimo
1587 2603 1677 2634 victu

980 2658 1126 2685 utuntur
1154 2652 1367 2684 abundanter
1393 2651 1542 2694 quidem.
1580 2652 1678 2684 Pers.

981 2703 1052 2734 Sat.
1066 2711 1124 2734 ιιι.
1140 2704 1194 2734 98.
1225 2702 1235 2719 ‘
1247 2701 1416 2743 Tun-gidus
1430 2701 1485 2733 bic
1501 2702 1609 2743 epulis
1626 2707 1678 2733 at·

982 2762 1048 2794 que
1064 2752 1140 2783 albo
1156 2756 1277 2783 ventre
1293 2751 1450 2783 lavatur!

1028 2802 1157 2843 Ostrea]
1179 2800 1312 2834 Ostreis
1335 2801 1524 2833 delectatos
1555 2801 1678 2833 Roma-

1513 2853 1590 2885 ΒΝ
