1890 3256
571 281 852 313 salmonum
890 282 984 312 nm.
1018 282 1068 312 n.
1097 272 1140 312 3.
1504 269 1591 311 985

123 375 334 418 'Hellade
353 388 565 430 percussa
585 375 756 417 Marius
774 389 873 418 cum
892 375 1148 430 praecipitat
1169 387 1232 424 se,

141 442 336 485 Cerritus
355 443 472 484 fuit?
504 456 559 485 an
581 447 814 485 commotae
835 443 1013 485 crimine
1031 443 1189 484 mentis

138 509 363 552 Absolves
382 510 614 559 hominem,
635 514 680 551 et
700 511 882 552 sceleris
902 511 1135 552 damnabis
1156 508 1359 559 eundem,

138 575 212 617 Ex
232 590 349 618 more
368 578 596 631 imponens
617 582 809 630 cognata
828 578 1050 620 vocabula
1067 578 1231 618 rebus?

141 643 390 684 Libertinus
409 646 516 692 erat,
538 643 616 697 qui
637 643 803 684 circum
825 645 1023 698 compita
1044 645 1192 686 siccus

140 709 295 752 Lautis
315 723 442 752 mane
462 723 600 751 senex
619 710 826 751 manibus
847 711 1073 762 currebat3
1105 714 1160 760 et,
1182 710 1345 760 Unum,

138 776 382 828 (Quiddam
401 790 601 831 magnum
622 775 830 831 addens,)
849 790 982 819 unum
1004 790 1071 818 me
1092 778 1259 831 surpite
1279 777 1421 826 morti,

1505 576 1590 618 280

135 917 269 949 Hellade
289 917 388 949 occisa
403 917 597 958 praecipitem
608 926 642 948 se
655 917 745 953 dans,
758 916 868 954 fuitne
881 916 1049 955 sur-iosus?
1070 920 1174 948 utrum
1198 917 1320 948 insania
1334 917 1488 948 laborasse
1503 917 1592 949 illum

136 960 287 999 negotiu
319 970 356 992 au·
380 961 564 991 sceleratum
587 960 749 999 ipsummet
777 959 965 1001 affirmabis:
997 960 1154 1000 proxima,
1179 963 1215 990 ut
1235 960 1294 1001 fit,
1317 959 1522 1000 appellatione
1542 969 1594 991 rea

136 1012 271 1043 quasque
284 1003 473 1041 cerignana
521 1002 599 1033 Erat
614 1002 779 1033 libertinus
794 1001 919 1042 quidam
940 1003 1073 1041 vetulus,
1096 1012 1185 1033 mane
1201 1002 1328 1040 jejunus
1349 1003 1523 1033 discurrens
1536 1012 1593 1042 per

135 1046 269 1087 plateas,
278 1045 420 1077 manibus
431 1044 527 1077 lautis
537 1055 547 1075 .-
569 1048 661 1086 atque
675 1044 723 1076 ica
735 1044 921 1084 precabatur
931 1055 941 1075 .·
970 1045 1073 1076 Unum
1085 1055 1144 1085 me,
1159 1045 1251 1086 (quid
1264 1048 1328 1076 tam
1340 1047 1510 1084 magnum?
1529 1045 1594 1076 aie-

746 1150 986 1163 οοοοοοοοοοο

138 1224 208 1257 Alii
232 1225 310 1257 libri
334 1226 462 1259 liabent
477 1228 566 1265 seris,
584 1228 673 1269 quod
690 1232 802 1260 tamen
816 1238 882 1260 non
899 1228 1047 1261 damno.'
1070 1228 1289 1261 Lamb.—-283
1315 1227 1399 1264 Quid
1420 1230 1486 1259 eam
1507 1235 1595 1264 mag-

137 1272 232 1299 num?
253 1270 370 1301 addens
395 1270 545 1302 Bentleii
571 1270 703 1303 Zulich.
726 1271 878 1304 Colbert.
905 1270 1083 1303 Lambeth.
1101 1275 1138 1303 et
1154 1271 1274 1310 Regin.
1291 1281 1310 1301 a
1324 1280 1367 1302 rn.
1383 1279 1435 1310 pr.
1450 1269 1548 1300 Harl.
1561 1271 1596 1301 2.

136 1312 169 1341 6.
185 1310 290 1352 Cruq.
307 1312 433 1351 Delph.
448 1313 562 1344 Bentl.
579 1313 715 1354 Talbot,
728 1314 829 1354 Pine,
845 1314 993 1354 Cuning.
1009 1314 1134 1346 Sauad.
1147 1312 1297 1353 sandby,
1311 1313 1474 1350 Dunster,
1489 1311 1594 1343 Fran-

136 1353 198 1390 cis,
212 1354 360 1385 Wetzel.
373 1354 510 1386 Wakef.
525 1359 561 1386 et
578 1355 684 1387 Kidd.
719 1356 877 1391 Quidnam
892 1366 1040 1396 magnum
1058 1355 1229 1387 Tlieodor.
1253 1355 1390 1386 Marcil-
1429 1354 1595 1389 Quoddam

138 1393 219 1426 Ald.
237 1395 278 1427 R.
294 1396 416 1435 Stepb.
433 1396 568 1429 Fabric.
593 1402 630 1429 et
651 1398 819 1428 nonnunae
842 1398 1006 1437 deinceps
1028 1398 1109 1429 edd.
1144 1398 1301 1432 Quiddam
1315 1405 1462 1435 magnum
1475 1396 1595 1426 addens

136 1436 235 1468 Gott.
250 1438 336 1469 Exc.
351 1438 431 1469 Sax.
446 1438 546 1471 Harl.
561 1441 592 1470 3.
607 1442 639 1470 4.
655 1439 772 1471 Zarot.
786 1440 928 1471 Venett.
942 1442 1038 1472 1477.
1055 1442 1150 1470 1478.
1168 1442 1264 1470 1479.
1283 1441 1378 1469 1490.
1394 1440 1490 1469 1492.
1515 1437 1591 1467 Με-

135 1478 218 1511 diol.
231 1482 327 1512 1477.
354 1481 495 1512 Locher.
510 1480 629 1513 Lamb.
642 1481 804 1514 Torrent.
828 1481 876 1513 Η.
893 1482 1013 1522 Steph.
1037 1482 1196 1520 Rutgers.
1214 1481 1336 1513 Heius.
1351 1480 1466 1512 Burm.
1484 1478 1592 1510 Bond.

135 1521 312 1555 Schrevel.
328 1522 514 1564 Heindorf,
528 1523 668 1565 Bipont.
685 1524 789 1556 Baxt.
806 1523 912 1556 Gesn.
929 1524 1036 1556 Zeun.
1054 1529 1090 1556 et
1106 1523 1227 1556 Comb.
1247 1523 1370 1564 surr-ipe
1384 1522 1479 1554 morti
1492 1521 1593 1554 Gott.

790 1631 933 1664 No'rAE

134 1717 303 1754 movetur,
323 1715 460 1747 omnino
483 1715 647 1758 insanire,
670 1716 772 1748 immo
792 1716 836 1748 ad

134 1765 276 1807 quodvis
291 1766 497 1806 patrandum
513 1765 644 1798 facinus
659 1771 694 1799 et
707 1767 836 1800 crimen

135 1815 279 1856 accingi.
322 1814 381 1846 Sic
407 1816 540 1847 Marius
570 1827 691 1858 nuper,
713 1817 837 1858 inquit,

135 1864 319 1897 Helladem
344 1865 504 1906 puellam,
519 1875 620 1907 quam
645 1866 839 1907 deperibat,

136 1925 209 1956 prae
236 1915 287 1947 ira
310 1920 348 1948 et
371 1915 541 1957 zelotypia
565 1916 770 1949 trucidavit:
796 1927 837 1949 ac

137 1965 263 1998 deinde
287 1965 507 2007 semetipsum
527 1975 600 2008 prae
617 1965 734 1999 dolore
750 1976 837 2008 prae·

137 2014 304 2055 cipit-vit.
347 2015 434 2047 Rem
458 2025 520 2047 sno
545 2020 697 2056 tempore
718 2016 837 2048 videli-

137 2069 195 2095 cet
209 2063 335 2095 factam
351 2063 463 2095 Poeta
477 2070 730 2097 commemorat.

119 2108 125 2113 '
180 2115 245 2145 278
269 2112 429 2153 cerritus]
449 2113 556 2146 Quasi
583 2113 774 2155 Cereritus,
802 2115 838 2146 id

138 2168 205 2204 est,
218 2173 238 2195 a
254 2163 381 2196 Cerere
395 2164 573 2206 perculsus
588 2168 625 2196 et
639 2163 675 2196 in
685 2162 836 2197 furorem

139 2217 250 2245 actus.

179 2263 234 2294 An
267 2266 424 2295 comnwtoe
456 2263 586 2295 crimine
612 2263 736 2304 mentis,
761 2265 835 2306 ism]

137 2311 248 2352 Urget
278 2312 378 2344 valde
400 2313 474 2344 lia-c
501 2313 609 2345 ratio:
634 2313 702 2352 An,
725 2314 834 2356 inquit

134 2362 329 2402 stertinius,
343 2362 451 2394 mavis
463 2362 564 2395 istum
581 2363 749 2395 bominem
763 2374 835 2396 sce-

136 2413 281 2445 leratum
295 2412 422 2453 dicere,
430 2422 531 2454 quam
542 2411 644 2445 fateri
657 2413 811 2446 insanum
822 2415 834 2446 ?

137 2472 254 2495 verum
279 2471 413 2505 quoquo
429 2462 530 2495 modo
546 2463 768 2505 respondean,
782 2465 835 2496 ni-

134 2514 183 2545 hil
198 2512 336 2554 proficio
350 2523 359 2544 ε
383 2513 412 2545 ai
423 2513 561 2555 quidem
575 2514 749 2556 improbus
760 2515 834 2556 qui-

135 2563 222 2596 libet
238 2562 373 2595 insanit.

179 2614 241 2644 281
264 2611 443 2644 Liber-tiam
450 2616 530 2653 erat,
540 2614 607 2656 aza]
627 2614 706 2648 Jam
717 2625 835 2656 snper-

137 2661 290 2693 ntitiosos
301 2660 510 2702 aggreditur,
519 2672 721 2708 omnemque
734 2666 834 2698 simul

138 2711 337 2750 religionem
347 2709 494 2743 deridet.

180 2761 308 2792 Circum
333 2759 481 2800 compita]
517 2759 559 2792 In
584 2763 742 2806 compitis
768 2765 834 2797 coli

136 2811 286 2846 Penates
297 2809 449 2851 jusserat
463 2808 650 2852 Augustus.

933 1716 1044 1749 Siccus
1076 1726 1180 1752 mane,
1209 1725 1314 1755 senex,
1342 1713 1414 1755 mu]
1442 1714 1593 1756 Singulae

890 1776 991 1799 voces
1008 1765 1246 1806 advertendae,
1263 1765 1410 1797 animum
1427 1765 1594 1807 tranquil-

889 1817 957 1848 lum
975 1821 1010 1848 et
1033 1816 1098 1848 hoc
1124 1816 1230 1856 magis
1245 1815 1519 1856 superstitiosum
1535 1825 1594 1847 no·

891 1870 1020 1898 tontes.

932 1919 997 1948 282
1036 1916 1150 1947 Lautis
1179 1914 1335 1955 manibus]
1373 1914 1454 1945 Rite
1481 1913 1595 1945 omnia

891 1966 1038 2008 peragit,
1054 1974 1223 2006 purasque
1235 1973 1354 1995 manus
1367 1963 1408 1995 ad
1426 1965 1518 1996 Deos
1531 1965 1594 1996 tol-

889 2018 961 2048 lere
978 2016 1116 2055 satagit,
1131 2013 1224 2046 fatue
1241 2018 1368 2045 tamen.

931 2069 994 2098 283
1020 2066 1178 2102 Quiddam
1203 2064 1309 2106 [Quid
1331 2063 1411 2105 tam]
1432 2074 1594 2106 magnam,

890 2116 960 2157 ξω]
983 2116 1072 2149 Quid
1090 2115 1154 2148 hoc
1171 2115 1248 2146 Diis
1267 2124 1430 2155 magnum
1453 2120 1490 2147 et
1506 2114 1594 2146 diffi-

892 2165 979 2197 cile?
1000 2174 1101 2196 unum
1131 2164 1266 2196 scilicet
1293 2164 1461 2196 hominem
1490 2166 1592 2198 morti

890 2216 1039 2257 eripere.
1077 2215 1146 2247 Alii
1163 2215 1230 2255 leg.
1249 2214 1406 2250 Quidnam
1421 2226 1568 2255 mgnum
1579 2219 1593 2248 P

892 2265 959 2297 Alii
977 2266 1091 2305 vulgo,
1113 2264 1273 2300 Quiddam
1293 2274 1441 2304 magnum
1463 2267 1594 2300 addens.

889 2316 1017 2346 Verum
1044 2319 1162 2346 nostra
1185 2315 1287 2346 lectio
1312 2316 1451 2356 clarior,
1467 2326 1507 2348 ac
1522 2327 1591 2349 me-

889 2367 1009 2398 liorem
1025 2375 1162 2398 sensum
1178 2366 1303 2408 gignit.

938 2417 1041 2448 Unum
1056 2426 1105 2448 me
1121 2416 1240 2458 surpite
1254 2417 1362 2458 morti]
1384 2417 1590 2449 Immortali-

888 2469 993 2497 tatem
1010 2465 1192 2498 concedite
1205 2466 1285 2498 mihi
1301 2471 1450 2499 vestrum
1472 2467 1589 2498 obser-

887 2516 1097 2547 vantissimo.
1141 2515 1221 2546 Huc
1236 2516 1390 2555 pertinet
1403 2521 1500 2547 vetus
1514 2520 1590 2558 ety-

886 2575 963 2597 mon
980 2565 1074 2596 vocis
1096 2568 1105 2583 ‘
1117 2564 1344 2605 superstitio:
1359 2565 1457 2605 cujus
1471 2567 1589 2598 memi-

886 2616 939 2647 nit
967 2615 1089 2647 Cicero
1113 2614 1156 2645 de
1183 2615 1268 2646 Nat.
1294 2616 1402 2647 Deor.
1424 2624 1464 2648 n.
1485 2625 1517 2648 n.
1532 2619 1587 2650 ⁷2.

887 2665 896 2682 ‘
911 2663 979 2697 Qui
1010 2668 1100 2695 totos
1127 2663 1202 2694 dies
1223 2663 1455 2704 precabantur
1473 2670 1510 2697 et
1524 2666 1587 2697 im.

887 2713 1071 2754 molabant,
1086 2713 1138 2744 sui
1164 2717 1202 2745 ut
1226 2713 1327 2744 liberi
1343 2714 1407 2745 sibi
1422 2716 1589 2756 superati-

888 2769 940 2796 tes
958 2768 1082 2799 essent,
1098 2763 1326 2804 superstitiosi
1341 2768 1420 2795 aurit
1433 2765 1586 2806 appella—

890 2814 916 2846 ti
930 2824 938 2846 ε
963 2813 1053 2855 quod
1069 2822 1190 2845 nomen
1203 2818 1322 2856 postea
1333 2814 1434 2846 latius
1448 2814 1586 2856 patuit-¹
