<?xml version="1.0" encoding="UTF-8"?>
<!DOCTYPE html PUBLIC "-//W3C//DTD XHTML 1.0 Transitional//EN"
    "http://www.w3.org/TR/xhtml1/DTD/xhtml1-transitional.dtd">
<html xmlns="http://www.w3.org/1999/xhtml" xml:lang="en" lang="en">
 <head>
  <title>
</title>
<meta http-equiv="Content-Type" content="text/html;charset=utf-8" />
  <meta name='ocr-system' content='tesseract 3.04.00' />
  <meta name='ocr-capabilities' content='ocr_page ocr_carea ocr_par ocr_line ocrx_word'/>
</head>
<body>
  <div class='ocr_page' id='page_1' title='image "./operazeune02horauoft_0559.png"; bbox 0 0 1890 3256; ppageno 0'>
   <div class='ocr_carea' id='block_1_1' title="bbox 538 287 1568 330">
    <p class='ocr_par' dir='ltr' id='par_1_1' title="bbox 538 287 1568 330">
     <span class='ocr_line' id='line_1_1' title="bbox 538 287 1568 330; baseline 0 -1"><span class='ocrx_word' id='word_1_1' title='bbox 538 298 887 330; x_wconf 70' lang='lat' dir='ltr'>nrlsronAnuM</span> <span class='ocrx_word' id='word_1_2' title='bbox 923 299 1018 330; x_wconf 77' lang='lat' dir='ltr'>mn.</span> <span class='ocrx_word' id='word_1_3' title='bbox 1052 300 1081 330; x_wconf 86' lang='lat'>1.</span> <span class='ocrx_word' id='word_1_4' title='bbox 1111 290 1153 330; x_wconf 89' lang='grc'>5.</span> <span class='ocrx_word' id='word_1_5' title='bbox 1456 287 1568 329; x_wconf 85' lang='lat'><strong>1099</strong></span> 
     </span>
    </p>
   </div>
   <div class='ocr_carea' id='block_1_2' title="bbox 113 393 1230 714">
    <p class='ocr_par' dir='ltr' id='par_1_2' title="bbox 113 393 1230 714">
     <span class='ocr_line' id='line_1_2' title="bbox 118 393 1153 446; baseline -0.001 -11"><span class='ocrx_word' id='word_1_6' title='bbox 118 394 250 435; x_wconf 83' lang='lat' dir='ltr'>Mitte</span> <span class='ocrx_word' id='word_1_7' title='bbox 272 394 392 435; x_wconf 87' lang='lat' dir='ltr'>leves</span> <span class='ocrx_word' id='word_1_8' title='bbox 414 405 537 446; x_wconf 88' lang='lat' dir='ltr'>spes,</span> <span class='ocrx_word' id='word_1_9' title='bbox 558 398 606 434; x_wconf 86' lang='lat' dir='ltr'>et</span> <span class='ocrx_word' id='word_1_10' title='bbox 624 393 865 435; x_wconf 83' lang='lat' dir='ltr'>certamina</span> <span class='ocrx_word' id='word_1_11' title='bbox 886 393 1153 443; x_wconf 84' lang='lat' dir='ltr'>divitiarum,</span> 
     </span>
     <span class='ocr_line' id='line_1_3' title="bbox 116 458 1224 502; baseline -0.001 -1"><span class='ocrx_word' id='word_1_12' title='bbox 116 460 173 501; x_wconf 86' lang='lat' dir='ltr'>Et</span> <span class='ocrx_word' id='word_1_13' title='bbox 193 459 370 501; x_wconf 86' lang='lat' dir='ltr'><strong>Moschi</strong></span> <span class='ocrx_word' id='word_1_14' title='bbox 392 471 574 501; x_wconf 80' lang='lat' dir='ltr'>causam</span> <span class='ocrx_word' id='word_1_15' title='bbox 593 472 603 500; x_wconf 90' lang='lat'><strong>:</strong></span> <span class='ocrx_word' id='word_1_16' title='bbox 635 472 734 501; x_wconf 85' lang='lat' dir='ltr'>cras</span> <span class='ocrx_word' id='word_1_17' title='bbox 755 465 863 502; x_wconf 85' lang='lat' dir='ltr'>nato</span> <span class='ocrx_word' id='word_1_18' title='bbox 886 458 1066 502; x_wconf 76' lang='lat' dir='ltr'>Caesare</span> <span class='ocrx_word' id='word_1_19' title='bbox 1086 459 1224 501; x_wconf 84' lang='lat' dir='ltr'>festus</span> 
     </span>
     <span class='ocr_line' id='line_1_4' title="bbox 116 526 1230 583; baseline -0.001 -15"><span class='ocrx_word' id='word_1_20' title='bbox 116 527 210 568; x_wconf 85' lang='lat' dir='ltr'>Dat</span> <span class='ocrx_word' id='word_1_21' title='bbox 231 527 399 568; x_wconf 85' lang='lat' dir='ltr'>veniam</span> <span class='ocrx_word' id='word_1_22' title='bbox 421 539 705 580; x_wconf 85' lang='lat' dir='ltr'>somnumque</span> <span class='ocrx_word' id='word_1_23' title='bbox 726 526 846 578; x_wconf 86' lang='lat' dir='ltr'>dies3</span> <span class='ocrx_word' id='word_1_24' title='bbox 876 527 1058 581; x_wconf 91' lang='lat' dir='ltr'>impune</span> <span class='ocrx_word' id='word_1_25' title='bbox 1079 527 1230 583; x_wconf 77' lang='lat' dir='ltr'>licebit</span> 
     </span>
     <span class='ocr_line' id='line_1_5' title="bbox 113 593 1182 646; baseline -0.001 -11"><span class='ocrx_word' id='word_1_26' title='bbox 113 594 334 635; x_wconf 84' lang='lat' dir='ltr'>AEstivam</span> <span class='ocrx_word' id='word_1_27' title='bbox 353 605 550 634; x_wconf 83' lang='lat' dir='ltr'>sermone</span> <span class='ocrx_word' id='word_1_28' title='bbox 570 593 760 646; x_wconf 84' lang='lat' dir='ltr'>benigno</span> <span class='ocrx_word' id='word_1_29' title='bbox 783 593 958 637; x_wconf 85' lang='lat' dir='ltr'>tendere</span> <span class='ocrx_word' id='word_1_30' title='bbox 974 595 1182 636; x_wconf 83' lang='lat' dir='ltr'>noctem·&#39;</span> 
     </span>
     <span class='ocr_line' id='line_1_6' title="bbox 116 659 1167 714; baseline -0.001 -12"><span class='ocrx_word' id='word_1_31' title='bbox 116 660 221 714; x_wconf 85' lang='lat' dir='ltr'>Quo</span> <span class='ocrx_word' id='word_1_32' title='bbox 239 659 344 701; x_wconf 89' lang='lat' dir='ltr'>mihi</span> <span class='ocrx_word' id='word_1_33' title='bbox 363 659 597 710; x_wconf 80' lang='lat' dir='ltr'>fortunam,</span> <span class='ocrx_word' id='word_1_34' title='bbox 618 660 657 700; x_wconf 87' lang='lat' dir='ltr'>si</span> <span class='ocrx_word' id='word_1_35' title='bbox 678 673 765 702; x_wconf 90' lang='lat' dir='ltr'>non</span> <span class='ocrx_word' id='word_1_36' title='bbox 787 660 1044 702; x_wconf 87' lang='lat' dir='ltr'>conceditur</span> <span class='ocrx_word' id='word_1_37' title='bbox 1064 660 1131 701; x_wconf 87' lang='lat' dir='ltr'>nti</span> <span class='ocrx_word' id='word_1_38' title='bbox 1147 661 1167 701; x_wconf 76' lang='lat' dir='ltr'>&#39;l</span> 
     </span>
    </p>
   </div>
   <div class='ocr_carea' id='block_1_3' title="bbox 1511 525 1567 566">
    <p class='ocr_par' dir='ltr' id='par_1_3' title="bbox 1511 525 1567 566">
     <span class='ocr_line' id='line_1_7' title="bbox 1511 525 1567 566; baseline 0.018 -1"><span class='ocrx_word' id='word_1_39' title='bbox 1511 525 1567 566; x_wconf 88' lang='grc'>10</span> 
     </span>
    </p>
   </div>
   <div class='ocr_carea' id='block_1_4' title="bbox 111 787 1569 914">
    <p class='ocr_par' dir='ltr' id='par_1_4' title="bbox 111 787 1569 914">
     <span class='ocr_line' id='line_1_8' title="bbox 113 787 1568 829; baseline -0.001 -10"><span class='ocrx_word' id='word_1_40' title='bbox 113 797 150 818; x_wconf 79' lang='lat' dir='ltr'>ac</span> <span class='ocrx_word' id='word_1_41' title='bbox 163 787 282 819; x_wconf 69' lang='lat' dir='ltr'>labores</span> <span class='ocrx_word' id='word_1_42' title='bbox 291 797 349 828; x_wconf 79' lang='lat' dir='ltr'>pro</span> <span class='ocrx_word' id='word_1_43' title='bbox 364 787 483 828; x_wconf 78' lang='lat' dir='ltr'>opibus,</span> <span class='ocrx_word' id='word_1_44' title='bbox 499 791 591 829; x_wconf 79' lang='lat' dir='ltr'>utque</span> <span class='ocrx_word' id='word_1_45' title='bbox 603 789 728 820; x_wconf 76' lang='lat' dir='ltr'>Moschi</span> <span class='ocrx_word' id='word_1_46' title='bbox 742 789 958 827; x_wconf 71' lang='lat' dir='ltr'>defensionem.</span> <span class='ocrx_word' id='word_1_47' title='bbox 1003 790 1084 821; x_wconf 70' lang='lat' dir='ltr'>Dies</span> <span class='ocrx_word' id='word_1_48' title='bbox 1094 789 1233 820; x_wconf 69' lang='lat' dir='ltr'>crastina</span> <span class='ocrx_word' id='word_1_49' title='bbox 1256 789 1392 820; x_wconf 71' lang='lat' dir='ltr'>Coesaris</span> <span class='ocrx_word' id='word_1_50' title='bbox 1412 787 1568 819; x_wconf 64' lang='lat' dir='ltr'>runcalibus</span> 
     </span>
     <span class='ocr_line' id='line_1_9' title="bbox 111 829 1569 874; baseline 0 -13"><span class='ocrx_word' id='word_1_51' title='bbox 111 839 202 861; x_wconf 73' lang='lat' dir='ltr'>sacra</span> <span class='ocrx_word' id='word_1_52' title='bbox 223 830 364 869; x_wconf 73' lang='lat' dir='ltr'>indulget</span> <span class='ocrx_word' id='word_1_53' title='bbox 378 831 535 862; x_wconf 80' lang='lat' dir='ltr'>licentiam</span> <span class='ocrx_word' id='word_1_54' title='bbox 548 831 738 862; x_wconf 74' lang='lat' dir='ltr'>dormiendi.-</span> <span class='ocrx_word' id='word_1_55' title='bbox 753 830 869 871; x_wconf 72' lang='lat' dir='ltr'>sasque</span> <span class='ocrx_word' id='word_1_56' title='bbox 886 832 947 862; x_wconf 79' lang='lat' dir='ltr'>erit</span> <span class='ocrx_word' id='word_1_57' title='bbox 969 835 1088 862; x_wconf 75' lang='lat' dir='ltr'>noctem</span> <span class='ocrx_word' id='word_1_58' title='bbox 1101 832 1273 863; x_wconf 74' lang='lat' dir='ltr'>‹estivalem</span> <span class='ocrx_word' id='word_1_59' title='bbox 1284 832 1392 870; x_wconf 75' lang='lat' dir='ltr'>gratis</span> <span class='ocrx_word' id='word_1_60' title='bbox 1410 829 1569 874; x_wconf 67' lang='lat' dir='ltr'>colloquiis</span> 
     </span>
     <span class='ocr_line' id='line_1_10' title="bbox 114 871 1568 914; baseline 0.001 -12"><span class='ocrx_word' id='word_1_61' title='bbox 114 873 284 905; x_wconf 73' lang='lat' dir='ltr'>traducere.</span> <span class='ocrx_word' id='word_1_62' title='bbox 330 873 416 909; x_wconf 77' lang='lat' dir='ltr'>Quid</span> <span class='ocrx_word' id='word_1_63' title='bbox 426 872 631 914; x_wconf 76' lang='lat' dir='ltr'>opesjuvant,</span> <span class='ocrx_word' id='word_1_64' title='bbox 646 874 675 904; x_wconf 75' lang='lat' dir='ltr'>si</span> <span class='ocrx_word' id='word_1_65' title='bbox 687 872 832 904; x_wconf 75' lang='lat' dir='ltr'>nonlicet</span> <span class='ocrx_word' id='word_1_66' title='bbox 845 873 895 904; x_wconf 73' lang='lat' dir='ltr'>his</span> <span class='ocrx_word' id='word_1_67' title='bbox 901 874 975 912; x_wconf 79' lang='lat' dir='ltr'>frui</span> <span class='ocrx_word' id='word_1_68' title='bbox 983 871 1000 906; x_wconf 74' lang='lat'>:1</span> <span class='ocrx_word' id='word_1_69' title='bbox 1044 873 1164 914; x_wconf 74' lang='lat' dir='ltr'>Siquis</span> <span class='ocrx_word' id='word_1_70' title='bbox 1173 883 1264 914; x_wconf 78' lang='lat' dir='ltr'>parce</span> <span class='ocrx_word' id='word_1_71' title='bbox 1276 873 1403 906; x_wconf 76' lang='lat' dir='ltr'>victitat</span> <span class='ocrx_word' id='word_1_72' title='bbox 1416 873 1568 914; x_wconf 79' lang='lat' dir='ltr'>nimisque</span> 
     </span>
    </p>
   </div>
   <div class='ocr_carea' id='block_1_5' title="bbox 719 965 962 978">
    <p class='ocr_par' dir='ltr' id='par_1_5' title="bbox 719 965 962 978">
     <span class='ocr_line' id='line_1_11' title="bbox 719 965 962 978; baseline 0 0"><span class='ocrx_word' id='word_1_73' title='bbox 719 965 962 978; x_wconf 52' lang='lat' dir='ltr'>commo</span> 
     </span>
    </p>
   </div>
   <div class='ocr_carea' id='block_1_6' title="bbox 111 1029 1569 1918">
    <p class='ocr_par' dir='ltr' id='par_1_6' title="bbox 111 1029 1569 1918">
     <span class='ocr_line' id='line_1_12' title="bbox 113 1029 1568 1074; baseline 0.001 -13"><span class='ocrx_word' id='word_1_74' title='bbox 113 1029 325 1070; x_wconf 67' lang='lat' dir='ltr'>exiguitate:</span> <span class='ocrx_word' id='word_1_75' title='bbox 347 1030 448 1063; x_wconf 82' lang='lat' dir='ltr'>Idem.</span> <span class='ocrx_word' id='word_1_76' title='bbox 493 1030 581 1063; x_wconf 82' lang='lat' dir='ltr'>eod.</span> <span class='ocrx_word' id='word_1_77' title='bbox 614 1030 771 1072; x_wconf 85' lang='lat' dir='ltr'>Angelic.</span> <span class='ocrx_word' id='word_1_78' title='bbox 803 1036 835 1064; x_wconf 93' lang='grc'>1.</span> <span class='ocrx_word' id='word_1_79' title='bbox 862 1036 1054 1074; x_wconf 82' lang='lat' dir='ltr'>sequuntur</span> <span class='ocrx_word' id='word_1_80' title='bbox 1080 1033 1163 1068; x_wconf 84' lang='lat' dir='ltr'>Fea,</span> <span class='ocrx_word' id='word_1_81' title='bbox 1188 1032 1314 1071; x_wconf 83' lang='lat' dir='ltr'>Bothe,</span> <span class='ocrx_word' id='word_1_82' title='bbox 1340 1036 1376 1063; x_wconf 90' lang='lat' dir='ltr'>et</span> <span class='ocrx_word' id='word_1_83' title='bbox 1399 1030 1568 1064; x_wconf 72' lang='lat' dir='ltr'>,laet-k.—</span> 
     </span>
     <span class='ocr_line' id='line_1_13' title="bbox 113 1072 1567 1113; baseline 0.001 -10"><span class='ocrx_word' id='word_1_84' title='bbox 113 1075 134 1103; x_wconf 87' lang='lat'>8</span> <span class='ocrx_word' id='word_1_85' title='bbox 157 1072 256 1104; x_wconf 72' lang='lat' dir='ltr'>Mitte</span> <span class='ocrx_word' id='word_1_86' title='bbox 290 1073 371 1103; x_wconf 80' lang='lat' dir='ltr'>lenes</span> <span class='ocrx_word' id='word_1_87' title='bbox 395 1083 463 1113; x_wconf 70' lang='lat' dir='ltr'>spes</span> <span class='ocrx_word' id='word_1_88' title='bbox 497 1073 727 1105; x_wconf 81' lang='lat' dir='ltr'>Schoenborn.</span> <span class='ocrx_word' id='word_1_89' title='bbox 753 1077 850 1106; x_wconf 83' lang='grc'><strong>4.-9</strong></span> <span class='ocrx_word' id='word_1_90' title='bbox 874 1075 917 1106; x_wconf 79' lang='lat' dir='ltr'>Et</span> <span class='ocrx_word' id='word_1_91' title='bbox 940 1085 1050 1106; x_wconf 77' lang='lat' dir='ltr'>causas</span> <span class='ocrx_word' id='word_1_92' title='bbox 1077 1075 1202 1106; x_wconf 78' lang='lat' dir='ltr'>Moschi</span> <span class='ocrx_word' id='word_1_93' title='bbox 1231 1074 1463 1106; x_wconf 77' lang='lat' dir='ltr'>Sclioenborn.</span> <span class='ocrx_word' id='word_1_94' title='bbox 1490 1075 1567 1104; x_wconf 77' lang='lat'>3.—</span> 
     </span>
     <span class='ocr_line' id='line_1_14' title="bbox 115 1114 1567 1157; baseline 0.003 -13"><span class='ocrx_word' id='word_1_95' title='bbox 115 1117 157 1144; x_wconf 85' lang='lat'>1⁰</span> <span class='ocrx_word' id='word_1_96' title='bbox 177 1114 412 1147; x_wconf 85' lang='lat' dir='ltr'>Schoenborn.</span> <span class='ocrx_word' id='word_1_97' title='bbox 429 1118 460 1146; x_wconf 87' lang='grc'>4.</span> <span class='ocrx_word' id='word_1_98' title='bbox 474 1125 727 1156; x_wconf 74' lang='lat' dir='ltr'>suppremumque</span> <span class='ocrx_word' id='word_1_99' title='bbox 741 1117 903 1148; x_wconf 78' lang='lat' dir='ltr'>dies.—11</span> <span class='ocrx_word' id='word_1_100' title='bbox 922 1117 1004 1148; x_wconf 75' lang='lat' dir='ltr'>vat.</span> <span class='ocrx_word' id='word_1_101' title='bbox 1021 1118 1119 1148; x_wconf 86' lang='lat' dir='ltr'>Rom.</span> <span class='ocrx_word' id='word_1_102' title='bbox 1134 1119 1168 1148; x_wconf 87' lang='grc'>7.</span> <span class='ocrx_word' id='word_1_103' title='bbox 1184 1117 1340 1157; x_wconf 86' lang='lat' dir='ltr'>Angelic.</span> <span class='ocrx_word' id='word_1_104' title='bbox 1357 1119 1388 1147; x_wconf 80' lang='lat'>3.</span> <span class='ocrx_word' id='word_1_105' title='bbox 1402 1126 1421 1146; x_wconf 79' lang='lat' dir='ltr'>a</span> <span class='ocrx_word' id='word_1_106' title='bbox 1436 1125 1479 1154; x_wconf 80' lang='lat' dir='ltr'>m.</span> <span class='ocrx_word' id='word_1_107' title='bbox 1497 1125 1567 1148; x_wconf 79' lang='lat' dir='ltr'>sec.</span> 
     </span>
     <span class='ocr_line' id='line_1_15' title="bbox 112 1155 1566 1191; baseline 0.001 -5"><span class='ocrx_word' id='word_1_108' title='bbox 112 1155 390 1188; x_wconf 78' lang='lat' dir='ltr'>schoenborn.2.</span> <span class='ocrx_word' id='word_1_109' title='bbox 415 1157 494 1188; x_wconf 85' lang='lat' dir='ltr'>edd.</span> <span class='ocrx_word' id='word_1_110' title='bbox 517 1158 634 1189; x_wconf 83' lang='lat' dir='ltr'>Zarot.</span> <span class='ocrx_word' id='word_1_111' title='bbox 659 1158 802 1190; x_wconf 91' lang='lat' dir='ltr'>Mediol.</span> <span class='ocrx_word' id='word_1_112' title='bbox 830 1161 926 1191; x_wconf 87' lang='grc'><strong>1476.</strong></span> <span class='ocrx_word' id='word_1_113' title='bbox 947 1160 1089 1191; x_wconf 86' lang='lat' dir='ltr'>Venett.</span> <span class='ocrx_word' id='word_1_114' title='bbox 1113 1161 1207 1191; x_wconf 87' lang='grc'><strong>1478.</strong></span> <span class='ocrx_word' id='word_1_115' title='bbox 1231 1161 1324 1190; x_wconf 86' lang='grc'><strong>1479.</strong></span> <span class='ocrx_word' id='word_1_116' title='bbox 1349 1161 1442 1190; x_wconf 80' lang='grc'><strong>1483.</strong></span> <span class='ocrx_word' id='word_1_117' title='bbox 1469 1160 1566 1189; x_wconf 88' lang='grc'><strong>1486.</strong></span> 
     </span>
     <span class='ocr_line' id='line_1_16' title="bbox 115 1200 1568 1242; baseline 0.001 -13"><span class='ocrx_word' id='word_1_118' title='bbox 115 1200 210 1230; x_wconf 83' lang='grc'><strong>1490.</strong></span> <span class='ocrx_word' id='word_1_119' title='bbox 223 1200 320 1230; x_wconf 75' lang='grc'><strong>1492.</strong></span> <span class='ocrx_word' id='word_1_120' title='bbox 337 1201 430 1230; x_wconf 85' lang='grc'><strong>1495.</strong></span> <span class='ocrx_word' id='word_1_121' title='bbox 445 1202 539 1231; x_wconf 86' lang='grc'><strong>1509.</strong></span> <span class='ocrx_word' id='word_1_122' title='bbox 563 1201 715 1233; x_wconf 88' lang='lat' dir='ltr'>Florent.</span> <span class='ocrx_word' id='word_1_123' title='bbox 732 1203 828 1232; x_wconf 83' lang='grc'><strong>1482.</strong></span> <span class='ocrx_word' id='word_1_124' title='bbox 852 1202 942 1241; x_wconf 77' lang='lat' dir='ltr'>Lips.</span> <span class='ocrx_word' id='word_1_125' title='bbox 960 1203 1054 1232; x_wconf 82' lang='grc'><strong>1499.</strong></span> <span class='ocrx_word' id='word_1_126' title='bbox 1071 1206 1107 1232; x_wconf 92' lang='lat' dir='ltr'>et</span> <span class='ocrx_word' id='word_1_127' title='bbox 1124 1201 1166 1233; x_wconf 77' lang='lat' dir='ltr'>R.</span> <span class='ocrx_word' id='word_1_128' title='bbox 1181 1201 1299 1242; x_wconf 89' lang='lat' dir='ltr'>Steph.</span> <span class='ocrx_word' id='word_1_129' title='bbox 1315 1202 1482 1232; x_wconf 78' lang='lat' dir='ltr'>extendere</span> <span class='ocrx_word' id='word_1_130' title='bbox 1496 1210 1568 1231; x_wconf 85' lang='lat' dir='ltr'>noc·</span> 
     </span>
     <span class='ocr_line' id='line_1_17' title="bbox 114 1241 1568 1276; baseline 0.001 -4"><span class='ocrx_word' id='word_1_131' title='bbox 114 1244 187 1272; x_wconf 80' lang='lat' dir='ltr'>tem.</span> <span class='ocrx_word' id='word_1_132' title='bbox 219 1241 299 1273; x_wconf 79' lang='lat' dir='ltr'>Vnt.</span> <span class='ocrx_word' id='word_1_133' title='bbox 318 1241 432 1274; x_wconf 82' lang='lat' dir='ltr'>Palat.</span> <span class='ocrx_word' id='word_1_134' title='bbox 447 1245 479 1273; x_wconf 76' lang='lat'>³.</span> <span class='ocrx_word' id='word_1_135' title='bbox 495 1243 604 1274; x_wconf 80' lang='lat' dir='ltr'>ducere</span> <span class='ocrx_word' id='word_1_136' title='bbox 619 1247 749 1274; x_wconf 80' lang='lat' dir='ltr'>noctem.</span> <span class='ocrx_word' id='word_1_137' title='bbox 795 1243 862 1274; x_wconf 83' lang='lat' dir='ltr'>Alii</span> <span class='ocrx_word' id='word_1_138' title='bbox 877 1243 977 1276; x_wconf 88' lang='lat' dir='ltr'>codd.</span> <span class='ocrx_word' id='word_1_139' title='bbox 994 1249 1031 1275; x_wconf 87' lang='lat' dir='ltr'>et</span> <span class='ocrx_word' id='word_1_140' title='bbox 1047 1243 1126 1275; x_wconf 88' lang='lat' dir='ltr'>edd.</span> <span class='ocrx_word' id='word_1_141' title='bbox 1144 1253 1260 1275; x_wconf 82' lang='lat' dir='ltr'>omnes</span> <span class='ocrx_word' id='word_1_142' title='bbox 1276 1253 1294 1275; x_wconf 87' lang='grc'><strong>3</strong></span> <span class='ocrx_word' id='word_1_143' title='bbox 1313 1244 1427 1274; x_wconf 84' lang='lat' dir='ltr'>Bentl.</span> <span class='ocrx_word' id='word_1_144' title='bbox 1442 1243 1568 1274; x_wconf 81' lang='lat' dir='ltr'>tendere</span> 
     </span>
     <span class='ocr_line' id='line_1_18' title="bbox 113 1284 1567 1326; baseline 0.001 -12"><span class='ocrx_word' id='word_1_145' title='bbox 113 1285 330 1315; x_wconf 66' lang='lat' dir='ltr'>noctem—12</span> <span class='ocrx_word' id='word_1_146' title='bbox 356 1284 425 1320; x_wconf 81' lang='lat' dir='ltr'>Quo</span> <span class='ocrx_word' id='word_1_147' title='bbox 439 1284 656 1323; x_wconf 79' lang='lat' dir='ltr'>mihisortuna</span> <span class='ocrx_word' id='word_1_148' title='bbox 671 1285 770 1318; x_wconf 85' lang='lat' dir='ltr'>Gott.</span> <span class='ocrx_word' id='word_1_149' title='bbox 789 1286 875 1317; x_wconf 87' lang='lat' dir='ltr'>Exc.</span> <span class='ocrx_word' id='word_1_150' title='bbox 891 1285 972 1317; x_wconf 76' lang='lat' dir='ltr'>SaX.</span> <span class='ocrx_word' id='word_1_151' title='bbox 987 1285 1172 1326; x_wconf 85' lang='lat' dir='ltr'>Bamberg.</span> <span class='ocrx_word' id='word_1_152' title='bbox 1193 1286 1425 1318; x_wconf 87' lang='lat' dir='ltr'>Schoenboru.</span> <span class='ocrx_word' id='word_1_153' title='bbox 1441 1287 1472 1316; x_wconf 79' lang='lat'>2.</span> <span class='ocrx_word' id='word_1_154' title='bbox 1490 1286 1519 1315; x_wconf 82' lang='lat'>8.</span> <span class='ocrx_word' id='word_1_155' title='bbox 1535 1288 1567 1316; x_wconf 89' lang='grc'>4.</span> 
     </span>
     <span class='ocr_line' id='line_1_19' title="bbox 114 1324 1567 1370; baseline 0.001 -14"><span class='ocrx_word' id='word_1_156' title='bbox 114 1325 211 1357; x_wconf 85' lang='lat' dir='ltr'>multi</span> <span class='ocrx_word' id='word_1_157' title='bbox 227 1324 326 1357; x_wconf 78' lang='lat' dir='ltr'>codd.</span> <span class='ocrx_word' id='word_1_158' title='bbox 341 1336 397 1366; x_wconf 81' lang='lat' dir='ltr'>ap.</span> <span class='ocrx_word' id='word_1_159' title='bbox 415 1327 531 1364; x_wconf 75' lang='lat' dir='ltr'>Fenm,</span> <span class='ocrx_word' id='word_1_160' title='bbox 548 1327 646 1359; x_wconf 89' lang='lat' dir='ltr'>Harl.</span> <span class='ocrx_word' id='word_1_161' title='bbox 664 1331 695 1360; x_wconf 87' lang='lat'>1.</span> <span class='ocrx_word' id='word_1_162' title='bbox 710 1331 742 1360; x_wconf 76' lang='lat'>2.</span> <span class='ocrx_word' id='word_1_163' title='bbox 759 1331 791 1360; x_wconf 77' lang='lat'>3.</span> <span class='ocrx_word' id='word_1_164' title='bbox 806 1331 837 1360; x_wconf 92' lang='grc'>4.</span> <span class='ocrx_word' id='word_1_165' title='bbox 852 1330 884 1359; x_wconf 88' lang='grc'>6.</span> <span class='ocrx_word' id='word_1_166' title='bbox 899 1331 932 1360; x_wconf 93' lang='grc'>7.</span> <span class='ocrx_word' id='word_1_167' title='bbox 956 1328 1069 1360; x_wconf 81' lang='lat' dir='ltr'>Zarot.</span> <span class='ocrx_word' id='word_1_168' title='bbox 1084 1334 1119 1360; x_wconf 88' lang='lat' dir='ltr'>et</span> <span class='ocrx_word' id='word_1_169' title='bbox 1134 1329 1248 1370; x_wconf 82' lang='lat' dir='ltr'>vulgg.</span> <span class='ocrx_word' id='word_1_170' title='bbox 1292 1329 1347 1360; x_wconf 84' lang='lat' dir='ltr'>lta</span> <span class='ocrx_word' id='word_1_171' title='bbox 1361 1327 1463 1359; x_wconf 81' lang='lat' dir='ltr'>etiam</span> <span class='ocrx_word' id='word_1_172' title='bbox 1477 1327 1567 1358; x_wconf 84' lang='lat' dir='ltr'>Dan.</span> 
     </span>
     <span class='ocr_line' id='line_1_20' title="bbox 114 1367 1568 1411; baseline 0.001 -13"><span class='ocrx_word' id='word_1_173' title='bbox 114 1367 238 1399; x_wconf 79' lang='lat' dir='ltr'>Heius.</span> <span class='ocrx_word' id='word_1_174' title='bbox 252 1367 295 1399; x_wconf 78' lang='lat' dir='ltr'>ad</span> <span class='ocrx_word' id='word_1_175' title='bbox 313 1368 432 1400; x_wconf 85' lang='lat' dir='ltr'>Claud.</span> <span class='ocrx_word' id='word_1_176' title='bbox 451 1369 560 1400; x_wconf 86' lang='lat' dir='ltr'>Rufin.</span> <span class='ocrx_word' id='word_1_177' title='bbox 578 1378 603 1401; x_wconf 84' lang='lat'>1.</span> <span class='ocrx_word' id='word_1_178' title='bbox 618 1372 672 1401; x_wconf 89' lang='grc'>47.</span> <span class='ocrx_word' id='word_1_179' title='bbox 718 1370 788 1406; x_wconf 83' lang='lat' dir='ltr'>Quo</span> <span class='ocrx_word' id='word_1_180' title='bbox 802 1370 880 1402; x_wconf 79' lang='lat' dir='ltr'>mihi</span> <span class='ocrx_word' id='word_1_181' title='bbox 887 1370 1030 1409; x_wconf 76' lang='lat' dir='ltr'>sortunae</span> <span class='ocrx_word' id='word_1_182' title='bbox 1045 1371 1195 1403; x_wconf 77' lang='lat' dir='ltr'>Chisian.</span> <span class='ocrx_word' id='word_1_183' title='bbox 1211 1374 1243 1402; x_wconf 86' lang='lat'>6.</span> <span class='ocrx_word' id='word_1_184' title='bbox 1258 1380 1277 1402; x_wconf 87' lang='grc'><strong>3</strong></span> <span class='ocrx_word' id='word_1_185' title='bbox 1294 1381 1338 1402; x_wconf 88' lang='grc'><strong>111.</strong></span> <span class='ocrx_word' id='word_1_186' title='bbox 1353 1380 1404 1411; x_wconf 87' lang='lat' dir='ltr'>pr.</span> <span class='ocrx_word' id='word_1_187' title='bbox 1429 1376 1465 1401; x_wconf 85' lang='lat' dir='ltr'>et</span> <span class='ocrx_word' id='word_1_188' title='bbox 1487 1373 1568 1400; x_wconf 80' lang='lat' dir='ltr'>nota</span> 
     </span>
     <span class='ocr_line' id='line_1_21' title="bbox 114 1410 1567 1454; baseline 0.001 -14"><span class='ocrx_word' id='word_1_189' title='bbox 114 1410 181 1442; x_wconf 69' lang='lat' dir='ltr'>Mn.</span> <span class='ocrx_word' id='word_1_190' title='bbox 197 1419 217 1441; x_wconf 82' lang='grc'><strong>3</strong></span> <span class='ocrx_word' id='word_1_191' title='bbox 231 1419 330 1441; x_wconf 81' lang='lat' dir='ltr'>manu</span> <span class='ocrx_word' id='word_1_192' title='bbox 343 1411 484 1452; x_wconf 81' lang='lat' dir='ltr'>antiqua</span> <span class='ocrx_word' id='word_1_193' title='bbox 500 1412 532 1442; x_wconf 91' lang='lat' dir='ltr'>in</span> <span class='ocrx_word' id='word_1_194' title='bbox 549 1411 604 1443; x_wconf 86' lang='lat' dir='ltr'>ed.</span> <span class='ocrx_word' id='word_1_195' title='bbox 623 1421 674 1451; x_wconf 85' lang='lat' dir='ltr'>pr.</span> <span class='ocrx_word' id='word_1_196' title='bbox 688 1412 778 1443; x_wconf 86' lang='lat' dir='ltr'>Bibl.</span> <span class='ocrx_word' id='word_1_197' title='bbox 789 1413 868 1444; x_wconf 80' lang='lat' dir='ltr'>Vnt.</span> <span class='ocrx_word' id='word_1_198' title='bbox 891 1413 1032 1451; x_wconf 76' lang='lat' dir='ltr'>sortunae</span> <span class='ocrx_word' id='word_1_199' title='bbox 1049 1414 1095 1454; x_wconf 88' lang='lat' dir='ltr'>pl.</span> <span class='ocrx_word' id='word_1_200' title='bbox 1112 1423 1202 1444; x_wconf 88' lang='lat' dir='ltr'>num.</span> <span class='ocrx_word' id='word_1_201' title='bbox 1219 1423 1282 1454; x_wconf 89' lang='lat' dir='ltr'>pro</span> <span class='ocrx_word' id='word_1_202' title='bbox 1297 1412 1424 1444; x_wconf 80' lang='lat' dir='ltr'>divitiis</span> <span class='ocrx_word' id='word_1_203' title='bbox 1441 1415 1478 1443; x_wconf 86' lang='lat' dir='ltr'>ut</span> <span class='ocrx_word' id='word_1_204' title='bbox 1491 1421 1567 1452; x_wconf 85' lang='lat' dir='ltr'>pas·</span> 
     </span>
     <span class='ocr_line' id='line_1_22' title="bbox 114 1452 1568 1493; baseline 0.001 -10"><span class='ocrx_word' id='word_1_205' title='bbox 114 1452 177 1483; x_wconf 73' lang='lat' dir='ltr'>sim</span> <span class='ocrx_word' id='word_1_206' title='bbox 201 1461 256 1492; x_wconf 75' lang='lat' dir='ltr'>ap.</span> <span class='ocrx_word' id='word_1_207' title='bbox 272 1452 415 1492; x_wconf 84' lang='lat' dir='ltr'>Scriptt.</span> <span class='ocrx_word' id='word_1_208' title='bbox 440 1459 474 1484; x_wconf 90' lang='lat' dir='ltr'>et</span> <span class='ocrx_word' id='word_1_209' title='bbox 499 1454 530 1484; x_wconf 93' lang='lat' dir='ltr'>in</span> <span class='ocrx_word' id='word_1_210' title='bbox 549 1454 697 1485; x_wconf 82' lang='lat' dir='ltr'>Lexicis.</span> <span class='ocrx_word' id='word_1_211' title='bbox 743 1453 796 1486; x_wconf 84' lang='lat' dir='ltr'>Cf.</span> <span class='ocrx_word' id='word_1_212' title='bbox 813 1455 916 1486; x_wconf 88' lang='lat' dir='ltr'>Ovid.</span> <span class='ocrx_word' id='word_1_213' title='bbox 932 1455 1049 1486; x_wconf 88' lang='lat' dir='ltr'>Amor.</span> <span class='ocrx_word' id='word_1_214' title='bbox 1067 1464 1125 1487; x_wconf 89' lang='grc'><strong>111.</strong></span> <span class='ocrx_word' id='word_1_215' title='bbox 1142 1458 1174 1487; x_wconf 91' lang='grc'>7.</span> <span class='ocrx_word' id='word_1_216' title='bbox 1194 1457 1248 1487; x_wconf 87' lang='grc'>49.</span> <span class='ocrx_word' id='word_1_217' title='bbox 1284 1454 1434 1493; x_wconf 77' lang='lat' dir='ltr'>sortunni</span> <span class='ocrx_word' id='word_1_218' title='bbox 1449 1453 1568 1485; x_wconf 86' lang='lat' dir='ltr'>mallet</span> 
     </span>
     <span class='ocr_line' id='line_1_23' title="bbox 111 1494 1567 1537; baseline 0.001 -12"><span class='ocrx_word' id='word_1_219' title='bbox 111 1494 281 1526; x_wconf 74' lang='lat' dir='ltr'>Theodor.</span> <span class='ocrx_word' id='word_1_220' title='bbox 298 1495 434 1527; x_wconf 87' lang='lat' dir='ltr'>Marcil.</span> <span class='ocrx_word' id='word_1_221' title='bbox 451 1505 492 1525; x_wconf 82' lang='lat' dir='ltr'>ex</span> <span class='ocrx_word' id='word_1_222' title='bbox 506 1501 574 1527; x_wconf 85' lang='lat' dir='ltr'>vet.</span> <span class='ocrx_word' id='word_1_223' title='bbox 590 1496 711 1537; x_wconf 82' lang='lat' dir='ltr'>script.</span> <span class='ocrx_word' id='word_1_224' title='bbox 723 1497 860 1534; x_wconf 81' lang='lat' dir='ltr'>fortuna</span> <span class='ocrx_word' id='word_1_225' title='bbox 874 1500 920 1528; x_wconf 71' lang='lat' dir='ltr'>est</span> <span class='ocrx_word' id='word_1_226' title='bbox 937 1497 1018 1528; x_wconf 82' lang='lat' dir='ltr'>Vat.</span> <span class='ocrx_word' id='word_1_227' title='bbox 1034 1500 1065 1528; x_wconf 91' lang='grc'>9.</span> <span class='ocrx_word' id='word_1_228' title='bbox 1081 1497 1301 1529; x_wconf 76' lang='lat' dir='ltr'>Barberiu.2.</span> <span class='ocrx_word' id='word_1_229' title='bbox 1317 1497 1374 1529; x_wconf 81' lang='lat' dir='ltr'>alii</span> <span class='ocrx_word' id='word_1_230' title='bbox 1391 1495 1493 1528; x_wconf 89' lang='lat' dir='ltr'>codd.</span> <span class='ocrx_word' id='word_1_231' title='bbox 1509 1505 1567 1535; x_wconf 84' lang='lat' dir='ltr'>ap.</span> 
     </span>
     <span class='ocr_line' id='line_1_24' title="bbox 113 1535 1568 1579; baseline 0.001 -12"><span class='ocrx_word' id='word_1_232' title='bbox 113 1535 222 1579; x_wconf 82' lang='lat' dir='ltr'>Cruq.</span> <span class='ocrx_word' id='word_1_233' title='bbox 236 1536 370 1569; x_wconf 60' lang='lat' dir='ltr'>&#39;salbon</span> <span class='ocrx_word' id='word_1_234' title='bbox 386 1542 423 1569; x_wconf 90' lang='lat' dir='ltr'>et</span> <span class='ocrx_word' id='word_1_235' title='bbox 438 1538 569 1570; x_wconf 84' lang='lat' dir='ltr'>Valart.</span> <span class='ocrx_word' id='word_1_236' title='bbox 583 1538 662 1569; x_wconf 83' lang='lat' dir='ltr'>item</span> <span class='ocrx_word' id='word_1_237' title='bbox 680 1538 759 1570; x_wconf 84' lang='lat' dir='ltr'>Ald.</span> <span class='ocrx_word' id='word_1_238' title='bbox 776 1541 874 1571; x_wconf 84' lang='lat'>1501.</span> <span class='ocrx_word' id='word_1_239' title='bbox 895 1543 931 1570; x_wconf 86' lang='lat' dir='ltr'>et</span> <span class='ocrx_word' id='word_1_240' title='bbox 955 1539 1112 1571; x_wconf 85' lang='lat' dir='ltr'>Britann.</span> <span class='ocrx_word' id='word_1_241' title='bbox 1126 1542 1222 1571; x_wconf 80' lang='lat'>1520.</span> <span class='ocrx_word' id='word_1_242' title='bbox 1257 1539 1325 1575; x_wconf 83' lang='lat' dir='ltr'>Quo</span> <span class='ocrx_word' id='word_1_243' title='bbox 1341 1539 1476 1578; x_wconf 80' lang='lat' dir='ltr'>fortuna</span> <span class='ocrx_word' id='word_1_244' title='bbox 1489 1538 1568 1568; x_wconf 74' lang='lat' dir='ltr'>mihi</span> 
     </span>
     <span class='ocr_line' id='line_1_25' title="bbox 113 1578 1568 1622; baseline 0 -12"><span class='ocrx_word' id='word_1_245' title='bbox 113 1578 189 1610; x_wconf 87' lang='lat' dir='ltr'>cod.</span> <span class='ocrx_word' id='word_1_246' title='bbox 204 1589 260 1620; x_wconf 78' lang='lat' dir='ltr'>ap.</span> <span class='ocrx_word' id='word_1_247' title='bbox 276 1579 434 1611; x_wconf 85' lang='lat' dir='ltr'>Oberlin.</span> <span class='ocrx_word' id='word_1_248' title='bbox 451 1586 488 1612; x_wconf 88' lang='lat' dir='ltr'>ut</span> <span class='ocrx_word' id='word_1_249' title='bbox 508 1581 542 1611; x_wconf 91' lang='lat' dir='ltr'>in</span> <span class='ocrx_word' id='word_1_250' title='bbox 560 1590 630 1612; x_wconf 87' lang='lat' dir='ltr'>var.</span> <span class='ocrx_word' id='word_1_251' title='bbox 645 1581 724 1613; x_wconf 87' lang='lat' dir='ltr'>lect.</span> <span class='ocrx_word' id='word_1_252' title='bbox 737 1591 794 1622; x_wconf 83' lang='lat' dir='ltr'>ap.</span> <span class='ocrx_word' id='word_1_253' title='bbox 809 1580 912 1613; x_wconf 85' lang='lat' dir='ltr'>Ovid.</span> <span class='ocrx_word' id='word_1_254' title='bbox 928 1580 1047 1614; x_wconf 88' lang='lat' dir='ltr'>Amor.</span> <span class='ocrx_word' id='word_1_255' title='bbox 1062 1591 1103 1613; x_wconf 91' lang='lat'>11.</span> <span class='ocrx_word' id='word_1_256' title='bbox 1119 1585 1170 1613; x_wconf 89' lang='grc'>19.</span> <span class='ocrx_word' id='word_1_257' title='bbox 1186 1585 1218 1614; x_wconf 95' lang='grc'>7.</span> <span class='ocrx_word' id='word_1_258' title='bbox 1248 1582 1317 1618; x_wconf 84' lang='lat' dir='ltr'>Quo</span> <span class='ocrx_word' id='word_1_259' title='bbox 1333 1580 1568 1618; x_wconf 72' lang='lat' dir='ltr'>mihisortunas</span> 
     </span>
     <span class='ocr_line' id='line_1_26' title="bbox 113 1621 1568 1665; baseline 0 -13"><span class='ocrx_word' id='word_1_260' title='bbox 113 1629 157 1651; x_wconf 84' lang='lat' dir='ltr'>ex</span> <span class='ocrx_word' id='word_1_261' title='bbox 173 1621 264 1661; x_wconf 79' lang='lat' dir='ltr'>conj.</span> <span class='ocrx_word' id='word_1_262' title='bbox 278 1621 406 1654; x_wconf 78' lang='lat' dir='ltr'>Mutet.</span> <span class='ocrx_word' id='word_1_263' title='bbox 423 1622 543 1654; x_wconf 85' lang='lat' dir='ltr'>Lamb.</span> <span class='ocrx_word' id='word_1_264' title='bbox 562 1623 607 1654; x_wconf 83' lang='lat' dir='ltr'>H.</span> <span class='ocrx_word' id='word_1_265' title='bbox 624 1623 743 1664; x_wconf 84' lang='lat' dir='ltr'>Steph.</span> <span class='ocrx_word' id='word_1_266' title='bbox 757 1624 862 1665; x_wconf 89' lang='lat' dir='ltr'>Cruq.</span> <span class='ocrx_word' id='word_1_267' title='bbox 878 1623 1003 1655; x_wconf 83' lang='lat' dir='ltr'>Dacer.</span> <span class='ocrx_word' id='word_1_268' title='bbox 1015 1624 1161 1665; x_wconf 87' lang='lat' dir='ltr'>Cnning.</span> <span class='ocrx_word' id='word_1_269' title='bbox 1175 1623 1286 1655; x_wconf 84' lang='lat' dir='ltr'>Anon.</span> <span class='ocrx_word' id='word_1_270' title='bbox 1299 1624 1388 1663; x_wconf 77' lang='lat' dir='ltr'>Traj.</span> <span class='ocrx_word' id='word_1_271' title='bbox 1403 1622 1446 1654; x_wconf 82' lang='lat' dir='ltr'>ad</span> <span class='ocrx_word' id='word_1_272' title='bbox 1459 1622 1568 1653; x_wconf 83' lang='lat' dir='ltr'>Rhen.</span> 
     </span>
     <span class='ocr_line' id='line_1_27' title="bbox 115 1663 1568 1706; baseline 0.001 -13"><span class='ocrx_word' id='word_1_273' title='bbox 115 1664 211 1694; x_wconf 70' lang='grc'><strong>1713.</strong></span> <span class='ocrx_word' id='word_1_274' title='bbox 234 1663 360 1696; x_wconf 74' lang='lat' dir='ltr'>Sanan.</span> <span class='ocrx_word' id='word_1_275' title='bbox 374 1664 465 1695; x_wconf 83' lang='lat' dir='ltr'>Phil.</span> <span class='ocrx_word' id='word_1_276' title='bbox 483 1665 638 1705; x_wconf 82' lang='lat' dir='ltr'>Francis,</span> <span class='ocrx_word' id='word_1_277' title='bbox 651 1665 798 1706; x_wconf 79' lang='lat' dir='ltr'>Dorigli.</span> <span class='ocrx_word' id='word_1_278' title='bbox 811 1671 848 1697; x_wconf 91' lang='lat' dir='ltr'>et</span> <span class='ocrx_word' id='word_1_279' title='bbox 862 1665 1028 1697; x_wconf 80' lang='lat' dir='ltr'>Paulinus</span> <span class='ocrx_word' id='word_1_280' title='bbox 1043 1666 1154 1706; x_wconf 85' lang='lat' dir='ltr'>Neap.</span> <span class='ocrx_word' id='word_1_281' title='bbox 1172 1669 1267 1697; x_wconf 88' lang='grc'><strong>1796.</strong></span> <span class='ocrx_word' id='word_1_282' title='bbox 1293 1666 1335 1702; x_wconf 85' lang='lat' dir='ltr'>Q.</span> <span class='ocrx_word' id='word_1_283' title='bbox 1351 1666 1568 1704; x_wconf 73' lang='lat' dir='ltr'>m.sortunam</span> 
     </span>
     <span class='ocr_line' id='line_1_28' title="bbox 114 1705 1567 1749; baseline 0.001 -14"><span class='ocrx_word' id='word_1_284' title='bbox 114 1705 198 1736; x_wconf 75' lang='lat' dir='ltr'>Vnt.</span> <span class='ocrx_word' id='word_1_285' title='bbox 214 1707 266 1737; x_wconf 87' lang='grc'>18.</span> <span class='ocrx_word' id='word_1_286' title='bbox 283 1715 303 1736; x_wconf 75' lang='lat' dir='ltr'>a</span> <span class='ocrx_word' id='word_1_287' title='bbox 318 1715 362 1737; x_wconf 90' lang='lat' dir='ltr'>m.</span> <span class='ocrx_word' id='word_1_288' title='bbox 379 1716 432 1746; x_wconf 87' lang='lat' dir='ltr'>pr.</span> <span class='ocrx_word' id='word_1_289' title='bbox 448 1707 490 1737; x_wconf 89' lang='grc'>31.</span> <span class='ocrx_word' id='word_1_290' title='bbox 504 1707 604 1738; x_wconf 87' lang='lat' dir='ltr'>codd.</span> <span class='ocrx_word' id='word_1_291' title='bbox 619 1707 709 1748; x_wconf 85' lang='lat' dir='ltr'>apud</span> <span class='ocrx_word' id='word_1_292' title='bbox 727 1707 844 1739; x_wconf 79' lang='lat' dir='ltr'>Lamb.</span> <span class='ocrx_word' id='word_1_293' title='bbox 862 1708 965 1749; x_wconf 87' lang='lat' dir='ltr'>Cruq.</span> <span class='ocrx_word' id='word_1_294' title='bbox 979 1708 1057 1740; x_wconf 83' lang='lat' dir='ltr'>Val.</span> <span class='ocrx_word' id='word_1_295' title='bbox 1074 1708 1227 1749; x_wconf 83' lang='lat' dir='ltr'>sequitur</span> <span class='ocrx_word' id='word_1_296' title='bbox 1241 1707 1417 1739; x_wconf 81' lang='lat' dir='ltr'>Bentleius</span> <span class='ocrx_word' id='word_1_297' title='bbox 1433 1716 1476 1738; x_wconf 82' lang='lat' dir='ltr'>ex</span> <span class='ocrx_word' id='word_1_298' title='bbox 1493 1707 1567 1737; x_wconf 84' lang='lat' dir='ltr'>aliis</span> 
     </span>
     <span class='ocr_line' id='line_1_29' title="bbox 114 1747 1568 1791; baseline 0.001 -14"><span class='ocrx_word' id='word_1_299' title='bbox 114 1747 200 1778; x_wconf 77' lang='lat' dir='ltr'>Mss.</span> <span class='ocrx_word' id='word_1_300' title='bbox 214 1747 294 1779; x_wconf 88' lang='lat' dir='ltr'>inde</span> <span class='ocrx_word' id='word_1_301' title='bbox 309 1748 605 1789; x_wconf 83' lang='lat' dir='ltr'>Sandby‚Wakef.</span> <span class='ocrx_word' id='word_1_302' title='bbox 619 1751 808 1781; x_wconf 84' lang='lat' dir='ltr'>Wetzel.et</span> <span class='ocrx_word' id='word_1_303' title='bbox 822 1750 1180 1782; x_wconf 71' lang='lat' dir='ltr'>Zennius.‘1‹&#39;oreunam</span> <span class='ocrx_word' id='word_1_304' title='bbox 1193 1755 1321 1789; x_wconf 84' lang='lat' dir='ltr'>autem,</span> <span class='ocrx_word' id='word_1_305' title='bbox 1334 1749 1445 1791; x_wconf 90' lang='lat' dir='ltr'>inquit</span> <span class='ocrx_word' id='word_1_306' title='bbox 1459 1749 1568 1780; x_wconf 91' lang='lat' dir='ltr'>Bent-</span> 
     </span>
     <span class='ocr_line' id='line_1_30' title="bbox 114 1789 1566 1834; baseline 0.001 -14"><span class='ocrx_word' id='word_1_307' title='bbox 114 1789 212 1829; x_wconf 62' lang='lat' dir='ltr'>laius,</span> <span class='ocrx_word' id='word_1_308' title='bbox 238 1790 400 1830; x_wconf 80' lang='lat' dir='ltr'>singulari</span> <span class='ocrx_word' id='word_1_309' title='bbox 420 1801 560 1822; x_wconf 83' lang='lat' dir='ltr'>numero</span> <span class='ocrx_word' id='word_1_310' title='bbox 585 1792 732 1833; x_wconf 82' lang='lat' dir='ltr'>mallem,</span> <span class='ocrx_word' id='word_1_311' title='bbox 757 1793 835 1833; x_wconf 83' lang='lat' dir='ltr'>quia</span> <span class='ocrx_word' id='word_1_312' title='bbox 861 1793 1014 1834; x_wconf 87' lang='lat' dir='ltr'>seqnitur</span> <span class='ocrx_word' id='word_1_313' title='bbox 1031 1793 1091 1824; x_wconf 74' lang='lat' dir='ltr'>uti.</span> <span class='ocrx_word' id='word_1_314' title='bbox 1136 1793 1193 1824; x_wconf 84' lang='lat' dir='ltr'>Ita</span> <span class='ocrx_word' id='word_1_315' title='bbox 1215 1793 1329 1824; x_wconf 85' lang='lat' dir='ltr'>Livius</span> <span class='ocrx_word' id='word_1_316' title='bbox 1354 1800 1495 1823; x_wconf 84' lang='lat' dir='ltr'>xxxln.</span> <span class='ocrx_word' id='word_1_317' title='bbox 1514 1793 1566 1822; x_wconf 75' lang='lat'>12.</span> 
     </span>
     <span class='ocr_line' id='line_1_31' title="bbox 111 1831 1568 1875; baseline -0.001 -11"><span class='ocrx_word' id='word_1_318' title='bbox 111 1832 120 1848; x_wconf 91' lang='lat'>‘</span> <span class='ocrx_word' id='word_1_319' title='bbox 134 1831 222 1864; x_wconf 76' lang='lat' dir='ltr'>Qnae</span> <span class='ocrx_word' id='word_1_320' title='bbox 246 1836 390 1874; x_wconf 80' lang='lat' dir='ltr'>utraque</span> <span class='ocrx_word' id='word_1_321' title='bbox 414 1834 580 1874; x_wconf 84' lang='lat' dir='ltr'>proclivia</span> <span class='ocrx_word' id='word_1_322' title='bbox 595 1843 683 1875; x_wconf 84' lang='lat' dir='ltr'>esse,</span> <span class='ocrx_word' id='word_1_323' title='bbox 700 1835 726 1865; x_wconf 83' lang='lat' dir='ltr'>si</span> <span class='ocrx_word' id='word_1_324' title='bbox 743 1833 880 1866; x_wconf 80' lang='lat' dir='ltr'>fortuna</span> <span class='ocrx_word' id='word_1_325' title='bbox 896 1835 945 1866; x_wconf 86' lang='lat' dir='ltr'>uti</span> <span class='ocrx_word' id='word_1_326' title='bbox 961 1835 1090 1867; x_wconf 69' lang='lat' dir='ltr'>venet:</span> <span class='ocrx_word' id='word_1_327' title='bbox 1134 1835 1230 1875; x_wconf 85' lang='lat' dir='ltr'>Virg.</span> <span class='ocrx_word' id='word_1_328' title='bbox 1248 1844 1300 1866; x_wconf 81' lang='lat' dir='ltr'>lx.</span> <span class='ocrx_word' id='word_1_329' title='bbox 1318 1835 1392 1866; x_wconf 82' lang='lat' dir='ltr'>AEn.</span> <span class='ocrx_word' id='word_1_330' title='bbox 1409 1836 1483 1865; x_wconf 70' lang='lat'>240.</span> <span class='ocrx_word' id='word_1_331' title='bbox 1505 1834 1515 1851; x_wconf 88' lang='lat'>‘</span> <span class='ocrx_word' id='word_1_332' title='bbox 1532 1833 1568 1864; x_wconf 82' lang='lat' dir='ltr'>Si</span> 
     </span>
     <span class='ocr_line' id='line_1_32' title="bbox 113 1871 1569 1918; baseline 0.001 -13"><span class='ocrx_word' id='word_1_333' title='bbox 113 1871 250 1906; x_wconf 76' lang='lat' dir='ltr'>fortuna</span> <span class='ocrx_word' id='word_1_334' title='bbox 271 1875 472 1916; x_wconf 82' lang='lat' dir='ltr'>permittitis</span> <span class='ocrx_word' id='word_1_335' title='bbox 490 1876 571 1916; x_wconf 82' lang='lat' dir='ltr'>uti;¹</span> <span class='ocrx_word' id='word_1_336' title='bbox 594 1882 629 1909; x_wconf 86' lang='lat' dir='ltr'>et</span> <span class='ocrx_word' id='word_1_337' title='bbox 646 1877 774 1909; x_wconf 82' lang='lat' dir='ltr'>Noster</span> <span class='ocrx_word' id='word_1_338' title='bbox 791 1886 816 1910; x_wconf 82' lang='lat'>1.</span> <span class='ocrx_word' id='word_1_339' title='bbox 835 1878 908 1909; x_wconf 87' lang='lat' dir='ltr'>Sat.</span> <span class='ocrx_word' id='word_1_340' title='bbox 925 1880 958 1909; x_wconf 92' lang='grc'>9.</span> <span class='ocrx_word' id='word_1_341' title='bbox 974 1880 1028 1910; x_wconf 87' lang='grc'>45.</span> <span class='ocrx_word' id='word_1_342' title='bbox 1071 1877 1140 1909; x_wconf 88' lang='lat' dir='ltr'>Sed</span> <span class='ocrx_word' id='word_1_343' title='bbox 1165 1887 1231 1909; x_wconf 89' lang='lat' dir='ltr'>non</span> <span class='ocrx_word' id='word_1_344' title='bbox 1248 1877 1345 1918; x_wconf 87' lang='lat' dir='ltr'>vidit,</span> <span class='ocrx_word' id='word_1_345' title='bbox 1361 1876 1408 1908; x_wconf 87' lang='lat' dir='ltr'>ibi</span> <span class='ocrx_word' id='word_1_346' title='bbox 1424 1876 1468 1908; x_wconf 87' lang='lat' dir='ltr'>de</span> <span class='ocrx_word' id='word_1_347' title='bbox 1486 1876 1569 1908; x_wconf 84' lang='lat' dir='ltr'>For·</span> 
     </span>
    </p>
   </div>
   <div class='ocr_carea' id='block_1_7' title="bbox 770 1973 912 2006">
    <p class='ocr_par' dir='ltr' id='par_1_7' title="bbox 770 1973 912 2006">
     <span class='ocr_line' id='line_1_33' title="bbox 770 1973 912 2006; baseline -0.007 0"><span class='ocrx_word' id='word_1_348' title='bbox 770 1974 801 2006; x_wconf 88' lang='lat' dir='ltr'>N</span> <span class='ocrx_word' id='word_1_349' title='bbox 808 1973 912 2005; x_wconf 70' lang='lat' dir='ltr'>01*AE</span> 
     </span>
    </p>
   </div>
   <div class='ocr_carea' id='block_1_8' title="bbox 114 2033 817 2876">
    <p class='ocr_par' dir='ltr' id='par_1_8' title="bbox 116 2033 727 2078">
     <span class='ocr_line' id='line_1_34' title="bbox 116 2033 727 2078; baseline 0.003 -12"><span class='ocrx_word' id='word_1_350' title='bbox 116 2033 317 2075; x_wconf 73' lang='lat' dir='ltr'>parandum,</span> <span class='ocrx_word' id='word_1_351' title='bbox 331 2035 592 2077; x_wconf 76' lang='lat' dir='ltr'>coquendasque</span> <span class='ocrx_word' id='word_1_352' title='bbox 610 2038 727 2078; x_wconf 86' lang='lat' dir='ltr'>dapes.</span> 
     </span>
    </p>

    <p class='ocr_par' dir='ltr' id='par_1_9' title="bbox 115 2084 817 2316">
     <span class='ocr_line' id='line_1_35' title="bbox 159 2084 814 2127; baseline 0.005 -12"><span class='ocrx_word' id='word_1_353' title='bbox 159 2087 179 2115; x_wconf 86' lang='lat'>8</span> <span class='ocrx_word' id='word_1_354' title='bbox 213 2084 312 2115; x_wconf 74' lang='lat' dir='ltr'>Mitte</span> <span class='ocrx_word' id='word_1_355' title='bbox 339 2085 420 2116; x_wconf 69' lang='lat' dir='ltr'>leues</span> <span class='ocrx_word' id='word_1_356' title='bbox 446 2086 529 2125; x_wconf 79' lang='lat' dir='ltr'>spes]</span> <span class='ocrx_word' id='word_1_357' title='bbox 569 2086 702 2118; x_wconf 81' lang='lat' dir='ltr'>Omitte</span> <span class='ocrx_word' id='word_1_358' title='bbox 734 2096 814 2127; x_wconf 76' lang='lat' dir='ltr'>pau·</span> 
     </span>
     <span class='ocr_line' id='line_1_36' title="bbox 115 2134 817 2176; baseline 0.003 -12"><span class='ocrx_word' id='word_1_359' title='bbox 115 2134 219 2164; x_wconf 89' lang='lat' dir='ltr'>lulum</span> <span class='ocrx_word' id='word_1_360' title='bbox 247 2134 364 2165; x_wconf 78' lang='lat' dir='ltr'>solitas</span> <span class='ocrx_word' id='word_1_361' title='bbox 387 2135 630 2176; x_wconf 81' lang='lat' dir='ltr'>occupationes</span> <span class='ocrx_word' id='word_1_362' title='bbox 646 2136 817 2176; x_wconf 83' lang='lat' dir='ltr'>molestas,</span> 
     </span>
     <span class='ocr_line' id='line_1_37' title="bbox 115 2184 815 2226; baseline 0.004 -12"><span class='ocrx_word' id='word_1_363' title='bbox 115 2185 186 2215; x_wconf 84' lang='lat' dir='ltr'>sive</span> <span class='ocrx_word' id='word_1_364' title='bbox 204 2194 264 2225; x_wconf 90' lang='lat' dir='ltr'>pro</span> <span class='ocrx_word' id='word_1_365' title='bbox 281 2184 506 2225; x_wconf 80' lang='lat' dir='ltr'>divitiis,sive</span> <span class='ocrx_word' id='word_1_366' title='bbox 524 2195 586 2226; x_wconf 86' lang='lat' dir='ltr'>pro</span> <span class='ocrx_word' id='word_1_367' title='bbox 602 2185 693 2217; x_wconf 83' lang='lat' dir='ltr'>fama</span> <span class='ocrx_word' id='word_1_368' title='bbox 709 2191 744 2217; x_wconf 89' lang='lat' dir='ltr'>et</span> <span class='ocrx_word' id='word_1_369' title='bbox 756 2185 815 2217; x_wconf 84' lang='lat' dir='ltr'>ho·</span> 
     </span>
     <span class='ocr_line' id='line_1_38' title="bbox 116 2234 815 2276; baseline 0 -10"><span class='ocrx_word' id='word_1_370' title='bbox 116 2235 267 2274; x_wconf 80' lang='lat' dir='ltr'>noi-ibus,</span> <span class='ocrx_word' id='word_1_371' title='bbox 292 2235 362 2267; x_wconf 73' lang='lat' dir='ltr'>sive</span> <span class='ocrx_word' id='word_1_372' title='bbox 393 2244 456 2276; x_wconf 87' lang='lat' dir='ltr'>pro</span> <span class='ocrx_word' id='word_1_373' title='bbox 479 2234 681 2268; x_wconf 81' lang='lat' dir='ltr'>defensione</span> <span class='ocrx_word' id='word_1_374' title='bbox 711 2235 815 2267; x_wconf 87' lang='lat' dir='ltr'>clien-</span> 
     </span>
     <span class='ocr_line' id='line_1_39' title="bbox 117 2289 348 2316; baseline -0.009 0"><span class='ocrx_word' id='word_1_375' title='bbox 117 2290 187 2316; x_wconf 75' lang='lat' dir='ltr'>tum</span> <span class='ocrx_word' id='word_1_376' title='bbox 202 2289 348 2315; x_wconf 86' lang='lat' dir='ltr'>tuorum.</span> 
     </span>
    </p>

    <p class='ocr_par' dir='ltr' id='par_1_10' title="bbox 114 2333 816 2516">
     <span class='ocr_line' id='line_1_40' title="bbox 157 2333 815 2375; baseline 0.002 -9"><span class='ocrx_word' id='word_1_377' title='bbox 157 2337 179 2366; x_wconf 90' lang='grc'><strong>9</strong></span> <span class='ocrx_word' id='word_1_378' title='bbox 201 2334 339 2375; x_wconf 77' lang='lat' dir='ltr'>Moschi]</span> <span class='ocrx_word' id='word_1_379' title='bbox 365 2334 400 2366; x_wconf 81' lang='lat' dir='ltr'>Is</span> <span class='ocrx_word' id='word_1_380' title='bbox 430 2333 531 2366; x_wconf 80' lang='lat' dir='ltr'>fuisse</span> <span class='ocrx_word' id='word_1_381' title='bbox 557 2334 687 2366; x_wconf 86' lang='lat' dir='ltr'>Rhetor</span> <span class='ocrx_word' id='word_1_382' title='bbox 716 2335 815 2367; x_wconf 81' lang='lat' dir='ltr'>Grae-</span> 
     </span>
     <span class='ocr_line' id='line_1_41' title="bbox 115 2383 816 2425; baseline 0 -9"><span class='ocrx_word' id='word_1_383' title='bbox 115 2394 174 2416; x_wconf 77' lang='lat' dir='ltr'>cns</span> <span class='ocrx_word' id='word_1_384' title='bbox 189 2383 340 2416; x_wconf 82' lang='lat' dir='ltr'>refertur</span> <span class='ocrx_word' id='word_1_385' title='bbox 351 2384 482 2425; x_wconf 82' lang='lat' dir='ltr'>origine</span> <span class='ocrx_word' id='word_1_386' title='bbox 496 2384 744 2424; x_wconf 83' lang='lat' dir='ltr'>Pergamenus,</span> <span class='ocrx_word' id='word_1_387' title='bbox 758 2386 816 2425; x_wconf 86' lang='lat' dir='ltr'>qui</span> 
     </span>
     <span class='ocr_line' id='line_1_42' title="bbox 115 2433 815 2477; baseline 0.001 -11"><span class='ocrx_word' id='word_1_388' title='bbox 115 2433 272 2467; x_wconf 79' lang='lat' dir='ltr'>veneficii</span> <span class='ocrx_word' id='word_1_389' title='bbox 294 2443 372 2466; x_wconf 88' lang='lat' dir='ltr'>reus</span> <span class='ocrx_word' id='word_1_390' title='bbox 402 2444 423 2466; x_wconf 84' lang='grc'><strong>3</strong></span> <span class='ocrx_word' id='word_1_391' title='bbox 448 2434 624 2477; x_wconf 80' lang='lat' dir='ltr'>Torquato</span> <span class='ocrx_word' id='word_1_392' title='bbox 652 2434 815 2467; x_wconf 83' lang='lat' dir='ltr'>defende-</span> 
     </span>
     <span class='ocr_line' id='line_1_43' title="bbox 114 2484 226 2516; baseline -0.009 0"><span class='ocrx_word' id='word_1_393' title='bbox 114 2484 226 2516; x_wconf 77' lang='lat' dir='ltr'>batur.</span> 
     </span>
    </p>

    <p class='ocr_par' dir='ltr' id='par_1_11' title="bbox 116 2532 816 2814">
     <span class='ocr_line' id='line_1_44' title="bbox 162 2532 816 2574; baseline 0.002 -11"><span class='ocrx_word' id='word_1_394' title='bbox 162 2533 242 2564; x_wconf 67' lang='lat' dir='ltr'>Cra·</span> <span class='ocrx_word' id='word_1_395' title='bbox 256 2536 330 2564; x_wconf 79' lang='lat' dir='ltr'>nato</span> <span class='ocrx_word' id='word_1_396' title='bbox 345 2532 594 2573; x_wconf 73' lang='lat' dir='ltr'>Coesaresestus]</span> <span class='ocrx_word' id='word_1_397' title='bbox 620 2533 704 2565; x_wconf 82' lang='lat' dir='ltr'>Cras</span> <span class='ocrx_word' id='word_1_398' title='bbox 714 2533 816 2574; x_wconf 85' lang='lat' dir='ltr'>justi-</span> 
     </span>
     <span class='ocr_line' id='line_1_45' title="bbox 117 2581 814 2623; baseline -0.001 -8"><span class='ocrx_word' id='word_1_399' title='bbox 117 2584 202 2615; x_wconf 88' lang='lat' dir='ltr'>tium</span> <span class='ocrx_word' id='word_1_400' title='bbox 231 2587 298 2623; x_wconf 84' lang='lat' dir='ltr'>est,</span> <span class='ocrx_word' id='word_1_401' title='bbox 325 2581 368 2613; x_wconf 90' lang='lat' dir='ltr'>ob</span> <span class='ocrx_word' id='word_1_402' title='bbox 393 2583 537 2614; x_wconf 81' lang='lat' dir='ltr'>natalem</span> <span class='ocrx_word' id='word_1_403' title='bbox 566 2583 734 2614; x_wconf 81' lang='lat' dir='ltr'>Caesaris:</span> <span class='ocrx_word' id='word_1_404' title='bbox 773 2592 814 2614; x_wconf 88' lang='lat' dir='ltr'>ac</span> 
     </span>
     <span class='ocr_line' id='line_1_46' title="bbox 116 2630 816 2676; baseline -0.003 -10"><span class='ocrx_word' id='word_1_405' title='bbox 116 2630 261 2676; x_wconf 82' lang='lat' dir='ltr'>proinde</span> <span class='ocrx_word' id='word_1_406' title='bbox 290 2632 467 2664; x_wconf 77' lang='lat' dir='ltr'>silentibus</span> <span class='ocrx_word' id='word_1_407' title='bbox 491 2633 632 2673; x_wconf 85' lang='lat' dir='ltr'>judiciis</span> <span class='ocrx_word' id='word_1_408' title='bbox 662 2643 702 2665; x_wconf 90' lang='lat' dir='ltr'>ac</span> <span class='ocrx_word' id='word_1_409' title='bbox 727 2638 816 2665; x_wconf 90' lang='lat' dir='ltr'>stre-</span> 
     </span>
     <span class='ocr_line' id='line_1_47' title="bbox 118 2682 814 2726; baseline -0.001 -11"><span class='ocrx_word' id='word_1_410' title='bbox 118 2684 192 2726; x_wconf 89' lang='lat' dir='ltr'>pitu</span> <span class='ocrx_word' id='word_1_411' title='bbox 208 2682 347 2721; x_wconf 76' lang='lat' dir='ltr'>forensi,</span> <span class='ocrx_word' id='word_1_412' title='bbox 372 2682 518 2713; x_wconf 86' lang='lat' dir='ltr'>dormire</span> <span class='ocrx_word' id='word_1_413' title='bbox 540 2682 573 2714; x_wconf 89' lang='lat' dir='ltr'>in</span> <span class='ocrx_word' id='word_1_414' title='bbox 598 2684 740 2715; x_wconf 89' lang='lat' dir='ltr'>multam</span> <span class='ocrx_word' id='word_1_415' title='bbox 764 2684 814 2714; x_wconf 92' lang='lat' dir='ltr'>lu-</span> 
     </span>
     <span class='ocr_line' id='line_1_48' title="bbox 118 2731 812 2773; baseline 0 -8"><span class='ocrx_word' id='word_1_416' title='bbox 118 2743 206 2772; x_wconf 83' lang='lat' dir='ltr'>cem,</span> <span class='ocrx_word' id='word_1_417' title='bbox 221 2737 258 2764; x_wconf 86' lang='lat' dir='ltr'>et</span> <span class='ocrx_word' id='word_1_418' title='bbox 280 2731 423 2773; x_wconf 78' lang='lat' dir='ltr'>epulari,</span> <span class='ocrx_word' id='word_1_419' title='bbox 448 2735 484 2763; x_wconf 87' lang='lat' dir='ltr'>et</span> <span class='ocrx_word' id='word_1_420' title='bbox 507 2731 673 2764; x_wconf 78' lang='lat' dir='ltr'>hilaritati</span> <span class='ocrx_word' id='word_1_421' title='bbox 689 2742 812 2765; x_wconf 85' lang='lat' dir='ltr'>vacare</span> 
     </span>
     <span class='ocr_line' id='line_1_49' title="bbox 118 2783 248 2814; baseline -0.015 0"><span class='ocrx_word' id='word_1_422' title='bbox 118 2783 248 2814; x_wconf 86' lang='lat' dir='ltr'>licebit.</span> 
     </span>
    </p>

    <p class='ocr_par' dir='ltr' id='par_1_12' title="bbox 162 2830 813 2876">
     <span class='ocr_line' id='line_1_50' title="bbox 162 2830 813 2876; baseline 0.005 -13"><span class='ocrx_word' id='word_1_423' title='bbox 162 2833 250 2866; x_wconf 79' lang='grc' dir='ltr'><em>Ναιο</em></span> <span class='ocrx_word' id='word_1_424' title='bbox 273 2830 412 2872; x_wconf 80' lang='lat' dir='ltr'>Coesare]</span> <span class='ocrx_word' id='word_1_425' title='bbox 432 2830 618 2872; x_wconf 88' lang='lat' dir='ltr'>Accipiunt</span> <span class='ocrx_word' id='word_1_426' title='bbox 645 2835 745 2876; x_wconf 79' lang='lat' dir='ltr'>vulgo</span> <span class='ocrx_word' id='word_1_427' title='bbox 771 2835 813 2866; x_wconf 87' lang='lat' dir='ltr'>de</span> 
     </span>
    </p>
   </div>
   <div class='ocr_carea' id='block_1_9' title="bbox 858 2037 1571 2822">
    <p class='ocr_par' dir='ltr' id='par_1_13' title="bbox 868 2037 1571 2418">
     <span class='ocr_line' id='line_1_51' title="bbox 868 2037 1569 2080; baseline -0.006 -9"><span class='ocrx_word' id='word_1_428' title='bbox 868 2039 974 2071; x_wconf 78' lang='lat' dir='ltr'>natali</span> <span class='ocrx_word' id='word_1_429' title='bbox 998 2038 1159 2080; x_wconf 78' lang='lat' dir='ltr'>Augusti,</span> <span class='ocrx_word' id='word_1_430' title='bbox 1182 2038 1239 2079; x_wconf 90' lang='lat' dir='ltr'>qui</span> <span class='ocrx_word' id='word_1_431' title='bbox 1262 2047 1339 2069; x_wconf 87' lang='lat' dir='ltr'>cum</span> <span class='ocrx_word' id='word_1_432' title='bbox 1362 2037 1395 2068; x_wconf 93' lang='lat' dir='ltr'>in</span> <span class='ocrx_word' id='word_1_433' title='bbox 1412 2037 1569 2078; x_wconf 88' lang='lat' dir='ltr'>Septem-</span> 
     </span>
     <span class='ocr_line' id='line_1_52' title="bbox 868 2086 1568 2128; baseline -0.003 -9"><span class='ocrx_word' id='word_1_434' title='bbox 868 2088 920 2119; x_wconf 84' lang='lat' dir='ltr'>bri</span> <span class='ocrx_word' id='word_1_435' title='bbox 937 2088 980 2119; x_wconf 85' lang='lat' dir='ltr'>sit</span> <span class='ocrx_word' id='word_1_436' title='bbox 998 2089 1092 2120; x_wconf 79' lang='lat' dir='ltr'>circa</span> <span class='ocrx_word' id='word_1_437' title='bbox 1113 2088 1229 2128; x_wconf 86' lang='lat' dir='ltr'>finem,</span> <span class='ocrx_word' id='word_1_438' title='bbox 1251 2097 1294 2119; x_wconf 89' lang='lat' dir='ltr'>ex</span> <span class='ocrx_word' id='word_1_439' title='bbox 1315 2086 1502 2126; x_wconf 88' lang='lat' dir='ltr'>Suetonio;</span> <span class='ocrx_word' id='word_1_440' title='bbox 1524 2086 1568 2117; x_wconf 82' lang='lat' dir='ltr'>ad</span> 
     </span>
     <span class='ocr_line' id='line_1_53' title="bbox 869 2135 1568 2179; baseline -0.003 -11"><span class='ocrx_word' id='word_1_441' title='bbox 869 2147 940 2169; x_wconf 90' lang='lat' dir='ltr'>rem</span> <span class='ocrx_word' id='word_1_442' title='bbox 956 2142 1160 2179; x_wconf 78' lang='lat' dir='ltr'>praesentem</span> <span class='ocrx_word' id='word_1_443' title='bbox 1176 2146 1243 2167; x_wconf 90' lang='lat' dir='ltr'>non</span> <span class='ocrx_word' id='word_1_444' title='bbox 1265 2135 1351 2167; x_wconf 81' lang='lat' dir='ltr'>facit</span> <span class='ocrx_word' id='word_1_445' title='bbox 1372 2135 1568 2167; x_wconf 84' lang='lat' dir='ltr'>admodum.</span> 
     </span>
     <span class='ocr_line' id='line_1_54' title="bbox 870 2185 1570 2228; baseline -0.007 -8"><span class='ocrx_word' id='word_1_446' title='bbox 870 2187 989 2219; x_wconf 76' lang='lat' dir='ltr'>Malim</span> <span class='ocrx_word' id='word_1_447' title='bbox 1005 2188 1108 2228; x_wconf 84' lang='lat' dir='ltr'>igitur</span> <span class='ocrx_word' id='word_1_448' title='bbox 1122 2196 1199 2218; x_wconf 89' lang='lat' dir='ltr'>cum</span> <span class='ocrx_word' id='word_1_449' title='bbox 1222 2185 1420 2228; x_wconf 83' lang='lat' dir='ltr'>quibusdam</span> <span class='ocrx_word' id='word_1_450' title='bbox 1445 2185 1570 2216; x_wconf 81' lang='lat' dir='ltr'>intelli·</span> 
     </span>
     <span class='ocr_line' id='line_1_55' title="bbox 869 2234 1568 2277; baseline -0.006 -8"><span class='ocrx_word' id='word_1_451' title='bbox 869 2247 949 2277; x_wconf 83' lang='lat' dir='ltr'>gere</span> <span class='ocrx_word' id='word_1_452' title='bbox 967 2238 1116 2268; x_wconf 83' lang='lat' dir='ltr'>natalem</span> <span class='ocrx_word' id='word_1_453' title='bbox 1130 2236 1212 2268; x_wconf 86' lang='lat' dir='ltr'>Julii</span> <span class='ocrx_word' id='word_1_454' title='bbox 1230 2235 1390 2274; x_wconf 78' lang='lat' dir='ltr'>Caesaris,</span> <span class='ocrx_word' id='word_1_455' title='bbox 1405 2235 1460 2276; x_wconf 88' lang='lat' dir='ltr'>qui</span> <span class='ocrx_word' id='word_1_456' title='bbox 1473 2234 1568 2267; x_wconf 83' lang='lat' dir='ltr'>Julio</span> 
     </span>
     <span class='ocr_line' id='line_1_56' title="bbox 871 2283 1571 2327; baseline -0.004 -9"><span class='ocrx_word' id='word_1_457' title='bbox 871 2287 1006 2327; x_wconf 85' lang='lat' dir='ltr'>quidem</span> <span class='ocrx_word' id='word_1_458' title='bbox 1019 2295 1136 2318; x_wconf 84' lang='lat' dir='ltr'>mense</span> <span class='ocrx_word' id='word_1_459' title='bbox 1149 2285 1249 2317; x_wconf 84' lang='lat' dir='ltr'>habet</span> <span class='ocrx_word' id='word_1_460' title='bbox 1265 2290 1274 2303; x_wconf 88' lang='lat'>¹</span> <span class='ocrx_word' id='word_1_461' title='bbox 1285 2290 1404 2317; x_wconf 83' lang='lat' dir='ltr'>noctes</span> <span class='ocrx_word' id='word_1_462' title='bbox 1412 2283 1571 2316; x_wconf 68' lang='lat' dir='ltr'>aestivas!</span> 
     </span>
     <span class='ocr_line' id='line_1_57' title="bbox 868 2334 1568 2368; baseline -0.006 0"><span class='ocrx_word' id='word_1_463' title='bbox 868 2337 957 2368; x_wconf 89' lang='lat' dir='ltr'>Vide</span> <span class='ocrx_word' id='word_1_464' title='bbox 983 2335 1139 2368; x_wconf 82' lang='lat' dir='ltr'>Macrob.</span> <span class='ocrx_word' id='word_1_465' title='bbox 1163 2335 1301 2367; x_wconf 84' lang='lat' dir='ltr'>Saturn.</span> <span class='ocrx_word' id='word_1_466' title='bbox 1324 2344 1349 2366; x_wconf 89' lang='lat'>1.</span> <span class='ocrx_word' id='word_1_467' title='bbox 1373 2336 1425 2366; x_wconf 87' lang='lat'>12.</span> <span class='ocrx_word' id='word_1_468' title='bbox 1466 2334 1568 2365; x_wconf 89' lang='lat' dir='ltr'>Dion.</span> 
     </span>
     <span class='ocr_line' id='line_1_58' title="bbox 868 2386 1042 2418; baseline 0.006 -1"><span class='ocrx_word' id='word_1_469' title='bbox 868 2386 924 2418; x_wconf 89' lang='lat' dir='ltr'>lib.</span> <span class='ocrx_word' id='word_1_470' title='bbox 940 2394 1042 2418; x_wconf 79' lang='lat' dir='ltr'>xmv.</span> 
     </span>
    </p>

    <p class='ocr_par' dir='ltr' id='par_1_14' title="bbox 864 2432 1568 2627">
     <span class='ocr_line' id='line_1_59' title="bbox 911 2432 1568 2472; baseline -0.009 -4"><span class='ocrx_word' id='word_1_471' title='bbox 911 2439 949 2468; x_wconf 86' lang='lat'>11</span> <span class='ocrx_word' id='word_1_472' title='bbox 973 2437 1131 2468; x_wconf 70' lang='lat' dir='ltr'>AErtivam</span> <span class='ocrx_word' id='word_1_473' title='bbox 1145 2445 1282 2467; x_wconf 75' lang='lat' dir='ltr'>sermone</span> <span class='ocrx_word' id='word_1_474' title='bbox 1295 2434 1427 2472; x_wconf 82' lang='lat' dir='ltr'>benigno</span> <span class='ocrx_word' id='word_1_475' title='bbox 1442 2432 1568 2464; x_wconf 78' lang='lat' dir='ltr'>tendere</span> 
     </span>
     <span class='ocr_line' id='line_1_60' title="bbox 864 2483 1566 2527; baseline -0.009 -9"><span class='ocrx_word' id='word_1_476' title='bbox 864 2486 1000 2527; x_wconf 79' lang='lat' dir='ltr'>noctem]</span> <span class='ocrx_word' id='word_1_477' title='bbox 1039 2486 1188 2518; x_wconf 86' lang='lat' dir='ltr'>Noctem</span> <span class='ocrx_word' id='word_1_478' title='bbox 1221 2487 1344 2515; x_wconf 84' lang='lat' dir='ltr'>aestate</span> <span class='ocrx_word' id='word_1_479' title='bbox 1375 2483 1566 2514; x_wconf 86' lang='lat' dir='ltr'>breviorem</span> 
     </span>
     <span class='ocr_line' id='line_1_61' title="bbox 865 2531 1566 2575; baseline -0.006 -8"><span class='ocrx_word' id='word_1_480' title='bbox 865 2536 1054 2567; x_wconf 82' lang='lat' dir='ltr'>extendere</span> <span class='ocrx_word' id='word_1_481' title='bbox 1070 2544 1130 2566; x_wconf 85' lang='lat' dir='ltr'>seu</span> <span class='ocrx_word' id='word_1_482' title='bbox 1147 2534 1344 2575; x_wconf 83' lang='lat' dir='ltr'>protrahere</span> <span class='ocrx_word' id='word_1_483' title='bbox 1357 2531 1566 2564; x_wconf 80' lang='lat' dir='ltr'>sermonibus</span> 
     </span>
     <span class='ocr_line' id='line_1_62' title="bbox 866 2581 1460 2627; baseline -0.007 -11"><span class='ocrx_word' id='word_1_484' title='bbox 866 2585 1022 2627; x_wconf 85' lang='lat' dir='ltr'>prolixis,</span> <span class='ocrx_word' id='word_1_485' title='bbox 1039 2583 1276 2622; x_wconf 80' lang='lat' dir='ltr'>familiaribus,</span> <span class='ocrx_word' id='word_1_486' title='bbox 1284 2581 1460 2623; x_wconf 88' lang='lat' dir='ltr'>jucundis.</span> 
     </span>
    </p>

    <p class='ocr_par' dir='ltr' id='par_1_15' title="bbox 858 2631 1569 2822">
     <span class='ocr_line' id='line_1_63' title="bbox 908 2631 1569 2674; baseline -0.003 -8"><span class='ocrx_word' id='word_1_487' title='bbox 908 2637 950 2666; x_wconf 75' lang='lat'>12</span> <span class='ocrx_word' id='word_1_488' title='bbox 968 2635 1037 2670; x_wconf 76' lang='lat' dir='ltr'>Quo</span> <span class='ocrx_word' id='word_1_489' title='bbox 1051 2633 1128 2665; x_wconf 76' lang='lat' dir='ltr'>mihi</span> <span class='ocrx_word' id='word_1_490' title='bbox 1134 2633 1301 2672; x_wconf 77' lang='lat' dir='ltr'>fortunam</span> <span class='ocrx_word' id='word_1_491' title='bbox 1315 2633 1330 2674; x_wconf 88' lang='lat'><strong>[</strong></span> <span class='ocrx_word' id='word_1_492' title='bbox 1330 2631 1495 2673; x_wconf 78' lang='lat' dir='ltr'>fortunas]</span> <span class='ocrx_word' id='word_1_493' title='bbox 1511 2631 1569 2664; x_wconf 76' lang='lat' dir='ltr'>Ita</span> 
     </span>
     <span class='ocr_line' id='line_1_64' title="bbox 865 2682 1567 2725; baseline -0.004 -9"><span class='ocrx_word' id='word_1_494' title='bbox 865 2685 1024 2716; x_wconf 85' lang='lat' dir='ltr'>Muretus</span> <span class='ocrx_word' id='word_1_495' title='bbox 1053 2684 1179 2725; x_wconf 81' lang='lat' dir='ltr'>aliique</span> <span class='ocrx_word' id='word_1_496' title='bbox 1203 2683 1378 2724; x_wconf 86' lang='lat' dir='ltr'>deinceps.</span> <span class='ocrx_word' id='word_1_497' title='bbox 1424 2682 1567 2714; x_wconf 83' lang='lat' dir='ltr'>Habent</span> 
     </span>
     <span class='ocr_line' id='line_1_65' title="bbox 867 2733 1568 2775; baseline 0.001 -10"><span class='ocrx_word' id='word_1_498' title='bbox 867 2739 981 2766; x_wconf 80' lang='lat' dir='ltr'>tamen</span> <span class='ocrx_word' id='word_1_499' title='bbox 1019 2734 1155 2766; x_wconf 79' lang='lat' dir='ltr'>codices</span> <span class='ocrx_word' id='word_1_500' title='bbox 1190 2733 1357 2775; x_wconf 88' lang='lat' dir='ltr'>plerique,</span> <span class='ocrx_word' id='word_1_501' title='bbox 1393 2733 1461 2769; x_wconf 83' lang='lat' dir='ltr'>Quo</span> <span class='ocrx_word' id='word_1_502' title='bbox 1490 2733 1568 2767; x_wconf 67' lang='lat' dir='ltr'>milii</span> 
     </span>
     <span class='ocr_line' id='line_1_66' title="bbox 858 2782 1017 2822; baseline 0.006 -7"><span class='ocrx_word' id='word_1_503' title='bbox 858 2782 1017 2822; x_wconf 77' lang='lat' dir='ltr'>fortuna?</span> 
     </span>
    </p>
   </div>
  </div>
 </body>
</html>
