1904 3256
356 332 439 374 734
820 346 863 381 Q.
893 341 1098 373 nona'ru
1133 339 1299 371 FLAccr

526 435 685 475 Cruore
706 435 858 474 rubros
873 433 1085 474 obstetrix
1103 445 1270 485 pannos
1289 433 1407 481 lavit,

523 500 765 552 Utcumque
785 498 907 538 fortis
928 498 1082 539 exsilis
1100 511 1324 551 puerpera.

954 614 1179 644 cANlmA.

524 679 657 728 Quin
680 678 895 718 obseratis
915 680 1090 720 auribus
1108 679 1253 719 fundis
1274 692 1426 732 preces
1439 682 1458 720 ‘l

528 744 629 784 Non
644 755 756 783 saxa
773 743 902 784 nudis
923 743 1118 785 surdiora
1134 745 1295 785 navitis

524 809 755 861 Neptunus
770 809 860 850 alto
881 810 1018 850 tundit
1036 810 1253 863 hybernus
1274 811 1382 852 salo.

525 874 697 915 Inultus
713 879 762 915 ut
780 879 825 916 tu
842 875 983 916 riseris
1003 874 1196 928 Cotyttia

1715 812 1771 852 55

355 995 466 1040 apta-u
487 995 593 1064 efflent
591 992 742 1024 obstetrix
755 992 830 1024 lavit
842 1002 959 1032 pannos
973 997 1024 1024 tuo
1038 993 1186 1031 sanguine
1199 992 1318 1032 rubeos,
1333 992 1448 1033 quoties
1461 991 1604 1032 exsurgis
1621 999 1771 1032 puerpera

357 1034 480 1064 minime
522 1043 537 1063 e
558 1043 568 1063 π
582 1043 618 1063 ιε.

402 1074 553 1109 Quorsum
567 1078 636 1106 cota
653 1074 739 1112 sacis
752 1077 792 1106 ad
806 1085 895 1107 aures
909 1077 1047 1107 clausas?
1067 1085 1149 1106 more
1164 1075 1299 1116 hyemale
1313 1074 1595 1115 tumidisfluctibus
1609 1074 1691 1105 haud
1705 1082 1770 1103 ver-

357 1115 442 1146 berat
455 1117 590 1156 scopulos
600 1117 754 1148 surdiores
769 1127 842 1157 erga
856 1121 966 1148 nautas
979 1117 1134 1157 spolwtoe.
1156 1116 1307 1147 Scilicet
1295 1126 1414 1157 tmpune
1427 1119 1460 1147 tu
1473 1116 1617 1148 deriseris
1633 1114 1772 1155 Colyttae’a

950 1209 1181 1223 ΟΜΝΗ,

354 1282 466 1313 Sanad
470 1286 563 1314 .—53
589 1283 653 1314 Hic
677 1293 764 1315 nova
787 1283 876 1323 incip
880 1283 906 1315 it
922 1282 1024 1315 ode·
1015 1292 1049 1313 m
1064 1282 1189 1322 Delph.
1204 1287 1240 1314 et
1253 1283 1324 1314 aliis
1340 1282 1535 1323 quibusdam
1551 1281 1630 1312 edd.
1645 1285 1728 1312 vett
1732 1298 1773 1304 -—

355 1327 398 1354 56
422 1324 571 1364 Angelus
586 1325 772 1356 Politianus
789 1325 889 1357 Misc.
910 1325 970 1356 lib.
986 1333 1022 1355 x.
1044 1334 1085 1355 ex
1108 1324 1247 1372 Georgii
1263 1324 1399 1355 Antonii
1416 1324 1572 1363 Vesputii
1588 1322 1773 1354 Florentini

356 1365 471 1396 codice
487 1367 611 1405 primus
624 1366 763 1406 Cotyttia
777 1366 940 1406 reposuit,
954 1375 1029 1396 cum
1044 1370 1144 1396 antea
1159 1365 1192 1396 in
1205 1365 1355 1396 omnibus
1369 1365 1463 1396 libris
1476 1366 1622 1396 haereret
1634 1363 1774 1404 cocytia.

353 1407 459 1436 Vetus
475 1408 574 1438 etiam
591 1408 730 1447 Cruquii
750 1408 950 1438 Sclnoliastes
974 1407 1058 1437 hanc
1081 1407 1259 1437 lectionem
1276 1411 1401 1444 tuetur,
1426 1410 1460 1437 et
1473 1406 1649 1438 ,luvenalis
1666 1413 1705 1436 n.
1721 1407 1774 1435 92.

355 1447 516 1486 apponit.
555 1448 780 1487 ‘Cecropiam
816 1448 904 1478 soliti
942 1448 1061 1496 Baptae
1099 1448 1227 1478 lassare
1257 1446 1418 1487 Cotytto!
1477 1447 1593 1486 Cotys,
1622 1446 1776 1485 Cotytto,

354 1488 409 1518 vel
425 1487 549 1519 Bendis
562 1489 730 1519 Thracum
746 1493 820 1519 erat
834 1489 960 1528 Venus,
983 1489 1053 1518 sive
1078 1488 1184 1528 Luna,
1208 1488 1452 1528 turpitudinum
1469 1496 1606 1527 praeses.
1648 1486 1775 1527 Cocytia

356 1528 515 1560 Glarean.
542 1530 683 1571 Cotyttia
697 1530 820 1562 Venet.
835 1533 927 1562 1559.
970 1529 1110 1561 Chabot·
1132 1529 1246 1561 Lamb.
1269 1530 1373 1570 Cruq.
1397 1530 1550 1561 Tenent.
1572 1533 1608 1560 et
1630 1532 1773 1559 recentt.

996 1621 1138 1653 NOTAE

354 1684 364 1701 ‘
381 1683 597 1724 puerperam’
613 1693 689 1714 mox
705 1687 803 1715 vocat
815 1684 824 1701 ‘
837 1682 982 1722 fortem,’
1005 1683 1039 1714 id

356 1738 419 1772 est,
439 1732 576 1764 minime
602 1731 822 1764 debilitatam.
867 1732 973 1764 Quam
997 1731 1039 1762 ob

356 1789 426 1811 rem
456 1789 535 1811 vero
557 1779 660 1810 foetus
687 1790 707 1811 a
733 1789 768 1811 se
794 1780 900 1811 editos
923 1780 1040 1811 menti·

355 1835 473 1859 rentur
490 1829 662 1867 veneficae,
679 1830 747 1859 dixi
769 1829 801 1859 iu
816 1829 925 1869 Epod.
940 1838 974 1860 v.
991 1829 1038 1859 ni-

353 1877 472 1908 mirum
486 1877 611 1907 alienos
626 1877 772 1908 infantes
788 1882 961 1916 surreptus
973 1878 1039 1907 ale-

354 1925 448 1964 bant,
463 1925 582 1964 quibus
595 1926 637 1955 ad
653 1935 713 1955 sua
728 1925 892 1956 veneficia
907 1930 1038 1955 uteren-

355 1977 411 2004 tur
434 1972 616 2004 crudeliter
639 1972 779 2003 enectis.
822 1972 969 2002 Valeant
983 1972 1039 2012 qui

352 2023 471 2062 legunt
482 2021 689 2058 Pactumeius,
699 2025 735 2051 et
746 2021 1040 2051 comminiscuntur

355 2069 506 2102 Canidiae
522 2069 624 2100 filium
645 2069 732 2099 hunc
756 2069 855 2100 fuisse
875 2069 923 2099 ita
937 2069 1039 2099 nomi-

355 2123 484 2156 natum,
515 2118 567 2148 vel
593 2118 687 2158 quasi
713 2127 755 2148 ex
789 2122 888 2157 pacto
913 2117 1039 2148 datum.

355 2167 600 2205 Commentum,
613 2166 760 2206 iuquam,
775 2165 809 2196 id
821 2166 969 2197 habetor.

398 2218 462 2248 Tuo
483 2218 600 2247 Cruore
624 2215 745 2255 rubros]
769 2216 874 2248 Quasi
889 2225 967 2246 vere
983 2225 1039 2255 pa-

355 2266 482 2297 rienus.
506 2265 652 2296 Ironiam
668 2265 876 2296 salsissimam
898 2265 1038 2306 singulm

356 2323 455 2345 voces
470 2314 573 2345 olent.

398 2366 438 2394 53
462 2363 608 2393 Metrum
624 2362 786 2401 superiori
803 2362 921 2392 simile.

402 2412 485 2447 Quid
509 2410 672 2450 obseratis]
709 2410 882 2441 Canidiam
904 2419 1041 2450 respon-

358 2461 493 2492 dentem
510 2459 571 2491 sibi
587 2459 748 2491 Horatius
768 2458 861 2498 facit,
882 2468 969 2490 novo
992 2459 1043 2489 lu-

361 2510 481 2541 dibrio.

401 2561 442 2590 54
466 2559 539 2589 Non
556 2567 635 2589 saxa
655 2557 754 2594 nudis,
776 2556 844 2596 εγω]
867 2556 952 2587 Saxa
973 2566 1040 2588 non

360 2606 513 2637 surdiora
534 2611 612 2636 sunt
641 2604 839 2636 clamoribus
866 2603 1041 2644 naufrago·

358 2665 429 2685 rum
443 2665 481 2686 ac
496 2659 672 2686 nautarum
687 2654 788 2685 rebus
804 2653 954 2685 omnibus
967 2654 1040 2694 jam

359 2703 498 2743 perditis
521 2704 703 2744 egentium,
724 2702 856 2743 quando
881 2702 1041 2742 hyemali-

357 2751 419 2783 bus
443 2752 550 2782 ventis
576 2762 614 2783 ac
634 2751 889 2792 tempestatibus
905 2751 1039 2782 subver-

359 2799 440 2830 titur
455 2808 556 2839 mare,
570 2805 605 2830 et
626 2800 781 2840 scopulos
796 2798 952 2832 fluctibus
969 2803 1040 2830 tun·

1093 1684 1152 1715 dit.
1198 1683 1305 1723 Sicut,
1334 1683 1480 1724 inquam,
1501 1682 1652 1724 naufragi
1675 1686 1774 1723 opem

1093 1731 1217 1764 frustra
1233 1737 1313 1764 tunc
1330 1742 1350 1763 a
1364 1732 1501 1772 rupibus
1517 1732 1710 1772 implorant,
1725 1731 1775 1762 sic

1094 1786 1129 1812 tu
1145 1791 1163 1812 a
1179 1791 1231 1813 me
1247 1781 1358 1813 modo.

1133 1830 1251 1870 Nudis]
1282 1830 1432 1869 Scaliger
1455 1829 1583 1861 ‘nudos
1606 1830 1640 1860 in
1655 1829 1775 1869 hyeme

1092 1878 1227 1910 nautas’
1253 1879 1296 1909 ab
1319 1878 1462 1909 Horatio
1484 1878 1574 1918 poni,
1597 1876 1776 1916 reprehen-

1092 1926 1142 1956 dit
1155 1937 1164 1964 ;
1180 1927 1238 1957 sed
1253 1935 1438 1966 perperam.
1481 1927 1616 1966 Quippe
1629 1926 1776 1956 denuda-

1092 1978 1144 2004 tos
1168 1973 1262 2005 bonis
1291 1974 1443 2005 omnibus
1465 1974 1499 2004 in
1523 1972 1776 2014 naufragimet

1092 2022 1195 2053 vitam
1212 2022 1377 2054 duntaxat
1399 2023 1596 2054 incolumem
1619 2026 1776 2063 petentes

1093 2075 1185 2101 recte
1202 2070 1310 2101 Poeta
1325 2071 1470 2102 exhibet.

1133 2122 1172 2149 55
1208 2118 1298 2160 Salo]
1335 2118 1491 2158 Σαλεύειν,
1519 2119 1654 2159 agitare,
1683 2119 1775 2160 item,

1084 2167 1235 2208 flnitare;
1252 2166 1359 2205 σάλος,
1373 2169 1518 2209 agitatio,
1529 2178 1623 2207 mare,
1635 2170 1689 2208 ⁸5⁸⁰·

1134 2219 1175 2246 56
1193 2217 1239 2246 Tu
1252 2216 1361 2247 riseris
1373 2217 1513 2257 Cotyttia
1532 2217 1680 2256 Vulgata]
1697 2216 1774 2248 Ple·

1091 2274 1204 2305 raeque
1219 2266 1420 2296 membranae
1435 2265 1559 2296 habent
1579 2264 1719 2305 Cocytia,
1739 2265 1772 2295 id

1092 2318 1158 2352 est,
1180 2311 1366 2352 infernalis,
1390 2324 1408 2344 a
1432 2315 1560 2354 Cocyto
1582 2312 1773 2345 Inferorum

1090 2361 1202 2402 fluvio,
1215 2371 1281 2403 qua
1297 2371 1379 2393 voce
1395 2362 1556 2393 veneficia
1571 2361 1657 2392 belle
1673 2362 1772 2402 sigui-

1092 2410 1246 2442 ficantur.
1290 2410 1388 2443 Quod
1405 2420 1484 2441 vero
1499 2409 1645 2450 additur,
1657 2419 1775 2442 sacrum

1092 2459 1181 2490 liberi
1200 2459 1374 2500 Cupidinis,
1389 2459 1492 2490 movit
1508 2459 1673 2500 Angelum
1684 2460 1775 2491 Poli-

1092 2508 1231 2547 tianum,
1261 2513 1298 2539 ut
1327 2513 1522 2549 corruptum
1550 2509 1637 2539 huuc
1661 2508 1772 2541 locum

1093 2561 1239 2598 putaret,
1254 2556 1407 2597 adeoque
1423 2557 1686 2596 restituendum3
1709 2558 1774 2598 pri-

1091 2614 1229 2646 musque
1254 2605 1443 2645 legendum
1458 2606 1640 2645 censuerit,
1665 2607 1774 2647 Cotyt-

1091 2653 1149 2692 tia,
1160 2653 1192 2684 id
1204 2657 1267 2691 est,
1276 2652 1454 2693 flagitiosa,
1465 2663 1570 2692 sacra,
1584 2654 1774 2694 promiscua

1092 2702 1230 2733 libidine
1261 2703 1383 2742 turpia,
1404 2703 1529 2733 Bacchi
1552 2702 1665 2744 Orgiis
1686 2703 1774 2735 simi-

1092 2750 1149 2789 lia,
1162 2760 1234 2791 quae
1254 2761 1273 2782 a
1289 2751 1445 2782 veneficis
1459 2751 1682 2786 celebrantur.
1711 2753 1772 2784 Co-

1091 2803 1182 2838 tytto
1206 2800 1280 2831 Dea
1304 2798 1477 2840 spurcitiae
1499 2803 1536 2831 et
1556 2799 1771 2841 impudenti-
