<?xml version="1.0" encoding="UTF-8"?>
<!DOCTYPE html PUBLIC "-//W3C//DTD XHTML 1.0 Transitional//EN"
    "http://www.w3.org/TR/xhtml1/DTD/xhtml1-transitional.dtd">
<html xmlns="http://www.w3.org/1999/xhtml" xml:lang="en" lang="en">
 <head>
  <title>
</title>
<meta http-equiv="Content-Type" content="text/html;charset=utf-8" />
  <meta name='ocr-system' content='tesseract 3.04.00' />
  <meta name='ocr-capabilities' content='ocr_page ocr_carea ocr_par ocr_line ocrx_word'/>
</head>
<body>
  <div class='ocr_page' id='page_1' title='image "./operazeune02horauoft_0031.png"; bbox 0 0 1936 3236; ppageno 0'>
   <div class='ocr_carea' id='block_1_1' title="bbox 542 283 1118 325">
    <p class='ocr_par' dir='ltr' id='par_1_1' title="bbox 542 283 1118 325">
     <span class='ocr_line' id='line_1_1' title="bbox 542 283 1118 325; baseline -0.002 -1"><span class='ocrx_word' id='word_1_1' title='bbox 542 294 816 325; x_wconf 66' lang='lat' dir='ltr'><strong>mammon</strong></span> <span class='ocrx_word' id='word_1_2' title='bbox 854 293 948 324; x_wconf 74' lang='lat' dir='ltr'><strong>mn.</strong></span> <span class='ocrx_word' id='word_1_3' title='bbox 981 293 1048 323; x_wconf 90' lang='lat' dir='ltr'><strong>1v.</strong></span> <span class='ocrx_word' id='word_1_4' title='bbox 1077 283 1118 323; x_wconf 85' lang='grc'><strong>4.</strong></span> 
     </span>
    </p>
   </div>
   <div class='ocr_carea' id='block_1_2' title="bbox 340 385 1242 441">
    <p class='ocr_par' dir='ltr' id='par_1_2' title="bbox 340 385 1242 441">
     <span class='ocr_line' id='line_1_2' title="bbox 340 385 1242 441; baseline 0 -14"><span class='ocrx_word' id='word_1_5' title='bbox 340 387 530 428; x_wconf 83' lang='lat' dir='ltr'><strong>Sensere</strong></span> <span class='ocrx_word' id='word_1_6' title='bbox 552 387 660 440; x_wconf 84' lang='lat' dir='ltr'><strong>quid</strong></span> <span class='ocrx_word' id='word_1_7' title='bbox 684 400 806 428; x_wconf 91' lang='lat' dir='ltr'><strong>mens</strong></span> <span class='ocrx_word' id='word_1_8' title='bbox 826 387 924 437; x_wconf 81' lang='lat' dir='ltr'><strong>rite,</strong></span> <span class='ocrx_word' id='word_1_9' title='bbox 943 386 1047 441; x_wconf 91' lang='lat' dir='ltr'><strong>quid</strong></span> <span class='ocrx_word' id='word_1_10' title='bbox 1068 385 1242 428; x_wconf 87' lang='lat' dir='ltr'>indoles</span> 
     </span>
    </p>
   </div>
   <div class='ocr_carea' id='block_1_3' title="bbox 1485 281 1571 323">
    <p class='ocr_par' dir='ltr' id='par_1_3' title="bbox 1485 281 1571 323">
     <span class='ocr_line' id='line_1_3' title="bbox 1485 281 1571 323; baseline -0.023 0"><span class='ocrx_word' id='word_1_11' title='bbox 1485 281 1571 323; x_wconf 76' lang='lat'><strong>571</strong></span> 
     </span>
    </p>
   </div>
   <div class='ocr_carea' id='block_1_4' title="bbox 337 454 1172 706">
    <p class='ocr_par' dir='ltr' id='par_1_4' title="bbox 341 454 1123 508">
     <span class='ocr_line' id='line_1_4' title="bbox 341 454 1123 508; baseline 0 -13"><span class='ocrx_word' id='word_1_12' title='bbox 341 454 524 496; x_wconf 88' lang='lat' dir='ltr'><strong>Nutrita</strong></span> <span class='ocrx_word' id='word_1_13' title='bbox 544 454 704 495; x_wconf 84' lang='lat' dir='ltr'><strong>faustis</strong></span> <span class='ocrx_word' id='word_1_14' title='bbox 722 455 804 496; x_wconf 91' lang='lat' dir='ltr'><strong>sub</strong></span> <span class='ocrx_word' id='word_1_15' title='bbox 824 454 1123 508; x_wconf 82' lang='lat' dir='ltr'><strong>penetralibus</strong></span> 
     </span>
    </p>

    <p class='ocr_par' dir='ltr' id='par_1_5' title="bbox 396 521 1140 575">
     <span class='ocr_line' id='line_1_5' title="bbox 396 521 1140 575; baseline 0 -13"><span class='ocrx_word' id='word_1_16' title='bbox 396 521 577 571; x_wconf 84' lang='lat' dir='ltr'><strong>Posset,</strong></span> <span class='ocrx_word' id='word_1_17' title='bbox 598 521 706 574; x_wconf 84' lang='lat' dir='ltr'><strong>quid</strong></span> <span class='ocrx_word' id='word_1_18' title='bbox 733 521 917 575; x_wconf 83' lang='lat' dir='ltr'><strong>Augusti</strong></span> <span class='ocrx_word' id='word_1_19' title='bbox 937 525 1140 575; x_wconf 81' lang='lat' dir='ltr'><strong>paternus</strong></span> 
     </span>
    </p>

    <p class='ocr_par' dir='ltr' id='par_1_6' title="bbox 337 587 1172 706">
     <span class='ocr_line' id='line_1_6' title="bbox 450 587 1124 642; baseline 0 -14"><span class='ocrx_word' id='word_1_20' title='bbox 450 587 503 628; x_wconf 91' lang='lat' dir='ltr'><strong>In</strong></span> <span class='ocrx_word' id='word_1_21' title='bbox 522 601 685 642; x_wconf 89' lang='lat' dir='ltr'><strong>pueros</strong></span> <span class='ocrx_word' id='word_1_22' title='bbox 707 589 882 630; x_wconf 86' lang='lat' dir='ltr'><strong>animus</strong></span> <span class='ocrx_word' id='word_1_23' title='bbox 905 588 1124 630; x_wconf 81' lang='lat' dir='ltr'>Nerones.</span> 
     </span>
     <span class='ocr_line' id='line_1_7' title="bbox 337 654 1172 706; baseline 0.001 -10"><span class='ocrx_word' id='word_1_24' title='bbox 337 654 496 696; x_wconf 79' lang='lat' dir='ltr'><strong>Fortes</strong></span> <span class='ocrx_word' id='word_1_25' title='bbox 516 659 716 696; x_wconf 81' lang='lat' dir='ltr'><strong>creantur</strong></span> <span class='ocrx_word' id='word_1_26' title='bbox 735 656 935 706; x_wconf 85' lang='lat' dir='ltr'><strong>sortibus,</strong></span> <span class='ocrx_word' id='word_1_27' title='bbox 956 659 1000 696; x_wconf 88' lang='lat' dir='ltr'><strong>et</strong></span> <span class='ocrx_word' id='word_1_28' title='bbox 1020 655 1172 697; x_wconf 85' lang='lat' dir='ltr'><strong>bonis:</strong></span> 
     </span>
    </p>
   </div>
   <div class='ocr_carea' id='block_1_5' title="bbox 105 766 1570 854">
    <p class='ocr_par' dir='ltr' id='par_1_7' title="bbox 105 766 1570 854">
     <span class='ocr_line' id='line_1_8' title="bbox 106 766 1569 810; baseline -0.004 -10"><span class='ocrx_word' id='word_1_29' title='bbox 106 771 242 808; x_wconf 65' lang='lat' dir='ltr'><strong>experta</strong></span> <span class='ocrx_word' id='word_1_30' title='bbox 252 772 326 800; x_wconf 74' lang='lat' dir='ltr'><strong>sunt</strong></span> <span class='ocrx_word' id='word_1_31' title='bbox 340 770 415 810; x_wconf 75' lang='lat' dir='ltr'><strong>quid</strong></span> <span class='ocrx_word' id='word_1_32' title='bbox 431 770 606 810; x_wconf 80' lang='lat' dir='ltr'><strong><em>ingenium,</em></strong></span> <span class='ocrx_word' id='word_1_33' title='bbox 621 771 697 810; x_wconf 74' lang='lat' dir='ltr'><strong>quid</strong></span> <span class='ocrx_word' id='word_1_34' title='bbox 711 770 832 800; x_wconf 77' lang='lat' dir='ltr'><strong>animus</strong></span> <span class='ocrx_word' id='word_1_35' title='bbox 843 767 974 806; x_wconf 79' lang='lat' dir='ltr'><strong><em>infelici</em></strong></span> <span class='ocrx_word' id='word_1_36' title='bbox 987 768 1075 798; x_wconf 77' lang='lat' dir='ltr'><strong>domo</strong></span> <span class='ocrx_word' id='word_1_37' title='bbox 1087 767 1266 806; x_wconf 76' lang='lat' dir='ltr'><strong>institutus,</strong></span> <span class='ocrx_word' id='word_1_38' title='bbox 1283 767 1416 806; x_wconf 79' lang='lat' dir='ltr'><strong>quidque</strong></span> <span class='ocrx_word' id='word_1_39' title='bbox 1431 766 1569 796; x_wconf 55' lang='lat' dir='ltr'><strong>Caesaris</strong></span> 
     </span>
     <span class='ocr_line' id='line_1_9' title="bbox 105 809 1570 854; baseline -0.003 -11"><span class='ocrx_word' id='word_1_40' title='bbox 105 819 182 850; x_wconf 62' lang='lat' dir='ltr'><strong>ertu</strong></span> <span class='ocrx_word' id='word_1_41' title='bbox 197 811 475 852; x_wconf 73' lang='lat' dir='ltr'><strong>Nemnesjuvenes</strong></span> <span class='ocrx_word' id='word_1_42' title='bbox 483 817 615 854; x_wconf 75' lang='lat' dir='ltr'><strong>paterna</strong></span> <span class='ocrx_word' id='word_1_43' title='bbox 631 822 716 845; x_wconf 74' lang='lat' dir='ltr'><strong>mens</strong></span> <span class='ocrx_word' id='word_1_44' title='bbox 726 813 840 844; x_wconf 77' lang='lat' dir='ltr'><strong>valeat.</strong></span> <span class='ocrx_word' id='word_1_45' title='bbox 885 809 1014 842; x_wconf 72' lang='lat' dir='ltr'><strong>Ser-enm*</strong></span> <span class='ocrx_word' id='word_1_46' title='bbox 1027 810 1206 850; x_wconf 69' lang='lat' dir='ltr'><strong>gignuntur</strong></span> <span class='ocrx_word' id='word_1_47' title='bbox 1217 810 1354 841; x_wconf 76' lang='lat' dir='ltr'><strong>strenuis</strong></span> <span class='ocrx_word' id='word_1_48' title='bbox 1369 812 1462 849; x_wconf 77' lang='lat' dir='ltr'><strong>alque</strong></span> <span class='ocrx_word' id='word_1_49' title='bbox 1475 818 1570 847; x_wconf 79' lang='lat' dir='ltr'><strong>gene-</strong></span> 
     </span>
    </p>
   </div>
   <div class='ocr_carea' id='block_1_6' title="bbox 718 903 956 918">
    <p class='ocr_par' dir='ltr' id='par_1_8' title="bbox 718 903 956 918">
     <span class='ocr_line' id='line_1_10' title="bbox 718 903 956 918; baseline -0.008 0"><span class='ocrx_word' id='word_1_50' title='bbox 718 903 956 918; x_wconf 53' lang='lat' dir='ltr'><strong>‘NOOOOO‘O‘O</strong></span> 
     </span>
    </p>
   </div>
   <div class='ocr_carea' id='block_1_7' title="bbox 101 967 1573 1858">
    <p class='ocr_par' dir='ltr' id='par_1_9' title="bbox 101 967 1573 1858">
     <span class='ocr_line' id='line_1_11' title="bbox 104 967 1569 1011; baseline -0.001 -11"><span class='ocrx_word' id='word_1_51' title='bbox 104 967 196 1011; x_wconf 86' lang='lat' dir='ltr'><strong>quod</strong></span> <span class='ocrx_word' id='word_1_52' title='bbox 210 969 273 1001; x_wconf 75' lang='lat' dir='ltr'><strong>tate</strong></span> <span class='ocrx_word' id='word_1_53' title='bbox 289 970 450 1002; x_wconf 84' lang='lat' dir='ltr'><strong>victrices</strong></span> <span class='ocrx_word' id='word_1_54' title='bbox 461 970 622 1003; x_wconf 65' lang='lat' dir='ltr'><strong>dixerat!</strong></span> <span class='ocrx_word' id='word_1_55' title='bbox 667 970 724 1002; x_wconf 89' lang='lat' dir='ltr'><strong>Ita</strong></span> <span class='ocrx_word' id='word_1_56' title='bbox 749 975 785 1003; x_wconf 89' lang='lat' dir='ltr'><strong>et</strong></span> <span class='ocrx_word' id='word_1_57' title='bbox 811 970 964 1002; x_wconf 84' lang='lat' dir='ltr'><strong>nonnulli</strong></span> <span class='ocrx_word' id='word_1_58' title='bbox 992 969 1110 1002; x_wconf 87' lang='lat' dir='ltr'><strong>Lamb.</strong></span> <span class='ocrx_word' id='word_1_59' title='bbox 1135 969 1287 1001; x_wconf 86' lang='lat' dir='ltr'><strong>Bentleii</strong></span> <span class='ocrx_word' id='word_1_60' title='bbox 1311 968 1429 1000; x_wconf 83' lang='lat' dir='ltr'><strong>Graev.</strong></span> <span class='ocrx_word' id='word_1_61' title='bbox 1446 977 1465 998; x_wconf 87' lang='lat' dir='ltr'><strong>a</strong></span> <span class='ocrx_word' id='word_1_62' title='bbox 1482 977 1525 998; x_wconf 90' lang='lat' dir='ltr'><strong>m.</strong></span> <span class='ocrx_word' id='word_1_63' title='bbox 1542 979 1569 999; x_wconf 89' lang='lat' dir='ltr'><strong>s.</strong></span> 
     </span>
     <span class='ocr_line' id='line_1_12' title="bbox 105 1010 1570 1054; baseline -0.001 -12"><span class='ocrx_word' id='word_1_64' title='bbox 105 1012 208 1043; x_wconf 76' lang='lat' dir='ltr'><strong>etsie</strong></span> <span class='ocrx_word' id='word_1_65' title='bbox 231 1013 349 1046; x_wconf 89' lang='lat' dir='ltr'><strong>Bentl.</strong></span> <span class='ocrx_word' id='word_1_66' title='bbox 367 1015 449 1045; x_wconf 80' lang='lat' dir='ltr'><strong>San.</strong></span> <span class='ocrx_word' id='word_1_67' title='bbox 473 1014 555 1047; x_wconf 85' lang='lat' dir='ltr'><strong>Jon.</strong></span> <span class='ocrx_word' id='word_1_68' title='bbox 604 1014 726 1045; x_wconf 75' lang='lat' dir='ltr'><strong>Latine</strong></span> <span class='ocrx_word' id='word_1_69' title='bbox 743 1013 812 1044; x_wconf 91' lang='lat' dir='ltr'><strong>dici</strong></span> <span class='ocrx_word' id='word_1_70' title='bbox 835 1023 935 1054; x_wconf 86' lang='lat' dir='ltr'><strong>posse</strong></span> <span class='ocrx_word' id='word_1_71' title='bbox 958 1014 966 1030; x_wconf 94' lang='lat'>‘</span> <span class='ocrx_word' id='word_1_72' title='bbox 983 1019 1142 1044; x_wconf 82' lang='lat' dir='ltr'><strong>catervas</strong></span> <span class='ocrx_word' id='word_1_73' title='bbox 1167 1010 1363 1052; x_wconf 76' lang='lat' dir='ltr'><strong>repressas&#39;</strong></span> <span class='ocrx_word' id='word_1_74' title='bbox 1386 1020 1452 1042; x_wconf 88' lang='lat' dir='ltr'><strong>non</strong></span> <span class='ocrx_word' id='word_1_75' title='bbox 1482 1017 1570 1049; x_wconf 81' lang='lat' dir='ltr'><strong>erat,</strong></span> 
     </span>
     <span class='ocr_line' id='line_1_13' title="bbox 105 1053 1571 1097; baseline -0.001 -12"><span class='ocrx_word' id='word_1_76' title='bbox 105 1053 196 1094; x_wconf 82' lang='lat' dir='ltr'><strong>quod</strong></span> <span class='ocrx_word' id='word_1_77' title='bbox 212 1054 330 1086; x_wconf 89' lang='lat' dir='ltr'><strong>Bentl.</strong></span> <span class='ocrx_word' id='word_1_78' title='bbox 353 1057 469 1087; x_wconf 81' lang='lat' dir='ltr'><strong>multis</strong></span> <span class='ocrx_word' id='word_1_79' title='bbox 492 1057 658 1097; x_wconf 87' lang='lat' dir='ltr'><strong>exemplis</strong></span> <span class='ocrx_word' id='word_1_80' title='bbox 682 1055 913 1087; x_wconf 79' lang='lat' dir='ltr'><strong>confirmaret.</strong></span> <span class='ocrx_word' id='word_1_81' title='bbox 957 1055 1024 1086; x_wconf 88' lang='lat' dir='ltr'><strong>Sed</strong></span> <span class='ocrx_word' id='word_1_82' title='bbox 1050 1055 1192 1086; x_wconf 79' lang='lat' dir='ltr'><strong>alteram</strong></span> <span class='ocrx_word' id='word_1_83' title='bbox 1210 1055 1407 1092; x_wconf 82' lang='lat' dir='ltr'><strong>lectionem,</strong></span> <span class='ocrx_word' id='word_1_84' title='bbox 1431 1053 1571 1092; x_wconf 65' lang='lat' dir='ltr'><strong>recidet,</strong></span> 
     </span>
     <span class='ocr_line' id='line_1_14' title="bbox 103 1095 1566 1140; baseline -0.001 -12"><span class='ocrx_word' id='word_1_85' title='bbox 103 1105 204 1136; x_wconf 73' lang='lat' dir='ltr'><strong>quam</strong></span> <span class='ocrx_word' id='word_1_86' title='bbox 220 1101 362 1129; x_wconf 83' lang='lat' dir='ltr'><strong>tuentur</strong></span> <span class='ocrx_word' id='word_1_87' title='bbox 385 1098 517 1130; x_wconf 86' lang='lat' dir='ltr'><strong>Comm.</strong></span> <span class='ocrx_word' id='word_1_88' title='bbox 534 1098 689 1140; x_wconf 88' lang='lat' dir='ltr'><strong>Cruquii‚</strong></span> <span class='ocrx_word' id='word_1_89' title='bbox 712 1099 780 1130; x_wconf 90' lang='lat' dir='ltr'><strong>duo</strong></span> <span class='ocrx_word' id='word_1_90' title='bbox 798 1100 893 1130; x_wconf 82' lang='lat' dir='ltr'><strong>vatt.</strong></span> <span class='ocrx_word' id='word_1_91' title='bbox 910 1098 1034 1129; x_wconf 61' lang='lat' dir='ltr'><strong>Faern.</strong></span> <span class='ocrx_word' id='word_1_92' title='bbox 1061 1097 1166 1130; x_wconf 80' lang='lat' dir='ltr'><strong>Junn.</strong></span> <span class='ocrx_word' id='word_1_93' title='bbox 1197 1098 1278 1129; x_wconf 80' lang='lat' dir='ltr'><strong>Urs.</strong></span> <span class='ocrx_word' id='word_1_94' title='bbox 1303 1097 1408 1128; x_wconf 85' lang='lat' dir='ltr'><strong>Torn.</strong></span> <span class='ocrx_word' id='word_1_95' title='bbox 1441 1095 1566 1136; x_wconf 84' lang='lat' dir='ltr'><strong>aliique</strong></span> 
     </span>
     <span class='ocr_line' id='line_1_15' title="bbox 104 1137 1568 1183; baseline -0.001 -13"><span class='ocrx_word' id='word_1_96' title='bbox 104 1138 225 1171; x_wconf 78' lang='lat' dir='ltr'><strong>Lamb.</strong></span> <span class='ocrx_word' id='word_1_97' title='bbox 241 1149 357 1172; x_wconf 88' lang='lat' dir='ltr'><strong>omnes</strong></span> <span class='ocrx_word' id='word_1_98' title='bbox 371 1142 468 1173; x_wconf 85' lang='lat' dir='ltr'><strong>Torr.</strong></span> <span class='ocrx_word' id='word_1_99' title='bbox 490 1141 637 1183; x_wconf 83' lang='lat' dir='ltr'><strong>(praeter</strong></span> <span class='ocrx_word' id='word_1_100' title='bbox 660 1141 747 1182; x_wconf 90' lang='lat' dir='ltr'><strong>duo)</strong></span> <span class='ocrx_word' id='word_1_101' title='bbox 772 1142 876 1182; x_wconf 87' lang='lat' dir='ltr'><strong>Cruq.</strong></span> <span class='ocrx_word' id='word_1_102' title='bbox 902 1141 1016 1172; x_wconf 84' lang='lat' dir='ltr'><strong>Pulm.</strong></span> <span class='ocrx_word' id='word_1_103' title='bbox 1042 1147 1077 1171; x_wconf 88' lang='lat' dir='ltr'><strong>et</strong></span> <span class='ocrx_word' id='word_1_104' title='bbox 1109 1140 1228 1180; x_wconf 80' lang='lat' dir='ltr'><strong>nostri,</strong></span> <span class='ocrx_word' id='word_1_105' title='bbox 1256 1148 1440 1180; x_wconf 77' lang='lat' dir='ltr'><strong>omnesque</strong></span> <span class='ocrx_word' id='word_1_106' title='bbox 1467 1137 1568 1169; x_wconf 85' lang='lat' dir='ltr'><strong>editt.</strong></span> 
     </span>
     <span class='ocr_line' id='line_1_16' title="bbox 103 1182 1569 1224; baseline -0.001 -12"><span class='ocrx_word' id='word_1_107' title='bbox 103 1185 190 1213; x_wconf 84' lang='lat' dir='ltr'><strong>vett.</strong></span> <span class='ocrx_word' id='word_1_108' title='bbox 207 1191 282 1214; x_wconf 83' lang='lat' dir='ltr'><strong>eam</strong></span> <span class='ocrx_word' id='word_1_109' title='bbox 299 1183 402 1224; x_wconf 85' lang='lat' dir='ltr'><strong>igitur</strong></span> <span class='ocrx_word' id='word_1_110' title='bbox 418 1185 601 1215; x_wconf 87' lang='lat' dir='ltr'><strong>lectionem</strong></span> <span class='ocrx_word' id='word_1_111' title='bbox 628 1194 692 1215; x_wconf 90' lang='lat' dir='ltr'><strong>non</strong></span> <span class='ocrx_word' id='word_1_112' title='bbox 710 1185 817 1215; x_wconf 89' lang='lat' dir='ltr'><strong>solnm</strong></span> <span class='ocrx_word' id='word_1_113' title='bbox 835 1184 972 1222; x_wconf 85' lang='lat' dir='ltr'><strong>bonam,</strong></span> <span class='ocrx_word' id='word_1_114' title='bbox 996 1183 1053 1214; x_wconf 81' lang='lat' dir='ltr'><strong>sed</strong></span> <span class='ocrx_word' id='word_1_115' title='bbox 1073 1184 1175 1214; x_wconf 80' lang='lat' dir='ltr'><strong>etiam</strong></span> <span class='ocrx_word' id='word_1_116' title='bbox 1193 1193 1268 1214; x_wconf 87' lang='lat' dir='ltr'><strong>cum</strong></span> <span class='ocrx_word' id='word_1_117' title='bbox 1286 1182 1474 1213; x_wconf 77' lang='lat' dir='ltr'><strong>doctiorem</strong></span> <span class='ocrx_word' id='word_1_118' title='bbox 1500 1190 1569 1211; x_wconf 84' lang='lat' dir='ltr'><strong>ma-</strong></span> 
     </span>
     <span class='ocr_line' id='line_1_17' title="bbox 104 1223 1569 1267; baseline -0.002 -11"><span class='ocrx_word' id='word_1_119' title='bbox 104 1223 225 1265; x_wconf 72' lang='lat' dir='ltr'><strong>gisque</strong></span> <span class='ocrx_word' id='word_1_120' title='bbox 238 1225 382 1265; x_wconf 79' lang='lat' dir='ltr'><strong>lyricam</strong></span> <span class='ocrx_word' id='word_1_121' title='bbox 398 1227 512 1266; x_wconf 81' lang='lat' dir='ltr'><strong>priore</strong></span> <span class='ocrx_word' id='word_1_122' title='bbox 529 1227 599 1267; x_wconf 85' lang='lat' dir='ltr'><strong>ina,</strong></span> <span class='ocrx_word' id='word_1_123' title='bbox 616 1231 688 1257; x_wconf 85' lang='lat' dir='ltr'><strong>tum</strong></span> <span class='ocrx_word' id='word_1_124' title='bbox 706 1225 881 1257; x_wconf 80' lang='lat' dir='ltr'><strong>fortiorem</strong></span> <span class='ocrx_word' id='word_1_125' title='bbox 902 1235 989 1260; x_wconf 75' lang='lat' dir='ltr'><strong>esse,</strong></span> <span class='ocrx_word' id='word_1_126' title='bbox 1005 1226 1063 1266; x_wconf 87' lang='lat' dir='ltr'><strong>qui</strong></span> <span class='ocrx_word' id='word_1_127' title='bbox 1080 1235 1148 1256; x_wconf 89' lang='lat' dir='ltr'><strong>non</strong></span> <span class='ocrx_word' id='word_1_128' title='bbox 1165 1225 1304 1262; x_wconf 74' lang='lat' dir='ltr'><strong>sentiat,</strong></span> <span class='ocrx_word' id='word_1_129' title='bbox 1320 1234 1397 1255; x_wconf 90' lang='lat' dir='ltr'><strong>enm</strong></span> <span class='ocrx_word' id='word_1_130' title='bbox 1423 1223 1467 1254; x_wconf 90' lang='lat' dir='ltr'><strong>nil</strong></span> <span class='ocrx_word' id='word_1_131' title='bbox 1494 1233 1569 1253; x_wconf 84' lang='lat' dir='ltr'><strong>sen-</strong></span> 
     </span>
     <span class='ocr_line' id='line_1_18' title="bbox 105 1265 1568 1308; baseline -0.001 -12"><span class='ocrx_word' id='word_1_132' title='bbox 105 1265 172 1297; x_wconf 84' lang='lat' dir='ltr'><strong>tire</strong></span> <span class='ocrx_word' id='word_1_133' title='bbox 188 1271 317 1307; x_wconf 86' lang='lat' dir='ltr'><strong>putem.</strong></span> <span class='ocrx_word' id='word_1_134' title='bbox 357 1269 515 1308; x_wconf 83' lang='lat' dir='ltr'><strong>Denique</strong></span> <span class='ocrx_word' id='word_1_135' title='bbox 531 1269 606 1308; x_wconf 85' lang='lat' dir='ltr'><strong>quis</strong></span> <span class='ocrx_word' id='word_1_136' title='bbox 623 1268 781 1298; x_wconf 85' lang='lat' dir='ltr'><strong>Bentleio</strong></span> <span class='ocrx_word' id='word_1_137' title='bbox 797 1269 899 1306; x_wconf 83' lang='lat' dir='ltr'><strong>dixit,</strong></span> <span class='ocrx_word' id='word_1_138' title='bbox 914 1267 1054 1298; x_wconf 83' lang='lat' dir='ltr'><strong>Rbaetos</strong></span> <span class='ocrx_word' id='word_1_139' title='bbox 1066 1273 1103 1298; x_wconf 86' lang='lat' dir='ltr'><strong>et</strong></span> <span class='ocrx_word' id='word_1_140' title='bbox 1118 1267 1318 1298; x_wconf 81' lang='lat' dir='ltr'><strong>Vindelicos</strong></span> <span class='ocrx_word' id='word_1_141' title='bbox 1331 1266 1568 1297; x_wconf 81' lang='lat' dir='ltr'><strong>tantummodo</strong></span> 
     </span>
     <span class='ocr_line' id='line_1_19' title="bbox 103 1307 1570 1350; baseline 0 -12"><span class='ocrx_word' id='word_1_142' title='bbox 103 1307 195 1339; x_wconf 76' lang='lat' dir='ltr'><strong>intra</strong></span> <span class='ocrx_word' id='word_1_143' title='bbox 208 1317 286 1340; x_wconf 81' lang='lat' dir='ltr'><strong>suos</strong></span> <span class='ocrx_word' id='word_1_144' title='bbox 301 1308 384 1340; x_wconf 77' lang='lat' dir='ltr'><strong>fines</strong></span> <span class='ocrx_word' id='word_1_145' title='bbox 400 1310 594 1350; x_wconf 80' lang='lat' dir='ltr'><strong>compulsos</strong></span> <span class='ocrx_word' id='word_1_146' title='bbox 609 1319 684 1340; x_wconf 85' lang='lat' dir='ltr'><strong>esse</strong></span> <span class='ocrx_word' id='word_1_147' title='bbox 698 1309 710 1340; x_wconf 85' lang='lat'>?</span> <span class='ocrx_word' id='word_1_148' title='bbox 748 1310 896 1340; x_wconf 80' lang='lat' dir='ltr'><strong>revinctae</strong></span> <span class='ocrx_word' id='word_1_149' title='bbox 913 1309 1062 1339; x_wconf 88' lang='lat' dir='ltr'><strong>nonnulli</strong></span> <span class='ocrx_word' id='word_1_150' title='bbox 1082 1309 1198 1340; x_wconf 84' lang='lat' dir='ltr'><strong>Lamb.</strong></span> <span class='ocrx_word' id='word_1_151' title='bbox 1215 1309 1282 1339; x_wconf 89' lang='lat' dir='ltr'><strong>duo</strong></span> <span class='ocrx_word' id='word_1_152' title='bbox 1297 1309 1454 1339; x_wconf 76' lang='lat' dir='ltr'><strong>Tou-ent.</strong></span> <span class='ocrx_word' id='word_1_153' title='bbox 1471 1308 1570 1348; x_wconf 76' lang='lat' dir='ltr'><strong>lapsu</strong></span> 
     </span>
     <span class='ocr_line' id='line_1_20' title="bbox 104 1349 1573 1390; baseline 0 -10"><span class='ocrx_word' id='word_1_154' title='bbox 104 1349 247 1381; x_wconf 71' lang='lat' dir='ltr'><strong>librarii.</strong></span> <span class='ocrx_word' id='word_1_155' title='bbox 269 1352 405 1381; x_wconf 74' lang='lat' dir='ltr'><strong>reducta.-</strong></span> <span class='ocrx_word' id='word_1_156' title='bbox 422 1351 514 1390; x_wconf 85' lang='lat' dir='ltr'><strong>Lips.</strong></span> <span class='ocrx_word' id='word_1_157' title='bbox 530 1354 563 1382; x_wconf 84' lang='lat'><strong>2.</strong></span> <span class='ocrx_word' id='word_1_158' title='bbox 588 1361 607 1382; x_wconf 86' lang='lat' dir='ltr'><strong>a</strong></span> <span class='ocrx_word' id='word_1_159' title='bbox 623 1360 667 1380; x_wconf 89' lang='lat' dir='ltr'><strong>m.</strong></span> <span class='ocrx_word' id='word_1_160' title='bbox 682 1360 708 1380; x_wconf 77' lang='lat' dir='ltr'><strong>s.</strong></span> <span class='ocrx_word' id='word_1_161' title='bbox 734 1351 869 1389; x_wconf 65' lang='lat' dir='ltr'><strong>rqiectoe,</strong></span> <span class='ocrx_word' id='word_1_162' title='bbox 882 1352 965 1381; x_wconf 85' lang='lat' dir='ltr'><strong>item</strong></span> <span class='ocrx_word' id='word_1_163' title='bbox 981 1351 1122 1390; x_wconf 66' lang='lat' dir='ltr'><strong>repulsa»,</strong></span> <span class='ocrx_word' id='word_1_164' title='bbox 1138 1351 1219 1381; x_wconf 77' lang='lat' dir='ltr'><strong>var.</strong></span> <span class='ocrx_word' id='word_1_165' title='bbox 1236 1352 1352 1381; x_wconf 88' lang='lat' dir='ltr'><strong>Lectt.</strong></span> <span class='ocrx_word' id='word_1_166' title='bbox 1368 1360 1424 1389; x_wconf 84' lang='lat' dir='ltr'><strong>ap.</strong></span> <span class='ocrx_word' id='word_1_167' title='bbox 1440 1349 1573 1382; x_wconf 81' lang='lat' dir='ltr'><strong>Jones.&#39;</strong></span> 
     </span>
     <span class='ocr_line' id='line_1_21' title="bbox 102 1390 1568 1423; baseline 0 -1"><span class='ocrx_word' id='word_1_168' title='bbox 102 1390 191 1422; x_wconf 73' lang='lat' dir='ltr'><strong>Jani.</strong></span> <span class='ocrx_word' id='word_1_169' title='bbox 228 1393 357 1423; x_wconf 72' lang='lat' dir='ltr'><strong>revicta</strong></span> <span class='ocrx_word' id='word_1_170' title='bbox 373 1392 500 1423; x_wconf 84' lang='lat' dir='ltr'><strong>babent</strong></span> <span class='ocrx_word' id='word_1_171' title='bbox 519 1392 618 1423; x_wconf 82' lang='lat' dir='ltr'><strong>Harl.</strong></span> <span class='ocrx_word' id='word_1_172' title='bbox 636 1395 666 1423; x_wconf 94' lang='lat'><strong>1.</strong></span> <span class='ocrx_word' id='word_1_173' title='bbox 683 1394 715 1422; x_wconf 81' lang='lat'><strong>2.</strong></span> <span class='ocrx_word' id='word_1_174' title='bbox 730 1394 761 1422; x_wconf 85' lang='lat'><strong>3.</strong></span> <span class='ocrx_word' id='word_1_175' title='bbox 778 1395 809 1423; x_wconf 80' lang='lat'><strong>4.</strong></span> <span class='ocrx_word' id='word_1_176' title='bbox 827 1396 858 1422; x_wconf 85' lang='lat'><strong>5.</strong></span> <span class='ocrx_word' id='word_1_177' title='bbox 873 1395 904 1423; x_wconf 85' lang='grc'><strong>6.</strong></span> <span class='ocrx_word' id='word_1_178' title='bbox 931 1392 975 1422; x_wconf 84' lang='lat' dir='ltr'><strong>al.</strong></span> <span class='ocrx_word' id='word_1_179' title='bbox 991 1397 1026 1422; x_wconf 87' lang='lat' dir='ltr'><strong>et</strong></span> <span class='ocrx_word' id='word_1_180' title='bbox 1041 1391 1120 1422; x_wconf 84' lang='lat' dir='ltr'><strong>edd.</strong></span> <span class='ocrx_word' id='word_1_181' title='bbox 1139 1395 1377 1422; x_wconf 66' lang='lat' dir='ltr'><strong>meeum—25</strong></span> <span class='ocrx_word' id='word_1_182' title='bbox 1401 1392 1568 1422; x_wconf 80' lang='lat' dir='ltr'><strong>Francius</strong></span> 
     </span>
     <span class='ocr_line' id='line_1_22' title="bbox 101 1432 1569 1474; baseline -0.001 -9"><span class='ocrx_word' id='word_1_183' title='bbox 101 1441 156 1474; x_wconf 76' lang='lat' dir='ltr'><strong>ap.</strong></span> <span class='ocrx_word' id='word_1_184' title='bbox 172 1432 321 1474; x_wconf 81' lang='lat' dir='ltr'><strong>Cuniug.</strong></span> <span class='ocrx_word' id='word_1_185' title='bbox 335 1434 427 1474; x_wconf 85' lang='lat' dir='ltr'><strong>conj.</strong></span> <span class='ocrx_word' id='word_1_186' title='bbox 443 1443 528 1465; x_wconf 79' lang='lat' dir='ltr'><strong>mens</strong></span> <span class='ocrx_word' id='word_1_187' title='bbox 542 1437 650 1470; x_wconf 80' lang='lat' dir='ltr'><strong>recta;</strong></span> <span class='ocrx_word' id='word_1_188' title='bbox 673 1439 709 1463; x_wconf 86' lang='lat' dir='ltr'><strong>et</strong></span> <span class='ocrx_word' id='word_1_189' title='bbox 725 1433 774 1464; x_wconf 86' lang='lat' dir='ltr'><strong>sic</strong></span> <span class='ocrx_word' id='word_1_190' title='bbox 791 1433 864 1464; x_wconf 82' lang='lat' dir='ltr'><strong>Ait.</strong></span> <span class='ocrx_word' id='word_1_191' title='bbox 881 1436 912 1464; x_wconf 78' lang='lat'><strong>2.</strong></span> <span class='ocrx_word' id='word_1_192' title='bbox 940 1443 995 1473; x_wconf 82' lang='lat' dir='ltr'><strong>ap.</strong></span> <span class='ocrx_word' id='word_1_193' title='bbox 1022 1433 1201 1465; x_wconf 58' lang='lat' dir='ltr'>hah-26</span> <span class='ocrx_word' id='word_1_194' title='bbox 1226 1434 1343 1464; x_wconf 85' lang='lat' dir='ltr'><strong>Bentl.</strong></span> <span class='ocrx_word' id='word_1_195' title='bbox 1370 1442 1431 1472; x_wconf 84' lang='lat' dir='ltr'><strong>pro</strong></span> <span class='ocrx_word' id='word_1_196' title='bbox 1445 1433 1569 1471; x_wconf 67' lang='lat' dir='ltr'><strong>faustis</strong></span> 
     </span>
     <span class='ocr_line' id='line_1_23' title="bbox 102 1474 1566 1517; baseline -0.001 -10"><span class='ocrx_word' id='word_1_197' title='bbox 102 1474 235 1508; x_wconf 77' lang='lat' dir='ltr'><strong>emend.</strong></span> <span class='ocrx_word' id='word_1_198' title='bbox 250 1476 382 1517; x_wconf 68' lang='lat' dir='ltr'><strong>sanctis,</strong></span> <span class='ocrx_word' id='word_1_199' title='bbox 397 1482 432 1508; x_wconf 91' lang='lat' dir='ltr'><strong>et</strong></span> <span class='ocrx_word' id='word_1_200' title='bbox 449 1477 498 1508; x_wconf 88' lang='lat' dir='ltr'><strong>sic</strong></span> <span class='ocrx_word' id='word_1_201' title='bbox 514 1476 624 1507; x_wconf 82' lang='lat' dir='ltr'><strong>edidit</strong></span> <span class='ocrx_word' id='word_1_202' title='bbox 642 1475 748 1507; x_wconf 87' lang='lat' dir='ltr'><strong>Kidd.</strong></span> <span class='ocrx_word' id='word_1_203' title='bbox 795 1475 884 1507; x_wconf 90' lang='lat' dir='ltr'><strong>‘Sed</strong></span> <span class='ocrx_word' id='word_1_204' title='bbox 913 1475 940 1506; x_wconf 91' lang='lat' dir='ltr'><strong>si</strong></span> <span class='ocrx_word' id='word_1_205' title='bbox 967 1481 1062 1506; x_wconf 90' lang='lat' dir='ltr'><strong>recte</strong></span> <span class='ocrx_word' id='word_1_206' title='bbox 1087 1476 1283 1515; x_wconf 73' lang='lat' dir='ltr'><strong>explicetur</strong></span> <span class='ocrx_word' id='word_1_207' title='bbox 1297 1475 1446 1506; x_wconf 87' lang='lat' dir='ltr'><strong>omnium</strong></span> <span class='ocrx_word' id='word_1_208' title='bbox 1465 1475 1566 1506; x_wconf 88' lang='lat' dir='ltr'><strong>codd.</strong></span> 
     </span>
     <span class='ocr_line' id='line_1_24' title="bbox 101 1517 1567 1560; baseline -0.001 -11"><span class='ocrx_word' id='word_1_209' title='bbox 101 1517 205 1550; x_wconf 78' lang='lat' dir='ltr'><strong>lectio</strong></span> <span class='ocrx_word' id='word_1_210' title='bbox 221 1517 357 1560; x_wconf 69' lang='lat' dir='ltr'><strong>faustis,</strong></span> <span class='ocrx_word' id='word_1_211' title='bbox 371 1519 479 1550; x_wconf 89' lang='lat' dir='ltr'><strong>multo</strong></span> <span class='ocrx_word' id='word_1_212' title='bbox 493 1519 667 1560; x_wconf 83' lang='lat' dir='ltr'><strong>pulchrior</strong></span> <span class='ocrx_word' id='word_1_213' title='bbox 682 1523 716 1549; x_wconf 82' lang='lat' dir='ltr'><strong>et</strong></span> <span class='ocrx_word' id='word_1_214' title='bbox 733 1519 950 1559; x_wconf 62' lang='lat' dir='ltr'><strong>exquisitior,</strong></span> <span class='ocrx_word' id='word_1_215' title='bbox 969 1527 1069 1558; x_wconf 78' lang='lat' dir='ltr'><strong>quum</strong></span> <span class='ocrx_word' id='word_1_216' title='bbox 1084 1517 1228 1549; x_wconf 64' lang='lat' dir='ltr'><strong>sanctis!</strong></span> <span class='ocrx_word' id='word_1_217' title='bbox 1251 1518 1433 1550; x_wconf 57' lang='lat' dir='ltr'><strong>hruk—29</strong></span> <span class='ocrx_word' id='word_1_218' title='bbox 1455 1519 1465 1535; x_wconf 85' lang='lat'><strong>⁴</strong></span> <span class='ocrx_word' id='word_1_219' title='bbox 1477 1518 1567 1548; x_wconf 85' lang='lat' dir='ltr'><strong>Vere</strong></span> 
     </span>
     <span class='ocr_line' id='line_1_25' title="bbox 102 1559 1570 1602; baseline 0 -10"><span class='ocrx_word' id='word_1_220' title='bbox 102 1559 363 1602; x_wconf 68' lang='lat' dir='ltr'><strong>distinguimus:</strong></span> <span class='ocrx_word' id='word_1_221' title='bbox 378 1562 544 1600; x_wconf 78' lang='lat' dir='ltr'><strong>sortibus.-</strong></span> <span class='ocrx_word' id='word_1_222' title='bbox 566 1565 598 1593; x_wconf 83' lang='lat' dir='ltr'><strong>et</strong></span> <span class='ocrx_word' id='word_1_223' title='bbox 614 1560 702 1592; x_wconf 75' lang='lat' dir='ltr'><strong>bonis</strong></span> <span class='ocrx_word' id='word_1_224' title='bbox 717 1562 792 1599; x_wconf 78' lang='lat' dir='ltr'><strong>Est,</strong></span> <span class='ocrx_word' id='word_1_225' title='bbox 806 1562 859 1601; x_wconf 69' lang='grc' dir='ltr'><strong>ἔμ’.</strong></span> <span class='ocrx_word' id='word_1_226' title='bbox 879 1561 948 1592; x_wconf 91' lang='lat' dir='ltr'><strong>vid.</strong></span> <span class='ocrx_word' id='word_1_227' title='bbox 962 1561 1058 1602; x_wconf 86' lang='lat' dir='ltr'><strong>Sylv.</strong></span> <span class='ocrx_word' id='word_1_228' title='bbox 1083 1561 1168 1591; x_wconf 83' lang='lat' dir='ltr'><strong>Crit.</strong></span> <span class='ocrx_word' id='word_1_229' title='bbox 1191 1563 1285 1592; x_wconf 84' lang='lat' dir='ltr'><strong>Sect.</strong></span> <span class='ocrx_word' id='word_1_230' title='bbox 1304 1570 1356 1591; x_wconf 77' lang='grc' dir='ltr'><strong>ιν.</strong></span> <span class='ocrx_word' id='word_1_231' title='bbox 1372 1560 1570 1600; x_wconf 86' lang='lat' dir='ltr'><strong>improban-</strong></span> 
     </span>
     <span class='ocr_line' id='line_1_26' title="bbox 101 1601 1568 1645; baseline -0.001 -11"><span class='ocrx_word' id='word_1_232' title='bbox 101 1601 192 1635; x_wconf 78' lang='lat' dir='ltr'><strong>tibus</strong></span> <span class='ocrx_word' id='word_1_233' title='bbox 208 1604 386 1639; x_wconf 75' lang='lat' dir='ltr'><strong>nonnullis,</strong></span> <span class='ocrx_word' id='word_1_234' title='bbox 403 1605 473 1645; x_wconf 86' lang='lat' dir='ltr'><strong>qni,</strong></span> <span class='ocrx_word' id='word_1_235' title='bbox 489 1604 551 1635; x_wconf 90' lang='lat' dir='ltr'><strong>nisi</strong></span> <span class='ocrx_word' id='word_1_236' title='bbox 569 1604 660 1643; x_wconf 87' lang='lat' dir='ltr'><strong>qnod</strong></span> <span class='ocrx_word' id='word_1_237' title='bbox 678 1604 760 1645; x_wconf 85' lang='lat' dir='ltr'><strong>ipsis</strong></span> <span class='ocrx_word' id='word_1_238' title='bbox 777 1604 809 1634; x_wconf 93' lang='lat' dir='ltr'><strong>in</strong></span> <span class='ocrx_word' id='word_1_239' title='bbox 827 1609 976 1635; x_wconf 85' lang='lat' dir='ltr'><strong>mentem</strong></span> <span class='ocrx_word' id='word_1_240' title='bbox 1003 1603 1120 1643; x_wconf 81' lang='lat' dir='ltr'><strong>primis</strong></span> <span class='ocrx_word' id='word_1_241' title='bbox 1137 1603 1283 1644; x_wconf 82' lang='lat' dir='ltr'><strong>venerit,</strong></span> <span class='ocrx_word' id='word_1_242' title='bbox 1306 1603 1388 1634; x_wconf 77' lang='lat' dir='ltr'><strong>nihii</strong></span> <span class='ocrx_word' id='word_1_243' title='bbox 1417 1602 1568 1634; x_wconf 82' lang='lat' dir='ltr'><strong>feliciter</strong></span> 
     </span>
     <span class='ocr_line' id='line_1_27' title="bbox 101 1645 1566 1687; baseline 0 -11"><span class='ocrx_word' id='word_1_244' title='bbox 101 1645 334 1687; x_wconf 75' lang='lat' dir='ltr'><strong>excogitatum</strong></span> <span class='ocrx_word' id='word_1_245' title='bbox 366 1646 516 1687; x_wconf 83' lang='lat' dir='ltr'><strong>putant.&#39;</strong></span> <span class='ocrx_word' id='word_1_246' title='bbox 545 1646 674 1684; x_wconf 78' lang='lat' dir='ltr'><strong>Wakef.</strong></span> <span class='ocrx_word' id='word_1_247' title='bbox 719 1647 806 1678; x_wconf 85' lang='lat' dir='ltr'><strong>Post</strong></span> <span class='ocrx_word' id='word_1_248' title='bbox 824 1645 967 1684; x_wconf 75' lang='lat' dir='ltr'><strong>fortibus</strong></span> <span class='ocrx_word' id='word_1_249' title='bbox 983 1645 1199 1686; x_wconf 78' lang='lat' dir='ltr'><strong>distinguunt</strong></span> <span class='ocrx_word' id='word_1_250' title='bbox 1230 1646 1328 1677; x_wconf 89' lang='lat' dir='ltr'><strong>multi</strong></span> <span class='ocrx_word' id='word_1_251' title='bbox 1358 1646 1459 1677; x_wconf 87' lang='lat' dir='ltr'><strong>codd.</strong></span> <span class='ocrx_word' id='word_1_252' title='bbox 1484 1646 1566 1676; x_wconf 83' lang='lat' dir='ltr'><strong>item</strong></span> 
     </span>
     <span class='ocr_line' id='line_1_28' title="bbox 102 1687 1566 1728; baseline 0.001 -11"><span class='ocrx_word' id='word_1_253' title='bbox 102 1687 203 1721; x_wconf 80' lang='lat' dir='ltr'><strong>editt.</strong></span> <span class='ocrx_word' id='word_1_254' title='bbox 221 1692 259 1721; x_wconf 78' lang='lat' dir='ltr'><strong>ut</strong></span> <span class='ocrx_word' id='word_1_255' title='bbox 273 1689 400 1721; x_wconf 71' lang='lat' dir='ltr'><strong>Venet.</strong></span> <span class='ocrx_word' id='word_1_256' title='bbox 418 1692 511 1721; x_wconf 71' lang='lat'><strong>14⁷⁷.</strong></span> <span class='ocrx_word' id='word_1_257' title='bbox 529 1691 624 1721; x_wconf 75' lang='lat'><strong>1478.</strong></span> <span class='ocrx_word' id='word_1_258' title='bbox 641 1691 736 1720; x_wconf 72' lang='lat'><strong>1479.</strong></span> <span class='ocrx_word' id='word_1_259' title='bbox 759 1689 854 1721; x_wconf 91' lang='lat' dir='ltr'><strong>Mur.</strong></span> <span class='ocrx_word' id='word_1_260' title='bbox 879 1690 974 1720; x_wconf 82' lang='lat' dir='ltr'><strong>Torr.</strong></span> <span class='ocrx_word' id='word_1_261' title='bbox 990 1689 1092 1719; x_wconf 85' lang='lat' dir='ltr'><strong>Fabr.</strong></span> <span class='ocrx_word' id='word_1_262' title='bbox 1107 1689 1188 1728; x_wconf 81' lang='lat' dir='ltr'><strong>Xyl.</strong></span> <span class='ocrx_word' id='word_1_263' title='bbox 1203 1689 1327 1720; x_wconf 85' lang='lat' dir='ltr'><strong>Heius.</strong></span> <span class='ocrx_word' id='word_1_264' title='bbox 1344 1688 1463 1728; x_wconf 82' lang='lat' dir='ltr'><strong>Steph.</strong></span> <span class='ocrx_word' id='word_1_265' title='bbox 1482 1688 1566 1718; x_wconf 84' lang='lat' dir='ltr'><strong>Fab.</strong></span> 
     </span>
     <span class='ocr_line' id='line_1_29' title="bbox 103 1729 1567 1771; baseline -0.001 -10"><span class='ocrx_word' id='word_1_266' title='bbox 103 1729 230 1762; x_wconf 72' lang='lat' dir='ltr'><strong>Sanad.</strong></span> <span class='ocrx_word' id='word_1_267' title='bbox 246 1735 285 1762; x_wconf 90' lang='lat' dir='ltr'><strong>nt</strong></span> <span class='ocrx_word' id='word_1_268' title='bbox 300 1732 357 1770; x_wconf 83' lang='lat' dir='ltr'><strong>sit,</strong></span> <span class='ocrx_word' id='word_1_269' title='bbox 375 1735 406 1763; x_wconf 83' lang='lat' dir='ltr'><strong>et</strong></span> <span class='ocrx_word' id='word_1_270' title='bbox 422 1732 510 1764; x_wconf 81' lang='lat' dir='ltr'><strong>bonis</strong></span> <span class='ocrx_word' id='word_1_271' title='bbox 533 1732 592 1762; x_wconf 78' lang='lat' dir='ltr'><strong>Est</strong></span> <span class='ocrx_word' id='word_1_272' title='bbox 615 1732 648 1762; x_wconf 82' lang='lat' dir='ltr'><strong>in</strong></span> <span class='ocrx_word' id='word_1_273' title='bbox 662 1731 821 1769; x_wconf 68' lang='lat' dir='ltr'><strong>juvencis,</strong></span> <span class='ocrx_word' id='word_1_274' title='bbox 834 1732 889 1771; x_wconf 69' lang='grc' dir='ltr'><strong>ἅμ’.</strong></span> <span class='ocrx_word' id='word_1_275' title='bbox 935 1733 943 1747; x_wconf 82' lang='lat'>⁸</span> <span class='ocrx_word' id='word_1_276' title='bbox 957 1731 1025 1762; x_wconf 87' lang='lat' dir='ltr'><strong>Sed</strong></span> <span class='ocrx_word' id='word_1_277' title='bbox 1050 1731 1179 1761; x_wconf 82' lang='lat' dir='ltr'><strong>rectius</strong></span> <span class='ocrx_word' id='word_1_278' title='bbox 1199 1731 1363 1771; x_wconf 85' lang='lat' dir='ltr'><strong>jungunt,</strong></span> <span class='ocrx_word' id='word_1_279' title='bbox 1378 1730 1520 1768; x_wconf 74' lang='lat' dir='ltr'><strong>sortibus</strong></span> <span class='ocrx_word' id='word_1_280' title='bbox 1535 1734 1567 1761; x_wconf 79' lang='lat' dir='ltr'><strong>et</strong></span> 
     </span>
     <span class='ocr_line' id='line_1_30' title="bbox 103 1772 1567 1814; baseline -0.001 -10"><span class='ocrx_word' id='word_1_281' title='bbox 103 1772 210 1804; x_wconf 73' lang='lat' dir='ltr'><strong>bonis.-</strong></span> <span class='ocrx_word' id='word_1_282' title='bbox 231 1774 375 1806; x_wconf 79' lang='lat' dir='ltr'><strong>Loeher.</strong></span> <span class='ocrx_word' id='word_1_283' title='bbox 391 1774 518 1806; x_wconf 85' lang='lat' dir='ltr'><strong>Ascen.</strong></span> <span class='ocrx_word' id='word_1_284' title='bbox 535 1774 654 1805; x_wconf 83' lang='lat' dir='ltr'><strong>Basili.</strong></span> <span class='ocrx_word' id='word_1_285' title='bbox 675 1774 795 1804; x_wconf 73' lang='lat' dir='ltr'><strong>hamb.</strong></span> <span class='ocrx_word' id='word_1_286' title='bbox 811 1774 916 1814; x_wconf 86' lang='lat' dir='ltr'><strong>Cruq.</strong></span> <span class='ocrx_word' id='word_1_287' title='bbox 934 1773 1039 1812; x_wconf 79' lang='lat' dir='ltr'><strong>Rutg.</strong></span> <span class='ocrx_word' id='word_1_288' title='bbox 1058 1774 1182 1804; x_wconf 87' lang='lat' dir='ltr'><strong>Dacer.</strong></span> <span class='ocrx_word' id='word_1_289' title='bbox 1203 1774 1312 1804; x_wconf 84' lang='lat' dir='ltr'><strong>Bentl.</strong></span> <span class='ocrx_word' id='word_1_290' title='bbox 1333 1773 1419 1804; x_wconf 88' lang='lat' dir='ltr'><strong>Cun.</strong></span> <span class='ocrx_word' id='word_1_291' title='bbox 1432 1772 1514 1804; x_wconf 85' lang='lat' dir='ltr'><strong>Jon.</strong></span> <span class='ocrx_word' id='word_1_292' title='bbox 1530 1777 1567 1803; x_wconf 88' lang='lat' dir='ltr'><strong>et</strong></span> 
     </span>
     <span class='ocr_line' id='line_1_31' title="bbox 101 1813 1567 1858; baseline -0.001 -11"><span class='ocrx_word' id='word_1_293' title='bbox 101 1821 250 1848; x_wconf 82' lang='lat' dir='ltr'><strong>recentt.</strong></span> <span class='ocrx_word' id='word_1_294' title='bbox 286 1817 364 1849; x_wconf 87' lang='lat' dir='ltr'><strong>Non</strong></span> <span class='ocrx_word' id='word_1_295' title='bbox 380 1826 464 1858; x_wconf 76' lang='lat' dir='ltr'><strong>opus</strong></span> <span class='ocrx_word' id='word_1_296' title='bbox 479 1816 629 1848; x_wconf 83' lang='lat' dir='ltr'><strong>babebat</strong></span> <span class='ocrx_word' id='word_1_297' title='bbox 646 1816 761 1848; x_wconf 88' lang='lat' dir='ltr'><strong>Bentl.</strong></span> <span class='ocrx_word' id='word_1_298' title='bbox 778 1821 875 1847; x_wconf 83' lang='lat' dir='ltr'><strong>tanta</strong></span> <span class='ocrx_word' id='word_1_299' title='bbox 890 1815 1083 1847; x_wconf 81' lang='lat' dir='ltr'><strong>subtilitate</strong></span> <span class='ocrx_word' id='word_1_300' title='bbox 1099 1815 1141 1846; x_wconf 81' lang='lat' dir='ltr'><strong>ad</strong></span> <span class='ocrx_word' id='word_1_301' title='bbox 1155 1813 1410 1847; x_wconf 82' lang='lat' dir='ltr'><strong>defendendam</strong></span> <span class='ocrx_word' id='word_1_302' title='bbox 1426 1815 1567 1846; x_wconf 86' lang='lat' dir='ltr'><strong>distinc-</strong></span> 
     </span>
    </p>
   </div>
   <div class='ocr_carea' id='block_1_8' title="bbox 759 1904 907 1939">
    <p class='ocr_par' dir='ltr' id='par_1_10' title="bbox 759 1904 907 1939">
     <span class='ocr_line' id='line_1_32' title="bbox 759 1904 907 1939; baseline -0.02 0"><span class='ocrx_word' id='word_1_303' title='bbox 759 1904 907 1939; x_wconf 82' lang='lat' dir='ltr'>NOTAE</span> 
     </span>
    </p>
   </div>
   <div class='ocr_carea' id='block_1_9' title="bbox 97 1971 804 2869">
    <p class='ocr_par' dir='ltr' id='par_1_11' title="bbox 101 1971 803 2060">
     <span class='ocr_line' id='line_1_33' title="bbox 142 1971 803 2014; baseline -0.006 -7"><span class='ocrx_word' id='word_1_304' title='bbox 142 1975 184 2008; x_wconf 72' lang='lat'><strong>24</strong></span> <span class='ocrx_word' id='word_1_305' title='bbox 205 1973 354 2014; x_wconf 72' lang='lat' dir='ltr'><strong>Jucenis]</strong></span> <span class='ocrx_word' id='word_1_306' title='bbox 391 1972 526 2006; x_wconf 80' lang='lat' dir='ltr'><strong>Claudii</strong></span> <span class='ocrx_word' id='word_1_307' title='bbox 544 1971 659 2014; x_wconf 89' lang='lat' dir='ltr'><strong>Drusi,</strong></span> <span class='ocrx_word' id='word_1_308' title='bbox 675 1972 719 2004; x_wconf 90' lang='lat' dir='ltr'><strong>de</strong></span> <span class='ocrx_word' id='word_1_309' title='bbox 737 1981 803 2014; x_wconf 89' lang='lat' dir='ltr'><strong>qno</strong></span> 
     </span>
     <span class='ocr_line' id='line_1_34' title="bbox 101 2029 196 2060; baseline 0 -4"><span class='ocrx_word' id='word_1_310' title='bbox 101 2029 196 2060; x_wconf 71' lang='lat' dir='ltr'><strong>ante,</strong></span> 
     </span>
    </p>

    <p class='ocr_par' dir='ltr' id='par_1_12' title="bbox 97 2073 804 2869">
     <span class='ocr_line' id='line_1_35' title="bbox 141 2073 802 2116; baseline -0.002 -10"><span class='ocrx_word' id='word_1_311' title='bbox 141 2077 184 2106; x_wconf 78' lang='lat'><strong>25</strong></span> <span class='ocrx_word' id='word_1_312' title='bbox 206 2073 335 2107; x_wconf 61' lang='grc' dir='ltr'><strong>δεκετεῖ-ε</strong></span> <span class='ocrx_word' id='word_1_313' title='bbox 362 2074 449 2116; x_wconf 77' lang='lat' dir='ltr'><strong>quid,</strong></span> <span class='ocrx_word' id='word_1_314' title='bbox 476 2074 546 2115; x_wconf 59' lang='grc' dir='ltr'><strong>ξω]</strong></span> <span class='ocrx_word' id='word_1_315' title='bbox 591 2073 802 2106; x_wconf 80' lang='lat' dir='ltr'><strong>Intellexere</strong></span> 
     </span>
     <span class='ocr_line' id='line_1_36' title="bbox 99 2123 804 2166; baseline -0.003 -10"><span class='ocrx_word' id='word_1_316' title='bbox 99 2124 183 2166; x_wconf 84' lang='lat' dir='ltr'><strong>qnid</strong></span> <span class='ocrx_word' id='word_1_317' title='bbox 198 2128 235 2162; x_wconf 73' lang='lat' dir='ltr'><strong>et</strong></span> <span class='ocrx_word' id='word_1_318' title='bbox 249 2129 412 2166; x_wconf 86' lang='lat' dir='ltr'><strong>quantum</strong></span> <span class='ocrx_word' id='word_1_319' title='bbox 429 2124 561 2155; x_wconf 82' lang='lat' dir='ltr'><strong>valeret</strong></span> <span class='ocrx_word' id='word_1_320' title='bbox 581 2123 751 2155; x_wconf 88' lang='lat' dir='ltr'><strong>institutio</strong></span> <span class='ocrx_word' id='word_1_321' title='bbox 767 2127 804 2154; x_wconf 93' lang='lat' dir='ltr'><strong>et</strong></span> 
     </span>
     <span class='ocr_line' id='line_1_37' title="bbox 99 2173 802 2215; baseline -0.001 -9"><span class='ocrx_word' id='word_1_322' title='bbox 99 2173 260 2206; x_wconf 78' lang='lat' dir='ltr'><strong>educatio</strong></span> <span class='ocrx_word' id='word_1_323' title='bbox 273 2173 420 2215; x_wconf 83' lang='lat' dir='ltr'><strong>Augusti</strong></span> <span class='ocrx_word' id='word_1_324' title='bbox 436 2174 597 2214; x_wconf 77' lang='lat' dir='ltr'><strong>Caesaris,</strong></span> <span class='ocrx_word' id='word_1_325' title='bbox 612 2174 670 2215; x_wconf 87' lang='lat' dir='ltr'><strong>qui</strong></span> <span class='ocrx_word' id='word_1_326' title='bbox 687 2179 802 2214; x_wconf 84' lang='lat' dir='ltr'><strong>pater-</strong></span> 
     </span>
     <span class='ocr_line' id='line_1_38' title="bbox 99 2222 803 2256; baseline -0.003 0"><span class='ocrx_word' id='word_1_327' title='bbox 99 2232 181 2256; x_wconf 82' lang='lat' dir='ltr'><strong>num</strong></span> <span class='ocrx_word' id='word_1_328' title='bbox 216 2222 376 2256; x_wconf 85' lang='lat' dir='ltr'><strong>exhibuit</strong></span> <span class='ocrx_word' id='word_1_329' title='bbox 404 2223 551 2255; x_wconf 79' lang='lat' dir='ltr'><strong>animum</strong></span> <span class='ocrx_word' id='word_1_330' title='bbox 580 2229 616 2254; x_wconf 90' lang='lat' dir='ltr'><strong>et</strong></span> <span class='ocrx_word' id='word_1_331' title='bbox 641 2222 803 2255; x_wconf 80' lang='lat' dir='ltr'><strong>affectum</strong></span> 
     </span>
     <span class='ocr_line' id='line_1_39' title="bbox 98 2274 802 2316; baseline 0.001 -10"><span class='ocrx_word' id='word_1_332' title='bbox 98 2283 183 2316; x_wconf 73' lang='lat' dir='ltr'><strong>erga</strong></span> <span class='ocrx_word' id='word_1_333' title='bbox 207 2284 330 2316; x_wconf 82' lang='lat' dir='ltr'><strong>pueros</strong></span> <span class='ocrx_word' id='word_1_334' title='bbox 365 2274 522 2306; x_wconf 77' lang='lat' dir='ltr'><strong>Nerones</strong></span> <span class='ocrx_word' id='word_1_335' title='bbox 553 2274 730 2306; x_wconf 83' lang='lat' dir='ltr'><strong>Tiberium</strong></span> <span class='ocrx_word' id='word_1_336' title='bbox 762 2284 802 2307; x_wconf 88' lang='lat' dir='ltr'><strong>ac</strong></span> 
     </span>
     <span class='ocr_line' id='line_1_40' title="bbox 98 2323 801 2366; baseline -0.003 -10"><span class='ocrx_word' id='word_1_337' title='bbox 98 2324 259 2366; x_wconf 79' lang='lat' dir='ltr'><strong>Drusum,</strong></span> <span class='ocrx_word' id='word_1_338' title='bbox 275 2334 359 2366; x_wconf 82' lang='lat' dir='ltr'><strong>quos</strong></span> <span class='ocrx_word' id='word_1_339' title='bbox 372 2323 568 2366; x_wconf 79' lang='lat' dir='ltr'><strong>adoptarat,</strong></span> <span class='ocrx_word' id='word_1_340' title='bbox 582 2328 618 2356; x_wconf 88' lang='lat' dir='ltr'><strong>et</strong></span> <span class='ocrx_word' id='word_1_341' title='bbox 638 2324 734 2355; x_wconf 89' lang='lat' dir='ltr'><strong>bonis</strong></span> <span class='ocrx_word' id='word_1_342' title='bbox 751 2333 801 2355; x_wconf 74' lang='lat' dir='ltr'><strong>ar-</strong></span> 
     </span>
     <span class='ocr_line' id='line_1_41' title="bbox 98 2372 801 2407; baseline -0.003 0"><span class='ocrx_word' id='word_1_343' title='bbox 98 2373 191 2407; x_wconf 77' lang='lat' dir='ltr'><strong>tibus</strong></span> <span class='ocrx_word' id='word_1_344' title='bbox 203 2372 340 2406; x_wconf 83' lang='lat' dir='ltr'><strong>erudire</strong></span> <span class='ocrx_word' id='word_1_345' title='bbox 358 2378 551 2406; x_wconf 79' lang='lat' dir='ltr'><strong>curaverat.</strong></span> <span class='ocrx_word' id='word_1_346' title='bbox 595 2374 687 2406; x_wconf 82' lang='lat' dir='ltr'><strong>Nam</strong></span> <span class='ocrx_word' id='word_1_347' title='bbox 701 2374 801 2405; x_wconf 87' lang='lat' dir='ltr'><strong>Tibe·</strong></span> 
     </span>
     <span class='ocr_line' id='line_1_42' title="bbox 97 2424 802 2466; baseline -0.001 -9"><span class='ocrx_word' id='word_1_348' title='bbox 97 2424 168 2457; x_wconf 77' lang='lat' dir='ltr'><strong>rim</strong></span> <span class='ocrx_word' id='word_1_349' title='bbox 189 2425 298 2466; x_wconf 79' lang='lat' dir='ltr'><strong>Nero,</strong></span> <span class='ocrx_word' id='word_1_350' title='bbox 318 2424 415 2459; x_wconf 80' lang='lat' dir='ltr'><strong>Livia</strong></span> <span class='ocrx_word' id='word_1_351' title='bbox 436 2424 590 2456; x_wconf 82' lang='lat' dir='ltr'><strong>Drusilla</strong></span> <span class='ocrx_word' id='word_1_352' title='bbox 610 2434 717 2456; x_wconf 86' lang='lat' dir='ltr'><strong>uxore</strong></span> <span class='ocrx_word' id='word_1_353' title='bbox 740 2434 802 2456; x_wconf 84' lang='lat' dir='ltr'><strong>sua</strong></span> 
     </span>
     <span class='ocr_line' id='line_1_43' title="bbox 98 2473 801 2515; baseline -0.004 -8"><span class='ocrx_word' id='word_1_354' title='bbox 98 2478 172 2506; x_wconf 83' lang='lat' dir='ltr'><strong>tum</strong></span> <span class='ocrx_word' id='word_1_355' title='bbox 199 2474 305 2507; x_wconf 78' lang='lat' dir='ltr'><strong>etiam</strong></span> <span class='ocrx_word' id='word_1_356' title='bbox 329 2478 531 2515; x_wconf 79' lang='lat' dir='ltr'><strong>praegnante</strong></span> <span class='ocrx_word' id='word_1_357' title='bbox 554 2473 711 2515; x_wconf 79' lang='lat' dir='ltr'><strong>Augusto</strong></span> <span class='ocrx_word' id='word_1_358' title='bbox 742 2483 801 2515; x_wconf 86' lang='lat' dir='ltr'><strong>pe-</strong></span> 
     </span>
     <span class='ocr_line' id='line_1_44' title="bbox 98 2523 803 2565; baseline -0.003 -8"><span class='ocrx_word' id='word_1_359' title='bbox 98 2523 187 2563; x_wconf 68' lang='lat' dir='ltr'><strong>tenti</strong></span> <span class='ocrx_word' id='word_1_360' title='bbox 201 2533 380 2564; x_wconf 79' lang='lat' dir='ltr'><strong>concessa,</strong></span> <span class='ocrx_word' id='word_1_361' title='bbox 396 2524 498 2565; x_wconf 84' lang='lat' dir='ltr'><strong>paulo</strong></span> <span class='ocrx_word' id='word_1_362' title='bbox 515 2529 590 2565; x_wconf 78' lang='lat' dir='ltr'><strong>post</strong></span> <span class='ocrx_word' id='word_1_363' title='bbox 607 2533 626 2555; x_wconf 89' lang='lat' dir='ltr'><strong>e</strong></span> <span class='ocrx_word' id='word_1_364' title='bbox 642 2523 727 2555; x_wconf 84' lang='lat' dir='ltr'><strong>vivis</strong></span> <span class='ocrx_word' id='word_1_365' title='bbox 745 2533 803 2555; x_wconf 87' lang='lat' dir='ltr'><strong>ex·</strong></span> 
     </span>
     <span class='ocr_line' id='line_1_45' title="bbox 99 2573 803 2616; baseline -0.001 -9"><span class='ocrx_word' id='word_1_366' title='bbox 99 2574 201 2609; x_wconf 69' lang='lat' dir='ltr'><strong>teuit</strong></span> <span class='ocrx_word' id='word_1_367' title='bbox 213 2584 222 2607; x_wconf 71' lang='grc' dir='ltr'><strong><em>ε</em></strong></span> <span class='ocrx_word' id='word_1_368' title='bbox 236 2574 381 2606; x_wconf 79' lang='lat' dir='ltr'><strong>eundem</strong></span> <span class='ocrx_word' id='word_1_369' title='bbox 393 2583 475 2606; x_wconf 88' lang='lat' dir='ltr'><strong>vero</strong></span> <span class='ocrx_word' id='word_1_370' title='bbox 488 2573 680 2615; x_wconf 78' lang='lat' dir='ltr'><strong>Augustum</strong></span> <span class='ocrx_word' id='word_1_371' title='bbox 695 2575 803 2616; x_wconf 82' lang='lat' dir='ltr'><strong>scrip-</strong></span> 
     </span>
     <span class='ocr_line' id='line_1_46' title="bbox 100 2624 801 2663; baseline 0 -7"><span class='ocrx_word' id='word_1_372' title='bbox 100 2629 194 2660; x_wconf 70' lang='lat' dir='ltr'><strong>:ierat</strong></span> <span class='ocrx_word' id='word_1_373' title='bbox 207 2628 356 2657; x_wconf 85' lang='lat' dir='ltr'><strong>tutorem</strong></span> <span class='ocrx_word' id='word_1_374' title='bbox 371 2624 519 2656; x_wconf 79' lang='lat' dir='ltr'><strong>tiliorum</strong></span> <span class='ocrx_word' id='word_1_375' title='bbox 536 2634 687 2663; x_wconf 86' lang='lat' dir='ltr'><strong>suorum,</strong></span> <span class='ocrx_word' id='word_1_376' title='bbox 709 2633 801 2656; x_wconf 88' lang='lat' dir='ltr'><strong>nem-</strong></span> 
     </span>
     <span class='ocr_line' id='line_1_47' title="bbox 102 2675 801 2718; baseline 0.003 -12"><span class='ocrx_word' id='word_1_377' title='bbox 102 2683 147 2714; x_wconf 80' lang='lat' dir='ltr'><strong>pe</strong></span> <span class='ocrx_word' id='word_1_378' title='bbox 164 2675 291 2708; x_wconf 70' lang='lat' dir='ltr'><strong>&#39;riberii</strong></span> <span class='ocrx_word' id='word_1_379' title='bbox 316 2681 463 2718; x_wconf 87' lang='lat' dir='ltr'><strong>quatuor</strong></span> <span class='ocrx_word' id='word_1_380' title='bbox 488 2675 563 2708; x_wconf 86' lang='lat' dir='ltr'><strong>fere</strong></span> <span class='ocrx_word' id='word_1_381' title='bbox 587 2686 695 2708; x_wconf 77' lang='lat' dir='ltr'><strong>annos</strong></span> <span class='ocrx_word' id='word_1_382' title='bbox 713 2677 801 2717; x_wconf 74' lang='lat' dir='ltr'><strong>nati,</strong></span> 
     </span>
     <span class='ocr_line' id='line_1_48' title="bbox 102 2723 801 2767; baseline 0.004 -13"><span class='ocrx_word' id='word_1_383' title='bbox 102 2731 143 2755; x_wconf 79' lang='lat' dir='ltr'><strong>ac</strong></span> <span class='ocrx_word' id='word_1_384' title='bbox 157 2723 259 2756; x_wconf 71' lang='lat' dir='ltr'><strong>Drusi</strong></span> <span class='ocrx_word' id='word_1_385' title='bbox 274 2736 373 2767; x_wconf 84' lang='lat' dir='ltr'><strong>quem</strong></span> <span class='ocrx_word' id='word_1_386' title='bbox 389 2727 492 2758; x_wconf 87' lang='lat' dir='ltr'><strong>enixa</strong></span> <span class='ocrx_word' id='word_1_387' title='bbox 507 2731 562 2758; x_wconf 84' lang='lat' dir='ltr'><strong>est</strong></span> <span class='ocrx_word' id='word_1_388' title='bbox 581 2727 692 2766; x_wconf 85' lang='lat' dir='ltr'><strong>Livia,</strong></span> <span class='ocrx_word' id='word_1_389' title='bbox 709 2736 801 2758; x_wconf 85' lang='lat' dir='ltr'><strong>men-</strong></span> 
     </span>
     <span class='ocr_line' id='line_1_49' title="bbox 102 2771 802 2818; baseline 0.01 -16"><span class='ocrx_word' id='word_1_390' title='bbox 102 2771 194 2803; x_wconf 84' lang='lat' dir='ltr'><strong>sibus</strong></span> <span class='ocrx_word' id='word_1_391' title='bbox 215 2774 320 2806; x_wconf 78' lang='lat' dir='ltr'><strong>tribus</strong></span> <span class='ocrx_word' id='word_1_392' title='bbox 336 2782 414 2815; x_wconf 80' lang='lat' dir='ltr'><strong>post</strong></span> <span class='ocrx_word' id='word_1_393' title='bbox 436 2786 532 2808; x_wconf 82' lang='lat' dir='ltr'><strong>sunm</strong></span> <span class='ocrx_word' id='word_1_394' title='bbox 549 2786 626 2808; x_wconf 90' lang='lat' dir='ltr'><strong>cum</strong></span> <span class='ocrx_word' id='word_1_395' title='bbox 643 2776 802 2818; x_wconf 88' lang='lat' dir='ltr'><strong>Augusto</strong></span> 
     </span>
     <span class='ocr_line' id='line_1_50' title="bbox 103 2821 799 2869; baseline 0.011 -17"><span class='ocrx_word' id='word_1_396' title='bbox 103 2821 306 2863; x_wconf 85' lang='lat' dir='ltr'><strong>conjugium.</strong></span> <span class='ocrx_word' id='word_1_397' title='bbox 328 2823 419 2857; x_wconf 80' lang='lat' dir='ltr'><strong>Hinc</strong></span> <span class='ocrx_word' id='word_1_398' title='bbox 431 2835 512 2867; x_wconf 87' lang='lat' dir='ltr'><strong>ergo</strong></span> <span class='ocrx_word' id='word_1_399' title='bbox 527 2827 536 2844; x_wconf 93' lang='lat'>‘</span> <span class='ocrx_word' id='word_1_400' title='bbox 547 2832 714 2869; x_wconf 81' lang='lat' dir='ltr'><strong>paternus</strong></span> <span class='ocrx_word' id='word_1_401' title='bbox 728 2826 799 2859; x_wconf 91' lang='lat' dir='ltr'><strong>Au-</strong></span> 
     </span>
    </p>
   </div>
   <div class='ocr_carea' id='block_1_10' title="bbox 855 1970 1569 2868">
    <p class='ocr_par' dir='ltr' id='par_1_13' title="bbox 856 1970 1565 2256">
     <span class='ocr_line' id='line_1_51' title="bbox 858 1970 1565 2013; baseline 0 -11"><span class='ocrx_word' id='word_1_402' title='bbox 858 1972 949 2012; x_wconf 83' lang='lat' dir='ltr'><strong>gusti</strong></span> <span class='ocrx_word' id='word_1_403' title='bbox 977 1972 1108 2004; x_wconf 86' lang='lat' dir='ltr'><strong>animus</strong></span> <span class='ocrx_word' id='word_1_404' title='bbox 1137 1971 1169 2002; x_wconf 88' lang='lat' dir='ltr'><strong>in</strong></span> <span class='ocrx_word' id='word_1_405' title='bbox 1201 1980 1327 2013; x_wconf 86' lang='lat' dir='ltr'><strong>pueros</strong></span> <span class='ocrx_word' id='word_1_406' title='bbox 1358 1970 1565 2012; x_wconf 85' lang='lat' dir='ltr'><strong>Nerones;’</strong></span> 
     </span>
     <span class='ocr_line' id='line_1_52' title="bbox 858 2021 1564 2065; baseline -0.001 -11"><span class='ocrx_word' id='word_1_407' title='bbox 858 2028 929 2054; x_wconf 83' lang='lat' dir='ltr'><strong>tum</strong></span> <span class='ocrx_word' id='word_1_408' title='bbox 957 2023 1047 2065; x_wconf 88' lang='lat' dir='ltr'><strong>quod</strong></span> <span class='ocrx_word' id='word_1_409' title='bbox 1074 2032 1190 2055; x_wconf 87' lang='lat' dir='ltr'><strong>eorum</strong></span> <span class='ocrx_word' id='word_1_410' title='bbox 1219 2027 1362 2053; x_wconf 78' lang='lat' dir='ltr'><strong>matrem</strong></span> <span class='ocrx_word' id='word_1_411' title='bbox 1393 2021 1564 2062; x_wconf 84' lang='lat' dir='ltr'><strong>duxerat;</strong></span> 
     </span>
     <span class='ocr_line' id='line_1_53' title="bbox 857 2072 1564 2116; baseline -0.004 -10"><span class='ocrx_word' id='word_1_412' title='bbox 857 2077 929 2106; x_wconf 88' lang='lat' dir='ltr'><strong>tum</strong></span> <span class='ocrx_word' id='word_1_413' title='bbox 948 2074 1038 2116; x_wconf 91' lang='lat' dir='ltr'><strong>qnod</strong></span> <span class='ocrx_word' id='word_1_414' title='bbox 1054 2083 1169 2105; x_wconf 88' lang='lat' dir='ltr'><strong>eorum</strong></span> <span class='ocrx_word' id='word_1_415' title='bbox 1185 2077 1278 2104; x_wconf 88' lang='lat' dir='ltr'><strong>tutor</strong></span> <span class='ocrx_word' id='word_1_416' title='bbox 1291 2076 1381 2104; x_wconf 85' lang='lat' dir='ltr'><strong>esset</strong></span> <span class='ocrx_word' id='word_1_417' title='bbox 1393 2081 1412 2103; x_wconf 87' lang='lat' dir='ltr'><strong>a</strong></span> <span class='ocrx_word' id='word_1_418' title='bbox 1423 2072 1564 2104; x_wconf 90' lang='lat' dir='ltr'><strong>Tiberio</strong></span> 
     </span>
     <span class='ocr_line' id='line_1_54' title="bbox 856 2123 1564 2166; baseline -0.004 -9"><span class='ocrx_word' id='word_1_419' title='bbox 856 2129 956 2166; x_wconf 87' lang='lat' dir='ltr'><strong>patre</strong></span> <span class='ocrx_word' id='word_1_420' title='bbox 985 2129 1216 2164; x_wconf 82' lang='lat' dir='ltr'><strong>nuncupatus.</strong></span> <span class='ocrx_word' id='word_1_421' title='bbox 1272 2125 1411 2154; x_wconf 89' lang='lat' dir='ltr'><strong>Sueton.</strong></span> <span class='ocrx_word' id='word_1_422' title='bbox 1437 2123 1564 2155; x_wconf 90' lang='lat' dir='ltr'><strong>Octav.</strong></span> 
     </span>
     <span class='ocr_line' id='line_1_55' title="bbox 857 2173 1562 2217; baseline -0.003 -10"><span class='ocrx_word' id='word_1_423' title='bbox 857 2185 935 2217; x_wconf 81' lang='lat' dir='ltr'><strong>cap.</strong></span> <span class='ocrx_word' id='word_1_424' title='bbox 958 2178 1011 2207; x_wconf 79' lang='lat'><strong>62.</strong></span> <span class='ocrx_word' id='word_1_425' title='bbox 1034 2181 1069 2206; x_wconf 88' lang='lat' dir='ltr'><strong>et</strong></span> <span class='ocrx_word' id='word_1_426' title='bbox 1085 2177 1139 2206; x_wconf 76' lang='lat'><strong>03.</strong></span> <span class='ocrx_word' id='word_1_427' title='bbox 1185 2174 1276 2206; x_wconf 87' lang='lat' dir='ltr'><strong>Vell.</strong></span> <span class='ocrx_word' id='word_1_428' title='bbox 1295 2173 1472 2205; x_wconf 87' lang='lat' dir='ltr'><strong>Patercul.</strong></span> <span class='ocrx_word' id='word_1_429' title='bbox 1490 2173 1562 2214; x_wconf 84' lang='lat' dir='ltr'><strong>jam</strong></span> 
     </span>
     <span class='ocr_line' id='line_1_56' title="bbox 857 2222 1314 2256; baseline -0.007 0"><span class='ocrx_word' id='word_1_430' title='bbox 857 2224 918 2256; x_wconf 92' lang='lat' dir='ltr'><strong>cit.</strong></span> <span class='ocrx_word' id='word_1_431' title='bbox 933 2225 1049 2256; x_wconf 87' lang='lat' dir='ltr'><strong>Tacit.</strong></span> <span class='ocrx_word' id='word_1_432' title='bbox 1064 2222 1189 2255; x_wconf 89' lang='lat' dir='ltr'><strong>Annal.</strong></span> <span class='ocrx_word' id='word_1_433' title='bbox 1207 2232 1232 2254; x_wconf 89' lang='lat'><strong>1.</strong></span> <span class='ocrx_word' id='word_1_434' title='bbox 1248 2225 1314 2254; x_wconf 70' lang='grc' dir='ltr'><strong>ὅτε.</strong></span> 
     </span>
    </p>

    <p class='ocr_par' dir='ltr' id='par_1_14' title="bbox 855 2273 1569 2809">
     <span class='ocr_line' id='line_1_57' title="bbox 899 2273 1561 2314; baseline -0.005 -7"><span class='ocrx_word' id='word_1_435' title='bbox 899 2277 943 2307; x_wconf 84' lang='grc'><strong>29</strong></span> <span class='ocrx_word' id='word_1_436' title='bbox 968 2275 1079 2306; x_wconf 79' lang='lat' dir='ltr'><strong>Fortes</strong></span> <span class='ocrx_word' id='word_1_437' title='bbox 1093 2277 1240 2306; x_wconf 78' lang='lat' dir='ltr'><strong>creantur</strong></span> <span class='ocrx_word' id='word_1_438' title='bbox 1241 2273 1400 2314; x_wconf 76' lang='lat' dir='ltr'><strong>sortibus]</strong></span> <span class='ocrx_word' id='word_1_439' title='bbox 1421 2273 1472 2313; x_wconf 77' lang='grc' dir='ltr'><strong>Ἐξ</strong></span> <span class='ocrx_word' id='word_1_440' title='bbox 1483 2273 1561 2313; x_wconf 76' lang='grc' dir='ltr'>ἀγα-</span> 
     </span>
     <span class='ocr_line' id='line_1_58' title="bbox 856 2325 1563 2366; baseline -0.003 -9"><span class='ocrx_word' id='word_1_441' title='bbox 856 2326 916 2357; x_wconf 85' lang='grc' dir='ltr'><strong>θῶν</strong></span> <span class='ocrx_word' id='word_1_442' title='bbox 929 2325 1050 2366; x_wconf 78' lang='grc' dir='ltr'><strong>ἀγαθοί.</strong></span> <span class='ocrx_word' id='word_1_443' title='bbox 1074 2325 1221 2357; x_wconf 85' lang='lat' dir='ltr'><strong>Aristot.</strong></span> <span class='ocrx_word' id='word_1_444' title='bbox 1268 2325 1487 2356; x_wconf 87' lang='lat' dir='ltr'><strong>Contrarium</strong></span> <span class='ocrx_word' id='word_1_445' title='bbox 1511 2330 1563 2355; x_wconf 87' lang='lat' dir='ltr'><strong>ta-</strong></span> 
     </span>
     <span class='ocr_line' id='line_1_59' title="bbox 855 2375 1562 2410; baseline -0.004 -1"><span class='ocrx_word' id='word_1_446' title='bbox 855 2387 935 2410; x_wconf 88' lang='lat' dir='ltr'><strong>men</strong></span> <span class='ocrx_word' id='word_1_447' title='bbox 964 2377 1081 2409; x_wconf 87' lang='lat' dir='ltr'><strong>evenit</strong></span> <span class='ocrx_word' id='word_1_448' title='bbox 1105 2386 1170 2408; x_wconf 91' lang='lat' dir='ltr'><strong>non</strong></span> <span class='ocrx_word' id='word_1_449' title='bbox 1200 2386 1298 2408; x_wconf 83' lang='lat' dir='ltr'><strong>raro:</strong></span> <span class='ocrx_word' id='word_1_450' title='bbox 1326 2382 1455 2408; x_wconf 79' lang='lat' dir='ltr'><strong>namet</strong></span> <span class='ocrx_word' id='word_1_451' title='bbox 1476 2375 1562 2407; x_wconf 87' lang='lat' dir='ltr'><strong>‘filii</strong></span> 
     </span>
     <span class='ocr_line' id='line_1_60' title="bbox 855 2426 1563 2464; baseline -0.004 -5"><span class='ocrx_word' id='word_1_452' title='bbox 855 2428 998 2460; x_wconf 89' lang='lat' dir='ltr'><strong>heroum</strong></span> <span class='ocrx_word' id='word_1_453' title='bbox 1012 2436 1112 2459; x_wconf 82' lang='lat' dir='ltr'><strong>noxae</strong></span> <span class='ocrx_word' id='word_1_454' title='bbox 1125 2426 1135 2440; x_wconf 92' lang='lat'>’</span> <span class='ocrx_word' id='word_1_455' title='bbox 1161 2427 1343 2458; x_wconf 83' lang='lat' dir='ltr'><strong>interdum.</strong></span> <span class='ocrx_word' id='word_1_456' title='bbox 1389 2426 1446 2457; x_wconf 88' lang='lat' dir='ltr'><strong>Sic</strong></span> <span class='ocrx_word' id='word_1_457' title='bbox 1462 2426 1563 2464; x_wconf 87' lang='lat' dir='ltr'><strong>dege-</strong></span> 
     </span>
     <span class='ocr_line' id='line_1_61' title="bbox 855 2475 1562 2515; baseline -0.004 -6"><span class='ocrx_word' id='word_1_458' title='bbox 855 2487 956 2510; x_wconf 84' lang='lat' dir='ltr'><strong>neres</strong></span> <span class='ocrx_word' id='word_1_459' title='bbox 971 2478 1120 2510; x_wconf 80' lang='lat' dir='ltr'><strong>extitere</strong></span> <span class='ocrx_word' id='word_1_460' title='bbox 1143 2476 1203 2508; x_wconf 80' lang='lat' dir='ltr'><strong>fini</strong></span> <span class='ocrx_word' id='word_1_461' title='bbox 1225 2476 1391 2508; x_wconf 81' lang='lat' dir='ltr'><strong>Samuelis</strong></span> <span class='ocrx_word' id='word_1_462' title='bbox 1408 2475 1562 2515; x_wconf 86' lang='lat' dir='ltr'><strong>Prophe-</strong></span> 
     </span>
     <span class='ocr_line' id='line_1_62' title="bbox 856 2524 1563 2568; baseline -0.008 -8"><span class='ocrx_word' id='word_1_463' title='bbox 856 2533 917 2568; x_wconf 86' lang='lat' dir='ltr'><strong>tae,</strong></span> <span class='ocrx_word' id='word_1_464' title='bbox 935 2528 1138 2562; x_wconf 85' lang='lat' dir='ltr'><strong>Alcibiadis,</strong></span> <span class='ocrx_word' id='word_1_465' title='bbox 1152 2526 1320 2565; x_wconf 82' lang='lat' dir='ltr'><strong>Dionysii,</strong></span> <span class='ocrx_word' id='word_1_466' title='bbox 1333 2525 1490 2565; x_wconf 86' lang='lat' dir='ltr'><strong>Periclis,</strong></span> <span class='ocrx_word' id='word_1_467' title='bbox 1502 2524 1563 2556; x_wconf 87' lang='lat' dir='ltr'><strong>So-</strong></span> 
     </span>
     <span class='ocr_line' id='line_1_63' title="bbox 856 2574 1562 2614; baseline -0.008 -4"><span class='ocrx_word' id='word_1_468' title='bbox 856 2578 974 2614; x_wconf 84' lang='lat' dir='ltr'><strong>cratis,</strong></span> <span class='ocrx_word' id='word_1_469' title='bbox 1008 2576 1196 2611; x_wconf 85' lang='lat' dir='ltr'><strong>Ciceronis,</strong></span> <span class='ocrx_word' id='word_1_470' title='bbox 1231 2578 1296 2606; x_wconf 65' lang='grc' dir='ltr'><strong>ἃς.</strong></span> <span class='ocrx_word' id='word_1_471' title='bbox 1342 2574 1453 2605; x_wconf 88' lang='lat' dir='ltr'><strong>Porro</strong></span> <span class='ocrx_word' id='word_1_472' title='bbox 1487 2574 1562 2605; x_wconf 80' lang='lat' dir='ltr'><strong>vice</strong></span> 
     </span>
     <span class='ocr_line' id='line_1_64' title="bbox 857 2624 1560 2665; baseline -0.007 -6"><span class='ocrx_word' id='word_1_473' title='bbox 857 2637 957 2659; x_wconf 87' lang='lat' dir='ltr'><strong>versa</strong></span> <span class='ocrx_word' id='word_1_474' title='bbox 988 2636 1008 2658; x_wconf 90' lang='lat' dir='ltr'><strong>e</strong></span> <span class='ocrx_word' id='word_1_475' title='bbox 1038 2626 1135 2657; x_wconf 88' lang='lat' dir='ltr'><strong>malis</strong></span> <span class='ocrx_word' id='word_1_476' title='bbox 1158 2631 1195 2657; x_wconf 87' lang='lat' dir='ltr'><strong>et</strong></span> <span class='ocrx_word' id='word_1_477' title='bbox 1221 2624 1351 2665; x_wconf 83' lang='lat' dir='ltr'><strong>ignavis</strong></span> <span class='ocrx_word' id='word_1_478' title='bbox 1377 2624 1560 2664; x_wconf 82' lang='lat' dir='ltr'><strong>aliquando</strong></span> 
     </span>
     <span class='ocr_line' id='line_1_65' title="bbox 855 2673 1559 2714; baseline -0.006 -5"><span class='ocrx_word' id='word_1_479' title='bbox 855 2676 968 2709; x_wconf 80' lang='lat' dir='ltr'><strong>exorti</strong></span> <span class='ocrx_word' id='word_1_480' title='bbox 997 2680 1077 2707; x_wconf 85' lang='lat' dir='ltr'><strong>sunt</strong></span> <span class='ocrx_word' id='word_1_481' title='bbox 1105 2675 1182 2706; x_wconf 91' lang='lat' dir='ltr'><strong>boni</strong></span> <span class='ocrx_word' id='word_1_482' title='bbox 1206 2681 1241 2705; x_wconf 86' lang='lat' dir='ltr'><strong>et</strong></span> <span class='ocrx_word' id='word_1_483' title='bbox 1267 2673 1386 2714; x_wconf 83' lang='lat' dir='ltr'><strong>fortes,</strong></span> <span class='ocrx_word' id='word_1_484' title='bbox 1413 2674 1559 2706; x_wconf 87' lang='lat' dir='ltr'><strong>testibus</strong></span> 
     </span>
     <span class='ocr_line' id='line_1_66' title="bbox 855 2724 1569 2758; baseline -0.003 0"><span class='ocrx_word' id='word_1_485' title='bbox 855 2726 1073 2758; x_wconf 83' lang='lat' dir='ltr'><strong>historiarum</strong></span> <span class='ocrx_word' id='word_1_486' title='bbox 1101 2725 1339 2757; x_wconf 84' lang='lat' dir='ltr'><strong>monumentis.</strong></span> <span class='ocrx_word' id='word_1_487' title='bbox 1384 2724 1474 2756; x_wconf 84' lang='lat' dir='ltr'><strong>Vide</strong></span> <span class='ocrx_word' id='word_1_488' title='bbox 1492 2724 1569 2758; x_wconf 79' lang='lat' dir='ltr'><strong>Va-,</strong></span> 
     </span>
     <span class='ocr_line' id='line_1_67' title="bbox 855 2778 1298 2809; baseline -0.005 0"><span class='ocrx_word' id='word_1_489' title='bbox 855 2779 917 2809; x_wconf 87' lang='lat' dir='ltr'><strong>ler.</strong></span> <span class='ocrx_word' id='word_1_490' title='bbox 934 2778 1076 2808; x_wconf 76' lang='lat' dir='ltr'><strong>Maxim.</strong></span> <span class='ocrx_word' id='word_1_491' title='bbox 1092 2785 1149 2808; x_wconf 83' lang='grc' dir='ltr'><strong>ιιι.</strong></span> <span class='ocrx_word' id='word_1_492' title='bbox 1166 2779 1198 2807; x_wconf 87' lang='grc'><strong>4.</strong></span> <span class='ocrx_word' id='word_1_493' title='bbox 1214 2780 1249 2807; x_wconf 86' lang='lat' dir='ltr'><strong>et</strong></span> <span class='ocrx_word' id='word_1_494' title='bbox 1268 2779 1298 2807; x_wconf 85' lang='lat'><strong>5.</strong></span> 
     </span>
    </p>

    <p class='ocr_par' dir='ltr' id='par_1_15' title="bbox 899 2825 1558 2868">
     <span class='ocr_line' id='line_1_68' title="bbox 899 2825 1558 2868; baseline -0.006 -8"><span class='ocrx_word' id='word_1_495' title='bbox 899 2828 943 2860; x_wconf 79' lang='lat' dir='ltr'><strong>Et</strong></span> <span class='ocrx_word' id='word_1_496' title='bbox 959 2826 1061 2867; x_wconf 80' lang='lat' dir='ltr'><strong>bonis]</strong></span> <span class='ocrx_word' id='word_1_497' title='bbox 1095 2826 1181 2858; x_wconf 67' lang='lat' dir='ltr'><strong>Hinc</strong></span> <span class='ocrx_word' id='word_1_498' title='bbox 1197 2825 1301 2867; x_wconf 81' lang='lat' dir='ltr'><strong>aliqui</strong></span> <span class='ocrx_word' id='word_1_499' title='bbox 1314 2825 1466 2868; x_wconf 83' lang='lat' dir='ltr'><strong>jungunt</strong></span> <span class='ocrx_word' id='word_1_500' title='bbox 1482 2835 1558 2858; x_wconf 87' lang='lat' dir='ltr'><strong>cum</strong></span> 
     </span>
    </p>
   </div>
  </div>
 </body>
</html>
