1956 3236
362 286 445 328 846

827 300 869 335 Q.
902 297 1106 327 HORA‘ru
1143 296 1318 325 unaco!

362 389 524 429 Lusum
545 390 577 430 it
597 389 834 435 Maecenas,
856 386 1088 426 dormitum
1111 398 1191 437 ego
1204 385 1528 440 Virgiliusque:

346 453 565 507 ‚Namque
582 455 673 506 pila
690 452 823 503 lippis
844 451 1066 490 inimicum
1088 455 1132 492 et
1153 450 1300 492 ludere
1324 453 1482 494 crudis.

363 519 480 559 Hinc
499 532 580 559 nos
601 516 776 558 Cocceii
798 515 952 567 recipit
969 515 1230 567 plenissima
1248 517 1366 566 villa,

362 585 475 636 Quae
495 595 628 636 super
645 586 711 622 est
727 580 865 621 Caudi
886 593 1123 634 cauponas.

1182 581 1310 623 Nunc
1330 584 1433 624 mihi
1451 585 1606 637 paucis

359 746 414 774 ego
428 745 497 765 vero
516 745 552 765 ac
578 735 731 773 Virgilius
743 734 908 764 dormitum
931 734 1064 764 ivimus:
1088 743 1158 764 nam
1181 734 1253 782 pilq
1276 735 1363 766 ludus
1381 738 1425 766 eal
1449 736 1559 767 noxius
1579 736 1670 776 lippis
1689 739 1780 775 atque

357 786 390 807 cr
392 777 468 808 udis.
510 776 609 807 Istinc
622 778 662 807 ud
677 777 795 807 Cocceii
809 777 911 806 villam
922 776 1080 815 pergimus
1093 775 1342 817 copiosissimam,
1357 786 1423 817 quae
1437 778 1499 808 sita
1513 781 1559 808 est
1573 787 1666 818 supra
1679 777 1781 808 laber-

949 884 1064 896 eeeeee

1067 884 1184 898 ‘‘‘‘‘‘

356 972 435 1000 —51
463 970 563 1001 Caudi
579 970 631 1000 vel
649 971 764 1002 Caudis
778 970 874 1002 Gott.
898 970 931 1000 in
958 979 1066 1010 marg.
1090 971 1240 1001 Floreut.
1257 973 1351 1002 1482.
1380 970 1522 1002 Mediol.
1537 972 1632 1001 1486.
1653 969 1776 1001 Venet.

357 1014 448 1043 1486.
463 1017 498 1043 et
514 1012 653 1043 Locher.
691 1013 803 1043 Claudi
818 1012 917 1043 Harl.
933 1015 966 1043 2.
982 1015 1012 1043 3.
1026 1015 1059 1043 4.
1072 1015 1103 1044 7.
1126 1012 1274 1043 nonnulli
1288 1013 1442 1043 Torrent.
1458 1012 1538 1043 Vet·
1552 1011 1668 1043 Comb.
1684 1018 1718 1042 et
1736 1013 1777 1042 al.

995 1125 1140 1157 NOTAE

355 1210 477 1250 gantiae
505 1209 634 1250 pridem
663 1209 739 1240 fuit.
763 1211 773 1227 ‘
791 1209 944 1240 Alteram
974 1210 1039 1240 Ro-

354 1258 458 1290 mam’
475 1264 573 1290 vocat
587 1259 707 1290 Cicero
718 1259 867 1299 Philipp.
880 1267 946 1290 xri.
959 1258 1040 1289 alibi

354 1318 433 1339 vero
459 1314 467 1326 ¹
483 1308 647 1348 superbiae
672 1307 902 1338 domicilium!
945 1307 1039 1338 Hau-

352 1357 471 1388 nibalis
502 1358 660 1388 virtutem
687 1358 840 1396 corrupit
865 1366 904 1387 ac
934 1356 1038 1396 fregit

352 1406 409 1436 illa
429 1407 439 1423 ‘
452 1406 585 1445 pelago,
611 1406 784 1445 cultuque,
807 1414 964 1446 penuque
979 1415 1037 1444 po·

351 1454 445 1485 tens’
461 1455 595 1492 civitas,
609 1454 619 1470 ⁴
633 1453 775 1492 deliciis,
790 1453 922 1492 opibus,
935 1452 1036 1484 fama-

351 1503 457 1544 que3'
482 1509 519 1535 ut
534 1504 624 1535 canit
639 1503 819 1534 Ausonius.
863 1503 975 1534 Hodie
985 1504 1037 1544 ja-

350 1558 407 1583 cet
421 1553 455 1583 in
472 1553 655 1583 ruderibus.
698 1552 840 1586 Duobus
852 1557 964 1583 autem
977 1562 1036 1583 ex-

349 1601 427 1631 inde
443 1600 638 1631 milliaribus
656 1610 769 1631 versua
786 1601 929 1631 Boream
946 1601 1036 1631 exci-

351 1653 423 1679 tata
444 1653 496 1679 est
512 1649 628 1688 Capua
642 1657 730 1679 nova
746 1649 850 1679 veteri
866 1648 1036 1688 haudqua-

349 1706 446 1737 quam
462 1706 534 1736 par.
576 1697 632 1727 De
647 1705 687 1727 ea
697 1706 769 1735 Jam
786 1697 818 1727 in
835 1697 943 1736 Epod.
959 1705 1035 1728 xvr.

389 1748 430 1776 48
454 1746 569 1776 Lusum
596 1746 622 1776 it
653 1746 820 1784 Maecenas,
849 1747 902 1784 &c-
905 1746 919 1786 ]
961 1746 1036 1777 Pila

348 1795 530 1834 palmaria;
559 1795 655 1834 cujus
677 1795 876 1826 exercitatio
893 1794 934 1825 ad
951 1795 1036 1826 saui-

348 1848 453 1873 tatem
481 1843 569 1873 utilis
590 1843 726 1873 robusto
747 1843 880 1883 quidem
899 1848 934 1874 et
950 1844 1035 1874 bene

348 1889 472 1922 affecto
485 1902 494 1922 :
512 1895 547 1922 at
563 1891 676 1921 crudis
687 1892 786 1922 noxia
799 1895 834 1921 et
844 1889 1035 1928 κακοστομά·

347 1950 426 1978 χοις,
438 1940 544 1980 qualis
559 1939 721 1978 Virgilius
735 1950 744 1969 ε
759 1944 878 1970 contra
892 1940 1032 1970 salubris

348 1997 479 2019 somnus
495 1991 531 2018 et
547 1987 659 2027 quien
673 1987 802 2027 pariter
814 1987 1032 2027 etlippienti-

347 2037 422 2076 bus,
437 2036 545 2076 qualis
559 2035 733 2067 Horatius.
775 2035 912 2067 Scilicet
925 2029 1032 2075 agita'-

348 2085 395 2116 tio
410 2085 560 2124 corporis
575 2085 753 2115 vehemens
768 2085 836 2115 ciet
851 2085 1031 2125 irritatque

346 2134 519 2172 humeros3
537 2143 618 2174 quos
630 2133 721 2164 lente
737 2133 901 2165 duntaxat
916 2134 1031 2174 coquit

346 2184 438 2214 calor
463 2182 638 2213 natm-alis.
683 2181 782 2213 Adde
806 2183 895 2223 qnod
919 2184 1031 2214 oculo·

347 2242 418 2263 rum
435 2231 522 2263 acies
545 2240 612 2262 non
635 2241 752 2271 parum
779 2231 908 2262 laborat
923 2233 955 2262 in
971 2232 1030 2263 ob-

347 2279 511 2312 servanda
538 2279 615 2320 pila.
667 2279 801 2310 Cornel.
830 2281 918 2312 Cels.
944 2289 968 2311 1.
998 2282 1029 2310 2.

347 2329 496 2360 Galenus
511 2328 554 2359 de
563 2328 749 2368 Symptom.
766 2329 865 2359 Caus.
880 2338 929 2360 lv.
945 2333 976 2359 5.

387 2381 430 2410 49
453 2377 539 2417 Pila]
561 2377 664 2409 Quaai
688 2377 764 2417 pilis
788 2379 885 2417 plena
907 2379 954 2409 sic
975 2387 1031 2408 vo·

346 2433 454 2468 catur,
468 2437 510 2458 ex
525 2426 669 2458 Isidoro.
712 2427 782 2458 Alii
793 2437 813 2458 a
823 2427 943 2463 πιλοῦν,
958 2429 1031 2458 den-

345 2487 423 2517 sare,
450 2475 623 2507 deducunt
653 2476 823 2517 originem,
846 2476 917 2507 sive
941 2476 1029 2516 quod

346 2526 414 2566 pila
443 2525 649 2566 potissimum
674 2523 871 2555 conficiatur
897 2533 916 2555 e
939 2523 1030 2563 πίλῳ,

343 2575 377 2605 id
394 2579 457 2610 est,
470 2574 549 2605 lana
563 2577 683 2604 coacta
693 2577 727 2603 et
739 2577 924 2613 compacta.
940 2574 1030 2606 Qua·

346 2623 491 2663 druplex
504 2625 589 2653 erat.
616 2625 647 2653 1.
661 2621 880 2662 Harpastum,
896 2632 916 2653 e
937 2622 1029 2654 corio

344 2671 500 2703 confecta
524 2672 630 2702 minor
653 2672 734 2712 pila,
760 2681 857 2712 quam
880 2672 952 2702 solo
976 2680 1028 2702 re-

347 2730 537 2762 percussam
560 2721 786 2752 remittebant.
810 2723 840 2751 2.
856 2721 970 2760 Follis,
985 2730 1026 2751 ex

347 2771 458 2807 aluta3
485 2769 590 2808 major
610 2769 769 2809 brachiis,
784 2769 892 2800 minor
907 2768 1026 2808 pugnis

1092 1209 1359 1250 intorquebatur.
1405 1211 1438 1239 3.
1470 1208 1672 1248 Trigonalis,
1707 1207 1776 1239 sive

1092 1258 1224 1297 trigon:
1247 1267 1368 1289 nomen
1390 1267 1410 1288 a
1427 1257 1622 1297 triangulari
1645 1257 1712 1288 situ
1730 1257 1778 1287 iu-

1093 1308 1243 1339 dentium
1267 1313 1452 1347 ternorum,
1472 1307 1529 1349 qui
1554 1306 1618 1338 sibi
1634 1306 1778 1338 invicem

1091 1356 1140 1387 ita
1170 1357 1269 1396 pilam
1296 1355 1495 1395 reddebant,
1521 1355 1703 1396 diligenter
1724 1365 1780 1386 ca·

1091 1410 1205 1436 ventes
1219 1414 1262 1435 ne
1285 1405 1460 1436 excideret
1482 1413 1582 1435 manu
1606 1405 1674 1434 sive
1697 1403 1778 1434 ‹lex-

1093 1459 1156 1493 tra,
1174 1454 1397 1492 sive3sinistra.
1419 1455 1451 1484 4.
1468 1453 1639 1493 Paganica
1652 1463 1671 1484 a
1687 1463 1776 1493 pago

1091 1508 1126 1534 et
1145 1504 1283 1543 paganis
1299 1503 1410 1534 dicta:
1434 1502 1477 1533 ab
1491 1502 1540 1533 iiia
1556 1501 1644 1533 enim
1661 1501 1776 1541 adur-

1089 1553 1162 1583 bem
1178 1552 1283 1582 venit.
1327 1551 1454 1582 Plumis
1470 1550 1595 1582 infarta
1606 1554 1700 1588 erat;
1716 1551 1777 1581 d'u-

1090 1600 1158 1630 rior
1170 1598 1261 1638 folle,
1277 1599 1406 1630 mollior
1422 1599 1563 1638 trigone.
1606 1599 1691 1630 Quae
1708 1607 1778 1628 om-

1089 1648 1145 1678 nia
1161 1648 1247 1678 belle
1264 1651 1359 1678 notat
1372 1653 1408 1678 et
1423 1646 1584 1686 exprimit
1598 1646 1778 1685 Martialis,

1090 1705 1138 1727 iv.
1154 1699 1204 1727 19.
1221 1705 1287 1727 xn-
1303 1698 1355 1727 84.
1373 1705 1450 1727 xiv.
1463 1698 1514 1727 45.
1525 1698 1579 1728 46.
1593 1697 1646 1727 47.
1690 1695 1776 1726 Vide

1090 1743 1178 1775 infra
1194 1754 1234 1776 ιι.
1248 1745 1320 1775 Sat.
1330 1747 1360 1775 2.
1376 1747 1427 1775 11.
1443 1744 1523 1776 Not.

1131 1797 1172 1824 50
1193 1794 1282 1825 Hinc
1294 1803 1348 1824 nos
1361 1793 1490 1832 Coa-eii,
1503 1792 1574 1833 Sym]
1597 1793 1682 1824 Inde
1698 1801 1775 1833 pro-

1089 1843 1248 1873 cessimus
1263 1843 1304 1872 ad
1321 1842 1432 1872 villam
1446 1841 1581 1872 Cocceii
1593 1840 1691 1872 rebus
1706 1849 1775 1872 om·

1087 1892 1182 1922 nibus
1196 1890 1431 1922 abundantem.
1454 1890 1539 1921 Haec
1555 1890 1621 1921 sita
1636 1894 1688 1921 eet
1701 1891 1711 1906 ‘
1722 1899 1774 1920 su-

1089 1948 1149 1979 pra
1162 1948 1330 1978 cauponas
1345 1938 1493 1969 Claudii'
1507 1938 1688 1978 cujusdam.
1709 1938 1774 1968 Vel

1086 1988 1201 2028 accipe
1224 1988 1385 2029 oppidum
1409 1978 1575 2028 quoddam
1599 1987 1640 2018 ab
1662 1987 1775 2027 Appio

1086 2037 1226 2067 Claudio
1238 2037 1422 2067 conditum.
1465 2036 1587 2067 Placet
1600 2041 1712 2067 tamen
1726 2036 1775 2067 ie-

1085 2094 1164 2124 gere
1193 2085 1303 2124 potius
1333 2094 1408 2115 cum
1437 2085 1523 2123 aliis,
1553 2084 1675 2116 Caum.-
1697 2093 1773 2115 nam

1084 2134 1171 2164 inter
1197 2135 1346 2174 Capuam
1369 2138 1405 2164 et
1433 2134 1664 2164 Beneventum
1694 2137 1774 2164 sunt

1085 2181 1247 2212 Caudium
1257 2181 1538 2222 oppidum,uodie
1548 2181 1678 2221 Arpaia,
1690 2181 1770 2211 item

1084 2230 1194 2260 Valles
1209 2235 1246 2260 et
1260 2230 1379 2260 Furcae
1396 2230 1578 2268 Caudinam
1602 2230 1634 2259 in
1650 2228 1771 2269 quibus

1084 2278 1263 2317 intercepti
1281 2278 1459 2318 aliquando
1478 2277 1616 2308 Romani
1633 2276 1696 2307 sub
1713 2276 1771 2316 ju-

1084 2336 1160 2366 gum
1173 2326 1317 2366 turpiter
1327 2326 1415 2356 missi
1429 2333 1523 2356 suut:
1547 2334 1643 2365 quam
1656 2329 1769 2356 tamen

1083 2375 1294 2416 ignominiam
1311 2375 1410 2414 paulo
1433 2378 1510 2414 post
1534 2374 1626 2414 gravi
1642 2374 1768 2405 ultione

1083 2427 1245 2458 eluerunt.
1267 2425 1338 2456 Liv.
1353 2424 1409 2456 lib.
1421 2433 1473 2455 rx.

1122 2477 1164 2505 61
1189 2474 1279 2504 Nunc
1307 2473 1384 2503 mihi
1405 2472 1523 2513 paucis,
1543 2474 1613 2513 δρα]
1642 2473 1766 2505 Facete

1083 2522 1258 2554 admodum
1278 2521 1383 2552 Poeta
1406 2522 1520 2552 Musas
1536 2521 1570 2551 in
1585 2530 1620 2551 re
1636 2521 1766 2552 ludicra

1081 2573 1227 2610 invocat,
1251 2571 1351 2601 veluti
1370 2570 1455 2601 solet
1469 2569 1543 2600 fieri
1559 2570 1591 2600 in
1607 2570 1765 2610 gravibus

1081 2620 1293 2662 argumentis.
1319 2620 1560 2660 Descripturus
1572 2628 1693 2659 nempe
1705 2619 1765 2650 du-

1080 2680 1173 2702 orum
1187 2679 1373 2701 scurrarum
1391 2669 1563 2700 ridiculam
1578 2668 1764 2700 contentio-

1079 2729 1166 2758 nem,
1193 2719 1279 2749 aerio
1310 2718 1441 2749 videtur
1467 2727 1568 2758 grave
1593 2717 1761 2759 quidpiam

1081 2767 1201 2799 adoriri
1216 2778 1225 2806 ς
1241 2777 1306 2808 quo
1323 2767 1480 2807 majorem
1500 2766 1627 2798 excitet
1635 2766 1762 2806 jocum.
