1930 3242
357 294 442 335 924
819 309 863 345 Q.
895 306 1098 336 HoRA'rn
1134 305 1304 335 FnAem

360 397 447 439 Sed
466 401 605 438 tamen
624 401 672 438 ut
691 398 876 438 monitus
890 408 1066 444 caveas,
1085 408 1138 436 ne
1156 396 1262 437 forte
1283 398 1426 451 negoti
1713 402 1768 443 80

360 462 544 504 Incutiat
564 464 643 504 tibi
663 462 766 514 quid
787 464 1028 501 sanctarum
1047 460 1221 502 inscitia
1238 462 1410 515 legum3

359 529 408 569 Si
427 529 542 569 mala
561 526 792 568 condiderit
811 525 856 566 in
876 538 1002 578 quem
1021 527 1120 579 quis
1141 527 1345 578 carmina,
1360 527 1437 581 jus
1454 532 1522 568 est

359 645 437 677 nihil
450 648 483 678 in
498 649 550 678 hoc
565 651 682 678 mutare
698 657 784 686 queo.
829 648 874 679 At
897 649 1104 686 nihilominus,
1129 654 1162 680 ut
1186 651 1316 682 monitus
1342 651 1400 682 tibi
1419 652 1567 689 cornulas,
1588 659 1624 680 ne
1639 649 1773 687 fortasse

359 689 500 719 damnum
513 689 634 728 aliquod
656 689 714 719 tibi
729 689 867 727 facessat
882 690 1037 729 ignoratio
1053 694 1226 723 sanctarum
1239 694 1338 732 legum
1346 703 1357 729 ,·
1378 693 1432 724 hoc
1443 693 1518 724 scito
1529 703 1540 723 .·
1559 692 1588 722 si
1600 691 1668 732 quis
1680 691 1774 722 malm

954 783 1188 797 ΟΜΝΟΙΟΟΟΙ

360 841 487 877 videre,
512 841 582 874 sive
605 851 771 881 resecare,
797 845 930 879 auferre
944 856 1091 889 possum.
1133 849 1201 881 Sed
1227 853 1264 880 ut
1285 858 1328 880 ne
1352 848 1471 887 dicam,
1492 847 1648 889 diffindere
1673 845 1707 875 in
1734 854 1774 876 eo

361 893 633 931 sensu-nusquam
650 887 802 926 reperiri,
818 893 918 929 atque
934 890 1018 921 adeo
1034 892 1087 922 vel
1110 891 1215 930 prima
1235 890 1348 921 fronte
1362 899 1500 929 pravum
1515 893 1551 920 et
1564 888 1713 927 ineptum
1729 885 1776 916 vi-

359 924 453 963 der1;
465 925 546 973 ψιλὰ
561 931 655 958 certe
669 928 776 960 adhue
788 931 883 969 pejus
896 936 960 970 est,
971 932 1058 972 quod
1074 936 1181 964 totum
1197 933 1258 964 hoc
1270 931 1412 963 Horatio
1423 930 1563 962 tribuit:
1577 938 1652 960 eum
1663 932 1776 958 tamen

360 969 396 995 et
411 965 471 1014 boc
487 976 594 1005 ipsum
608 973 643 999 et
656 978 696 999 ea
711 979 785 1010 quse
798 978 978 1012 sequuntur
992 974 1178 1004 necessario
1192 972 1359 1014 flagitent,
1379 977 1418 1003 ut
1439 970 1590 1003 Trebatii
1606 967 1777 1009 responsio

359 1006 401 1037 ab
418 1007 474 1037 1110
491 1008 641 1048 Equidem
654 1010 838 1043 inchoetur.
862 1013 972 1045 Quam
986 1014 1029 1045 ob
1045 1024 1114 1046 rem
1130 1024 1206 1046 cum
1220 1015 1282 1046 hac
1300 1015 1353 1045 via
1364 1013 1497 1044 mininie
1513 1010 1690 1049 successit,
1706 1010 1778 1056 jorn

361 1052 493 1088 tempus
509 1054 572 1089 est,
583 1055 621 1081 ut
636 1051 731 1082 aliam
746 1052 970 1086 instituamus.
1002 1056 1048 1086 Et
1062 1055 1196 1096 quidem
1210 1055 1291 1086 illud
1304 1055 1337 1085 in
1353 1058 1486 1094 promtu
1501 1057 1566 1088 est.
1580 1051 1670 1092 quod
1684 1050 1779 1081 nobis

361 1088 507 1120 offerunt
521 1095 589 1122 tam
605 1092 767 1124 editiones
786 1099 926 1126 vetustae
945 1105 1072 1135 omnes,
1095 1106 1192 1135 quam
1215 1095 1366 1127 codicum
1387 1095 1493 1134 major
1513 1101 1590 1134 pars
1602 1103 1612 1123 ι
1632 1092 1694 1123 nisi
1706 1090 1780 1131 quia

361 1134 406 1170 η’»
421 1131 506 1178 (ζθθΐθ
523 1132 659 1171 Trebati,
672 1134 840 1167 Dissentis.
888 1137 1037 1176 Equidem
1049 1137 1128 1168 nihil
1141 1138 1211 1169 hinc
1224 1138 1382 1178 diffingere
1393 1145 1514 1176 possum
1524 1145 1536 1166 .·
1557 1133 1618 1165 Sed
1632 1136 1733 1164 tamen
1746 1133 1782 1179 'f‘

361 1175 494 1202 monitus
506 1183 622 1212 caveas,
633 1175 686 1214 ξε.
710 1176 807 1216 Hinc,
821 1177 967 1218 inquam,
978 1178 1113 1218 habent,
1122 1188 1188 1210 non
1200 1179 1260 1217 hic,
1272 1178 1405 1209 codices
1417 1176 1583 1207 meliores.
1605 1174 1704 1206 Clara
1718 1176 1784 1203 uti-

361 1222 425 1251 que
446 1215 624 1254 sententia,
642 1216 706 1246 nisi
726 1217 848 1248 nodum
874 1219 908 1249 in
933 1219 1042 1259 scirpo
1065 1229 1217 1260 quaerere
1233 1219 1392 1259 cupimus.
1431 1219 1441 1236 ⁴
1459 1215 1646 1259 Equidem:
1674 1213 1783 1254 inquit

361 1254 549 1295 Trebatius,
574 1257 584 1273 ‘
598 1257 677 1287 nihil
700 1268 741 1288 ex
767 1259 828 1297 liis,
841 1269 915 1300 quae
932 1260 1058 1299 dixisti,
1072 1259 1258 1301 diffingere,
1272 1261 1334 1292 hoc
1360 1262 1426 1299 est,
1442 1268 1584 1296 cassare,
1600 1255 1783 1303 infirmare,

362 1294 525 1343 Τῦἦῖυθῒθ,
541 1297 702 1339 refutare,
715 1301 918 1339 convellere,
932 1301 1138 1333 labefactare
1153 1312 1301 1343 possum.
1344 1300 1480 1333 Poteris
1497 1300 1601 1340 igitur
1617 1299 1651 1329 in
1666 1296 1783 1328 Satiris

362 1337 546 1369 scribendis
562 1348 704 1379 pergere
717 1351 726 1379 ;
740 1350 848 1381 neque
865 1343 987 1381 vereri,
1000 1353 1041 1375 ne
1058 1343 1091 1374 iu
1106 1352 1298 1384 magnorum
1314 1343 1494 1375 amicorum
1506 1340 1721 1373 offensionem
1734 1337 1783 1368 in-

364 1387 492 1425 curras.
536 1381 621 1410 Nam
637 1385 673 1411 et
689 1382 807 1412 Lucilii
822 1384 1012 1423 exemplum
1029 1385 1116 1415 bono
1130 1385 1240 1416 auimo
1263 1388 1298 1416 te
1323 1393 1395 1415 esse
1409 1383 1524 1424 jubet.
1565 1379 1655 1412 Illud
1671 1383 1784 1410 tamen

364 1418 453 1458 vide,
470 1423 506 1449 ut
521 1419 609 1450 intra
618 1422 672 1459 jus
688 1426 723 1452 et
737 1423 829 1462 leges
845 1423 1014 1455 licentiam
1029 1425 1212 1456 Satirarum
1227 1425 1403 1456 coerceas:
1427 1424 1456 1454 si
1472 1424 1544 1463 quis
1559 1422 1648 1452 enim
1665 1420 1783 1451 malum

365 1468 501 1490 carmen
517 1466 551 1491 et
567 1459 728 1492 famosum
743 1463 776 1492 in
792 1463 933 1504 aliquem
950 1465 1090 1504 scribat,
1107 1466 1182 1506 lege
1196 1475 1297 1506 agere
1311 1469 1427 1497 contra
1439 1473 1514 1495 eum
1530 1460 1668 1494 licebit?
1699 1460 1784 1493 Quis

366 1504 433 1531 tam
450 1510 597 1532 morosus
614 1507 650 1533 et
671 1502 828 1543 difficilis,
850 1509 888 1536 ut
912 1505 983 1537 haec
1003 1515 1143 1546 carpere
1163 1507 1308 1538 audeat?
1350 1507 1360 1526 ‘
1373 1503 1576 1545 Diffingere'
1597 1507 1632 1535 et
1649 1501 1795 1533 verbum*

364 1541 586 1573 Horatianum
602 1548 666 1581 est,
681 1549 715 1575 et
728 1546 904 1577 sententiae
920 1546 996 1578 huic
1012 1548 1230 1587 aptissimum.
1257 1547 1302 1578 cf.
1317 1556 1373 1579 ιιι.
1389 1547 1456 1578 Od.
1476 1549 1528 1577 29.
1542 1547 1596 1576 16.
1619 1543 1676 1574 ubi
1702 1543 1712 1560 ⁴
1723 1540 1788 1573 dif-

365 1581 494 1620 finget,·
515 1584 615 1623 plane
640 1589 679 1615 ut
701 1585 768 1622 hic,
792 1590 846 1617 est
873 1587 1062 1628 ‘cassabit‚'
1093 1589 1103 1606 ‘
1117 1588 1363 1628 labefactabit,'
1384 1593 1419 1619 et
1446 1587 1480 1618 in
1501 1595 1526 1618 1.
1549 1586 1622 1617 Sat.
1649 1586 1699 1615 10.
1722 1581 1787 1614 3⁷!

366 1623 474 1670 Benil.
517 1625 527 1641 ‘
542 1624 702 1655 Nonnulli
718 1626 860 1657 Codices
883 1629 1027 1667 pessime
1051 1629 1202 1666 legerunt
1217 1630 1386 1670 diffingere.
1429 1629 1557 1659 Notum
1579 1630 1629 1656 est
1647 1623 1727 1664 quid
1743 1623 1788 1655 sit

365 1665 374 1680 ‘
388 1663 486 1694 D¹0m
501 1663 674 1696 diffindere
687 1665 695 1679 ’
718 1667 806 1706 apud
829 1667 852 1700 J
857 1669 921 1698 uris
945 1670 1127 1705 consultos.
1170 1669 1346 1710 Significat
1362 1678 1397 1700 se
1414 1677 1512 1709 posse
1534 1671 1639 1698 totam
1656 1673 1788 1696 causam

366 1714 433 1735 una
443 1707 634 1742 cognitione
649 1706 834 1744 absolvere,
847 1714 883 1739 et
897 1711 1114 1750 pronuntiare
1131 1710 1173 1742 ad
1189 1718 1336 1742 mentem
1351 1710 1494 1742 Horatii.
1536 1705 1789 1740 Eruditissimus

368 1746 542 1777 Bentleius
566 1748 710 1788 plurima
724 1748 777 1780 bic
794 1750 917 1789 promit
932 1750 974 1781 de
999 1752 1101 1783 verbo
1125 1753 1294 1800 diffindere,
1317 1751 1446 1782 frustra
1467 1755 1503 1782 et
1524 1748 1702 1784 inutiliter,
1725 1745 1789 1776 nisi

368 1787 457 1827 quod
471 1788 659 1826 πολυμαθίαν
673 1799 763 1820 suam
778 1791 952 1823 ostentet?
974 1793 1075 1824 Baxt.
1118 1793 1164 1824 Da
1197 1802 1291 1832 ngere
1306 1794 1407 1824 etiam
1433 1792 1511 1823 mihi
1532 1789 1718 1829 improvide
1738 1796 1789 1817 as-

369 1833 514 1860 sumtum
529 1829 706 1861 videbatur
720 1841 761 1861 ex
776 1840 832 1862 111.
847 1832 914 1864 Od.
928 1835 980 1864 29.
993 1836 1046 1865 47.
1091 1833 1151 1865 Ait
1200 1834 1359 1873 rebatius,
1387 1843 1458 1864 rem
1485 1833 1533 1864 ita
1557 1829 1731 1871 liquidam.
1752 1832 1790 1858 ut

370 1869 460 1899 nullo
483 1870 582 1901 modo
603 1870 766 1912 defugere
792 1873 908 1912 possit.
931 1874 1010 1914 quin
1037 1875 1235 1913 pronuntiet
1258 1877 1291 1906 in
1314 1873 1514 1905 sententiam
1530 1870 1676 1902 Horatii.
1719 1868 1789 1900 Sed

369 1918 445 1940 eum
468 1911 572 1950 major
592 1912 752 1943 librorum
778 1923 855 1952 pars
876 1914 998 1945 habeat
1012 1915 1082 1946 hinc
1095 1916 1255 1956 diffingere
1271 1915 1322 1946 vel
1338 1915 1503 1956 defingere,
1526 1913 1791 1952 interpretemur

371 1959 446 1981 cum
457 1951 569 1983 Schol.
585 1958 723 1992 mutare,
737 1953 941 1986 emendare!
955 1955 1048 1987 Gesn.
1093 1956 1159 1986 Pro
1174 1956 1224 1986 hic
1237 1956 1394 1997 diffindere
1409 1965 1450 1985 ex
1463 1953 1538 1986 cod.
1553 1951 1690 1992 Cruquii
1703 1951 1791 1982 Ton-

371 2000 462 2031 sauo,
476 2002 575 2032 quem
597 1993 713 2024 laudat
728 1995 914 2034 Bentleius,
936 2005 1010 2027 cum
1033 1996 1221 2027 Wielandio
1237 1997 1372 2037 reposui
1393 1997 1464 2027 hine
1487 1994 1675 2033 effringere,
1698 1997 1734 2022 Ut
1749 1991 1792 2022 δᾶ

371 2033 522 2072 proxime
537 2035 773 2066 antecedentia
790 2035 969 2072 referatur,
984 2041 1018 2068 et
1028 2047 1146 2068 sensus
1158 2036 1321 2068 efficiatur
1336 2037 1402 2076 hic,
1417 2037 1601 2075 interprete
1616 2032 1772 2066 Bentleio
1785 2042 1794 2064 ε

371 2077 380 2091 ‘
395 2074 441 2104 Es
467 2084 547 2106 vero
571 2076 708 2114 solidus,
722 2081 758 2107 et
782 2077 916 2116 tirmior,
957 2087 1032 2109 uam
1055 2082 1094 2109 ut
1119 2079 1254 2109 dentem
1282 2079 1344 2110 tibi
1367 2078 1558 2118 imprimere
1583 2076 1655 2117 quis
1677 2074 1795 2114 possit.

374 2115 540 2153 Equidem
570 2117 650 2147 nihil
675 2117 751 2148 liinc
775 2127 906 2158 possum
933 2087 1151 2159 defringere?
1171 2119 1271 2151 Zenn.
1324 2119 1515 2150 Bentleium
1541 2116 1648 2148 secuti
1672 2114 1794 2146 Sanad.

373 2156 522 2197 Francis,
537 2158 675 2189 Wetzel.
691 2158 826 2190 Wakef.
841 2165 876 2190 et
887 2160 993 2191 Kidd.
1025 2161 1105 2191 nihil
1123 2161 1172 2191 hic
1192 2162 1353 2202 diffingere
1376 2158 1640 2191 Heindorf.-so
1662 2157 1724 2187 Sed
1745 2160 1794 2186 ta-

372 2207 441 2229 men
455 2198 488 2228 id
503 2199 632 2230 monitus
645 2209 751 2230 caveas
766 2200 871 2231 codex
886 2202 1031 2233 Tonsan.
1047 2211 1102 2240 ap.
1118 2202 1314 2241 Cruquium,
1337 2202 1423 2240 quod
1449 2202 1506 2232 ille
1532 2209 1596 2230 non
1621 2197 1794 2238 probat.—

375 2241 417 2270 82
439 2239 577 2271 Mediol.
596 2243 689 2272 1477.
703 2241 885 2273 condideris.
930 2243 1044 2274 Zarot.
1059 2243 1197 2274 Mediol.
1214 2245 1306 2273 1477.
1327 2243 1467 2273 Venett.
1485 2243 1579 2272 1477.
1594 2241 1686 2271 1478.
1702 2238 1795 2268 14⁷9.

1019 2324 1158 2357 NOTAE

376 2391 454 2414 men
468 2391 550 2413 cave
566 2386 601 2414 te
621 2383 747 2424 legibus
762 2384 952 2416 obnoxium.
981 2386 1059 2424 Dif-
1109 2383 1308 2419 fissionibus,
1327 2379 1744 2422 comperendinationibus‚
1760 2384 1797 2411 et

367 2431 505 2471 findere]
528 2431 678 2463 Verbum
694 2433 782 2473 juris
806 2438 913 2474 vetus,
935 2434 1059 2474 signifi·
1111 2434 1183 2465 aliis
1199 2432 1391 2474 quibusdam
1405 2429 1587 2470 legitimis‚'
1603 2431 1666 2460 διο.

376 2492 455 2514 cans
490 2487 632 2523 mutare,
660 2484 868 2522 rescindere.
901 2485 1061 2525 differre3
1154 2485 1195 2514 82
1217 2481 1255 2513 Si
1274 2481 1355 2512 mala
1373 2478 1545 2511 condiderit
1565 2479 1600 2509 in
1613 2487 1712 2518 quem,
1727 2475 1795 2517 asa]

375 2531 536 2563 Trebatio
550 2531 795 2564 Jurisconsulto
810 2534 907 2565 valde
927 2534 1061 2575 apposi-
1113 2531 1202 2563 Vide
1217 2531 1338 2562 Annot.
1352 2528 1386 2560 in
1402 2527 1512 2567 Epist.
1527 2526 1569 2558 ad
1587 2525 1732 2566 August.
1747 2534 1798 2556 vs.

378 2585 449 2611 tum
461 2585 497 2612 et
511 2581 818 2614 accommodatum:
834 2582 921 2624 quod
937 2583 1063 2614 nonita
1115 2582 1187 2613 152.
1208 2579 1265 2611 nbi
1280 2580 1329 2610 sic
1344 2578 1507 2609 habetur:
1533 2576 1543 2594 ⁴
1561 2576 1735 2616 Poenaque
1752 2575 1799 2606 la·

380 2634 579 2668 congrueret
600 2630 744 2662 Horatio
759 2631 840 2662 licet
856 2632 1000 2672 satyrice
1014 2632 1064 2663 lo-
1114 2634 1161 2670 ta,
1188 2629 1275 2661 malo
1296 2637 1371 2669 quae
1394 2626 1501 2658 nollet
1523 2624 1672 2656 carmine
1695 2631 1798 2664 quen·

380 2679 519 2717 quenti:
542 2679 630 2720 quod
646 2679 760 2710 volunt
774 2680 919 2720 quidam.
961 2681 1062 2711 Suum
1114 2687 1212 2720 quam
1226 2675 1409 2708 Describi:
1735 2703 1739 2708 .
1788 2676 1794 2683 ”

381 2731 492 2756 tamen
507 2727 550 2757 sit
565 2727 684 2768 cuique
702 2728 876 2759 arbitrium
898 2733 997 2770 atque
1007 2729 1062 2768 jn·
1153 2728 1214 2758 Jus
1226 2730 1273 2757 est
1282 2722 1512 2763 Judiciumque]
1521 2722 1632 2752 Datur
1641 2719 1730 2751 nouo
1742 2718 1800 2750 ad·

381 2774 517 2807 dicium.
538 2775 628 2807 Geli.
645 2779 765 2808 xiv.2.
787 2778 796 2795 ‘
814 2777 855 2808 In
876 2786 985 2808 rerum
1000 2775 1061 2808 dif-
1114 2785 1229 2808 versus
1257 2784 1332 2807 eum
1354 2774 1412 2815 qui
1441 2771 1573 2804 libellos
1601 2769 1741 2801 famosos
1764 2767 1798 2798 in
