1904 3256
356 293 399 330 Q.
432 290 638 321 HORATH
675 290 847 320 FLAcct
882 289 1087 320 GARMEN
1123 288 1416 320 sAEcULARE.

1531 277 1614 320 741

203 386 295 416 tione
311 390 389 416 aute
406 385 512 417 citata
527 385 702 425 explicare
714 385 788 426 ipse
803 393 939 426 quoque
952 388 1095 416 conatus
1105 393 1190 415 sum.
1225 382 1315 415 Illud
1329 382 1484 414 addimus
1496 391 1615 414 unum:

204 439 345 470 alternis
362 439 527 471 cecinisse
544 447 669 479 pueros
685 448 726 470 ac
742 438 887 479 puellas,
901 437 1073 470 interdum
1090 446 1171 469 vero
1190 437 1346 478 junxisse
1363 445 1478 476 voces,
1495 435 1619 476 proba-

205 491 273 522 bile
285 490 371 522 facit
386 491 459 531 ipsa
474 490 560 522 ratio
578 490 748 522 Carminis
763 501 771 520 ι
788 490 870 532 quid
885 494 998 522 autem
1015 490 1199 531 unicuique
1211 490 1422 522 bemiehorio
1437 493 1498 520 aut
1513 487 1618 519 choro

205 543 268 574 toti
285 543 330 575 sit
345 543 574 582 tribuendum,
590 543 857 585 uniuscujusque
879 544 1022 576 lectoris
1046 543 1183 584 ingenio
1207 543 1422 584 permittere,
1444 552 1520 575 cum
1542 540 1621 573 libri

206 599 358 634 taceant,
374 595 552 626 malumus.
578 594 694 636 Gesn.)

391 681 579 722 Pnoeus
602 682 920 738 sylvarumque
941 688 1099 736 potens
1123 682 1288 731 Diana,
1339 689 1348 697 ‘

206 805 238 835 0
251 803 365 845 Apollo
385 808 415 836 et
441 804 548 844 Diana
561 805 718 846 spirarum
731 804 868 844 domina,
891 803 1015 835 illustre
1029 804 1097 835 coeli
1109 807 1318 835 ornamentum
1331 814 1343 840 ;
1365 813 1383 834 o
1396 811 1516 843 semper
1529 802 1622 834 hono-

774 896 1014 911 600900010000

207 965 333 996 Drama
349 965 521 996 Sanadoui
534 964 667 1005 recepit
683 965 840 1004 Francis,
853 965 940 1006 (vid.
959 963 1117 1005 Argum.)
1132 964 1197 995 alio
1219 968 1332 995 tamen
1358 961 1495 994 ordine:
1522 960 1625 992 Poeta

161 1008 203 1038 ad
219 1007 382 1048 Populum,
397 1016 453 1038 ur.
469 1007 538 1039 Od.
558 1011 587 1039 l.
604 1009 678 1039 1-4.
714 1008 766 1039 Aa
781 1008 903 1040 Pueros
917 1019 954 1039 ac
970 1009 1110 1043 Puellas,
1127 1016 1175 1038 tv.
1192 1006 1261 1038 Od.
1274 1009 1307 1037 6.
1323 1007 1442 1038 29-44.
1487 1005 1626 1035 Concen·

162 1052 215 1081 tn
225 1049 364 1090 pn‘mu:
381 1050 530 1092 Hymnus
543 1052 585 1082 od
597 1050 787 1091 Apollinem,
801 1060 852 1082 lv.
868 1050 937 1083 Od.
952 1054 984 1082 6.
1002 1053 1097 1082 1-28.
1146 1051 1322 1081 concentus
1335 1048 1498 1087 secundus,
1513 1055 1539 1078 1.
1555 1046 1624 1078 Od.

824 1157 966 1189 NOTAE

211 1230 344 1261 Carmen
368 1229 539 1270 Seculare]
565 1232 616 1261 Ex
645 1231 715 1263 Jul.
740 1230 868 1272 Scalig-

164 1279 224 1311 lib.
246 1279 349 1312 Poet.
365 1289 415 1312 vr.
454 1281 591 1312 Horatii
614 1282 623 1298 ‘
638 1281 783 1313 Carmen
798 1282 868 1312 Sae-

165 1330 281 1361 calare
302 1330 455 1370 doctum,
478 1332 628 1372 plenum,
653 1337 794 1372 tersum,
818 1333 868 1363 la-

167 1378 337 1417 boratum,
357 1377 463 1409 felix)
508 1379 610 1410 Anno
627 1380 669 1411 ab
685 1381 770 1411 urbe
785 1390 867 1411 con·

163 1427 239 1459 dita
258 1430 339 1460 736.
359 1429 495 1469 quintos
519 1428 696 1469 Augustus
719 1431 867 1461 Saecula-

163 1487 220 1510 res
235 1478 350 1510 Ludos
366 1478 613 1519 celebraturus,
626 1479 772 1511 Carmen
787 1480 867 1511 boc·

163 1537 205 1560 ce
242 1528 277 1560 in
307 1529 348 1560 iis
375 1537 420 1560 ex
457 1539 550 1561 ruore
587 1530 792 1569 canendum,
822 1531 866 1563 ab

161 1577 308 1610 Horatio
322 1578 427 1610 scribi
439 1579 556 1620 jussit.
602 1581 770 1612 Horatius
788 1582 868 1614 huic

161 1638 300 1670 operatu
323 1629 441 1661 sedulo
465 1630 647 1670 impendit,
672 1631 774 1662 immo
798 1636 868 1663 tam

162 1679 323 1720 feliciter,
341 1681 393 1713 vel
419 1691 480 1712 suo
495 1682 602 1722 ipsius
613 1682 760 1723 judicio,
775 1688 815 1715 ut
831 1688 867 1715 et

161 1730 226 1762 sibi
257 1731 481 1772 npplaudere,
511 1737 546 1763 et
586 1733 708 1763 choros
737 1733 868 1765 nobiles

163 1780 249 1814 iuud
287 1780 532 1814 decantaturus
556 1782 599 1813 ad
626 1784 867 1824 exequendum

163 1831 349 1874 diligenter
357 1841 489 1864 sacrum
503 1842 623 1864 munus
636 1838 738 1865 antea
749 1835 869 1866 exhor-

165 1882 232 1914 tari
244 1891 314 1914 uon
329 1883 459 1914 veritus
468 1882 524 1914 sit.
549 1882 691 1924 Duplici
705 1882 784 1915 Ode
795 1884 870 1915 haec

166 1937 321 1973 prestat,
328 1932 485 1964 nimirum
494 1933 660 1974 vigesima
669 1934 777 1974 prima
789 1934 869 1965 libri

169 1982 280 2023 pti-ii,
290 1987 331 2015 et
338 1988 438 2014 sexta
450 1983 649 2025 libriquarti
661 1994 670 2022 ;
684 1993 786 2025 quam>
796 1985 868 2015 vul-

169 2041 235 2072 gus
255 2039 435 2074 utramque.
457 2034 634 2065 Saeculare
651 2034 796 2066 Carmen
819 2036 868 2066 ni-

169 2080 351 2112 bilominus
361 2082 426 2113 buc
442 2092 548 2123 usque
564 2084 788 2124 nuncupavit,
811 2084 872 2116 sed

171 2139 367 2171 perperam.
400 2131 486 2162 Nam
498 2132 530 2162 iu
543 2132 647 2171 priori
662 2138 775 2165 monet
787 2133 873 2165 dun·

171 2185 270 2212 taxat
286 2190 410 2221 pueros
439 2191 478 2213 ac
506 2182 665 2223 virgines,
680 2188 718 2214 ut
736 2183 801 2215 rite
819 2194 873 2215 ca-

170 2235 254 2262 nant
270 2229 440 2272 Apollinis
465 2241 505 2262 ac
529 2232 650 2263 Dianae
673 2233 810 2265 laudes:
828 2235 869 2265 'in

170 2282 354 2322 posteriori
376 2276 458 2314 vero
480 2283 523 2314 de
540 2292 576 2314 se
593 2283 680 2324 ipse,
695 2289 730 2315 et
746 2286 872 2324 magni-

169 2332 235 2365 tice
264 2333 417 2374 quidem,
439 2333 591 2375 loquitur
614 2334 738 2367 Poeta.
782 2337 870 2368 Quae

170 2382 271 2423 plane
293 2392 370 2414 esse
396 2389 515 2416 contra
539 2385 707 2416 rationem
730 2386 871 2427 Hymni,

170 2433 206 2464 in
221 2443 288 2476 quo
301 2434 435 2466 laudari
445 2439 579 2466 tantum
591 2436 684 2467 Deos
699 2439 803 2478 atque
819 2438 870 2468 in-

171 2485 287 2518 vocari
298 2485 417 2526 decet,
432 2494 532 2517 nemo
545 2486 731 2526 negaverit.

213 2533 321 2566 Porro
333 2545 407 2576 quo
423 2535 465 2567 ad
482 2536 594 2567 Ludos
609 2536 802 2568 Saeculares
818 2541 868 2568 at-

174 2582 297 2623 tine-e,
312 2585 458 2625 ,micula
474 2586 595 2618 saltem
619 2586 675 2617 hic
695 2586 868 2617 ascribere

174 2641 241 2663 non
270 2634 410 2674 pigebit.
455 2635 500 2667 Hi
520 2636 711 2670 centesimo
735 2635 870 2667 decimo

174 2690 310 2723 quoquo
347 2691 439 2715 anno
471 2685 591 2726 peregi
636 2685 804 2724 solebant,
834 2686 869 2717 in

176 2733 307 2773 Campo
332 2733 472 2774 Martio,
495 2745 558 2776 per
577 2741 649 2768 tres
672 2737 746 2768 dies
762 2736 872 2768 conti-

175 2792 260 2815 nuos
285 2787 386 2824 atque
413 2788 545 2816 noctes.
587 2785 704 2818 Primo
734 2787 872 2828 quidem

175 2834 344 2875 Princeps
366 2831 516 2866 civitatis
536 2834 570 2866 in
591 2834 798 2877 Capitolium
822 2846 873 2869 as-

923 1231 1094 1262 cendebat
1119 1240 1196 1262 cum
1226 1228 1418 1271 quindecim
1443 1228 1522 1259 viris
1545 1228 1626 1259 ista-

923 1291 996 1313 rum
1025 1281 1295 1313 caerimoniarum
1333 1278 1626 1321 procuratoribus,

923 1331 1038 1372 ibique
1054 1340 1152 1362 sacra
1179 1329 1320 1362 fiebant.
1364 1330 1449 1360 Tum
1471 1329 1504 1359 in
1519 1328 1628 1359 Thea-

923 1381 986 1411 tris
1003 1380 1160 1411 omnibus
1175 1379 1366 1410 edebantur
1384 1378 1483 1409 Ludi.
1523 1378 1629 1408 Dein·

922 1429 965 1460 de
1002 1429 1130 1461 Jnnoni
1169 1427 1412 1468 supplicabant
1447 1431 1627 1458 matronae.

922 1480 1102 1511 Postremo
1117 1479 1149 1510 in
1167 1479 1241 1510 vde
1259 1478 1420 1509 Palatina
1436 1482 1488 1509 ter
1503 1487 1625 1508 novem

922 1531 1019 1571 pueri
1042 1529 1255 1570 nobilissimi,
1286 1528 1501 1569 totidemque
1528 1527 1628 1568 virgi-

922 1592 983 1614 nes
996 1581 1174 1620 Patriciae,
1189 1581 1222 1612 iu
1238 1585 1354 1612 ternos
1367 1581 1538 1621 utrimque
1550 1580 1628 1611 clio-

922 1641 975 1663 ros
1011 1631 1125 1666 divisi,
1156 1630 1284 1661 Graeca
1318 1629 1507 1669 Latinaque
1540 1637 1627 1660 voce

922 1679 1076 1721 Apollini
1096 1679 1285 1719 Dianaeque
1301 1678 1477 1718 Hymnum
1503 1677 1630 1708 decan·

923 1730 1164 1771 tabant,quem
1177 1733 1344 1760 vocarunt
1358 1728 1533 1759 saeculare
1547 1729 1630 1759 Car-

922 1790 1012 1819 men,
1027 1780 1060 1811 in
1078 1788 1144 1820 quo
1161 1778 1252 1809 mala
1274 1787 1419 1819 quaeque
1435 1777 1630 1818 deprecari,

924 1831 1021 1871 bona,
1045 1830 1235 1870 deposcere
1270 1828 1373 1859 moris
1409 1833 1496 1859 erat.
1542 1829 1629 1861 Ωιι-«ιε

923 1880 1059 1922 quidem
1076 1879 1188 1911 onmia
1203 1879 1232 1910 si
1247 1878 1526 1917 observarentur,
1537 1879 1629 1910 inco·

923 1931 1113 1963 inunitatem
1137 1929 1289 1969 Imperio
1310 1934 1347 1960 et
1363 1929 1629 1969 prosperitatem

923 1987 1086 2013 aeternam
1097 1979 1230 2019 Sibylla
1243 1979 1311 2010 suis
1323 1978 1537 2010 Carminibus
1553 1987 1629 2019 spo-

924 2031 1106 2072 ponderat.
1154 2029 1378 2069 Quapropter
1400 2029 1629 2060 curandorum

924 2082 1068 2113 istorum
1093 2088 1199 2111 causa
1231 2078 1410 2109 Duumviri
1437 2079 1583 2119 primum
1610 2088 1630 2109 a

923 2131 1109 2173 Tarquinio
1134 2129 1304 2170 Superbo,
1335 2136 1456 2170 postea
1481 2130 1630 2160 Decem-

925 2183 1000 2222 viri,
1016 2183 1152 2213 demum
1165 2180 1260 2221 Sylla
1279 2180 1460 2211 Dictatore
1477 2179 1631 2213 Quinde-

924 2233 1058 2269 cirnviri
1073 2231 1182 2264 creati
1199 2235 1287 2263 sunt.
1313 2231 1427 2262 Ludos
1442 2231 1631 2262 Saeculares

922 2284 1099 2316 institutos
1116 2292 1138 2314 a
1154 2282 1269 2313 Numa
1283 2281 1457 2322 Pompilio
1470 2281 1529 2312 alii
1547 2281 1629 2312 scri·

924 2335 1023 2370 bunt,
1052 2334 1109 2366 alii
1138 2343 1158 2364 a
1182 2333 1324 2365 Valerio
1350 2333 1542 2374 Poplicola,
1574 2332 1631 2364 alii

925 2386 1038 2417 verius
1051 2386 1152 2425 louge
1167 2388 1247 2425 post
1260 2387 1401 2415 exactos
1417 2392 1526 2423 reges,
1559 2383 1629 2413 Ne·

924 2445 998 2477 que,
1018 2435 1205 2476 scriptores
1235 2434 1457 2465 consentiunt
1478 2431 1522 2463 de
1543 2437 1629 2463 teru-

925 2495 1011 2527 pore
1046 2495 1114 2527 quo
1143 2483 1313 2516 celebrati
1344 2480 1495 2512 fuerunt.
1541 2482 1628 2514 Sunt

924 2535 1014 2566 enim
1046 2534 1104 2575 qui
1137 2532 1244 2563 velint
1282 2535 1357 2570 post
1394 2534 1532 2562 eentum
1569 2541 1627 2563 an·

924 2594 1007 2616 uos:
1025 2583 1080 2615 alii
1092 2583 1311 2623 postceutum
1324 2588 1363 2610 ac
1380 2578 1511 2611 decem.
1540 2581 1629 2612 Con.

924 2638 996 2666 stat
1023 2632 1249 2672 anticipatum
1274 2629 1456 2670 aliquando
1482 2634 1628 2672 tempus.

924 2685 1036 2716 Tacit.
1067 2682 1191 2714 Annal.
1213 2690 1265 2712 xr.
1302 2679 1452 2715 ‘Iisdem
1475 2681 1630 2714 Consuli-

927 2735 989 2767 bus
1025 2733 1113 2766 Ludi
1149 2731 1343 2763 Saeculares
1385 2731 1631 2773 octingentesi-

928 2796 983 2819 mo
1023 2788 1101 2826 post
1138 2783 1279 2814 Romam
1315 2782 1488 2814 conditam
1531 2793 1630 2823 auno,

929 2840 1051 2879 quarto
1068 2839 1103 2866 et
1116 2831 1329 2873 sexagesimo
1342 2841 1443 2874 quam
1456 2831 1630 2874 Augustus
