1904 3256
340 281 423 321 678
811 296 854 332 Q.
884 293 1088 324 HORATH
1122 291 1292 321 FhAcci

566 383 710 434 Quam
729 396 811 424 non
831 395 975 423 amore
995 383 1058 422 sic
1077 394 1176 422 meo
1195 382 1362 435 flagres,
1380 384 1442 424 nti

618 449 818 489 Bitumcn
839 447 943 487 atris
963 446 1147 499 ignibus.

562 515 653 554 Sub
674 514 767 553 haec
790 525 911 565 puer,
926 511 1019 564 jam
1039 525 1137 562 non,
1156 515 1202 553 ut
1221 515 1332 560 ante,
1351 514 1556 555 mollibus

622 578 773 618 Lenire
794 578 937 618 verbis
958 578 1142 630 impias3

563 643 649 684 Sed
667 643 823 684 dubius
841 643 954 684 unde
972 645 1187 696 rumperet
1206 643 1441 693 silentium,

620 709 748 750 Misit
766 709 1009 762 Thyesteas
1028 721 1191 762 preces.

566 773 748 814 Venena
765 788 966 827 magnum
984 775 1052 815 fas
1072 775 1308 828 nefasque3
1337 787 1424 815 uon
1442 775 1588 815 valent

621 839 882 881 Convertere
901 841 1131 882 humanam
1154 841 1303 882 vicem.

345 965 445 987 amore
470 966 546 991 meo,
570 955 663 986 sicuti
683 955 814 986 bitumen
837 955 938 995 nigris
959 954 1091 994 ignibus.
1135 956 1212 986 Post
1232 957 1296 987 haec
1314 965 1391 995 puer
1405 964 1601 995 nequaquam,
1613 957 1648 984 ut
1667 952 1765 992 priua,

346 997 559 1028 blandimentis
579 997 694 1026 mollire
713 999 874 1028 sceleratas
898 998 1038 1028 mulieres
1064 1000 1174 1036 tentat,
1197 999 1251 1028 aed
1270 1007 1378 1037 anceps
1399 998 1472 1036 quid
1491 997 1625 1036 primum
1638 995 1764 1031 diceret,

346 1040 445 1070 emisit
459 1038 663 1070 execrationes
680 1038 829 1078 Thyestis.
875 1039 1039 1079 Veneficio,
1054 1038 1168 1078 inquit,
1181 1048 1326 1078 magnum
1338 1039 1395 1076 sas
1414 1048 1450 1068 ac
1471 1038 1557 1076 nefas
1576 1036 1763 1074 confundant

346 1080 429 1119 licet,
454 1084 488 1111 at
511 1083 659 1120 nequeunt
681 1079 842 1110 immutare
864 1083 977 1111 sortem
999 1080 1183 1111 mortalium.
1237 1080 1410 1119 Persequar
1435 1089 1488 1110 vos
1512 1076 1766 1110 execrationibus.

926 1171 965 1182 οπο
969 1170 1164 1183 aemooeo

350 1235 486 1271 Irrisor,
502 1235 558 1276 qui
575 1234 790 1266 Bentleiauas
813 1235 922 1267 Notas
945 1235 1086 1276 Anglice
1108 1234 1267 1274 reddidit,
1290 1235 1396 1266 Lond.
1411 1236 1587 1266 luz-81
1611 1233 1768 1264 Glarean.

350 1277 463 1307 Bentl.
487 1277 608 1308 Sanad.
634 1277 781 1308 Bentleii
803 1277 937 1316 Irrisor,
954 1278 1101 1315 Towers,
1122 1277 1272 1317 Francis,
1287 1275 1421 1308 Wakef.
1438 1281 1472 1307 et
1487 1275 1591 1307 Kidd.
1611 1284 1712 1305 umore
1724 1274 1771 1305 nic

349 1319 420 1349 mei.
461 1319 470 1335 ⁴
483 1318 581 1350 Hanc
597 1319 777 1349 lectionem
793 1328 835 1349 ex
850 1319 1127 1358 interpretatione
1149 1323 1254 1348 ortam
1272 1318 1376 1357 puto.'
1397 1318 1580 1348 Zerna—87
1601 1317 1610 1332 ‘
1623 1316 1770 1347 Durinsi-

350 1369 423 1389 runs
438 1359 543 1398 locus,
560 1369 680 1399 neque,
697 1369 906 1399 quocumque
921 1359 1021 1390 modo
1036 1364 1146 1390 vertas
1166 1363 1202 1389 et
1216 1359 1378 1398 excutias,
1402 1358 1602 1389 sententiam
1629 1366 1772 1387 commo-

351 1401 425 1430 dam
441 1400 606 1440 praebens.
649 1401 725 1430 Scio
740 1401 905 1438 equidem,
920 1405 956 1430 ut
971 1401 1084 1431 conati
1099 1400 1166 1430 siut
1178 1401 1348 1439 explicare
1365 1405 1496 1430 veteres
1509 1398 1650 1438 novique
1660 1398 1769 1429 Inter·

351 1446 486 1481 pretes3
508 1441 582 1479 sed,
598 1441 704 1481 siquid
723 1441 831 1480 video,
847 1442 985 1472 laterem
1002 1442 1164 1472 laverunt.
1210 1442 1328 1481 Neque
1354 1441 1479 1471 rectius
1502 1439 1679 1480 Rutgersio
1695 1448 1770 1479 pro-

352 1483 466 1518 cessit,
482 1483 538 1523 qui
556 1483 604 1513 sic
621 1483 829 1521 corrigebam
860 1482 1154 1521 Venenmmagiwm
1171 1482 1227 1520 sas
1239 1481 1393 1521 nefasque,
1407 1492 1466 1512 non
1480 1483 1583 1512 valent
1593 1491 1605 1517 ;
1627 1481 1690 1511 hoc
1705 1485 1770 1520 est,

352 1524 413 1561 ait,
435 1526 444 1541 ‘
460 1525 612 1562 Venena,
627 1533 700 1563 quae
716 1529 821 1554 totum
837 1533 1006 1564 magorum
1022 1523 1087 1564 fas,
1102 1529 1137 1554 et
1153 1523 1248 1554 nefas
1263 1522 1365 1554 sunt!
1398 1523 1488 1554 Nihil
1505 1523 1574 1554 vidi
1587 1521 1770 1552 infelicius:

353 1575 461 1605 neque
483 1566 572 1595 enirn
596 1566 700 1596 verba
725 1574 800 1595 eum
826 1574 971 1604 aeneum,
991 1575 1087 1604 quern
1111 1565 1271 1604 concipit,
1294 1564 1497 1595 admittunt:
1521 1573 1629 1604 neque
1655 1573 1771 1594 sensus

352 1607 424 1646 ipse
441 1606 538 1636 ullam
554 1606 607 1636 hic
622 1615 778 1636 venerem
801 1611 860 1637 aut
881 1606 1080 1646 elegantiam
1104 1606 1216 1636 habet.
1259 1606 1369 1636 Multa
1384 1605 1517 1645 quidem
1538 1605 1610 1645 ipae
1633 1605 1772 1644 nequic-

354 1657 453 1688 quam
470 1647 612 1684 tentavi,
628 1656 703 1687 quae
730 1648 823 1687 piget
845 1647 897 1678 hic
919 1646 1048 1677 referre
1063 1657 1071 1677 :
1095 1652 1203 1677 tamen
1220 1655 1261 1676 ne
1276 1647 1411 1677 omnino
1425 1645 1616 1687 asymbolus
1631 1646 1772 1686 veniam,

354 1690 462 1720 dicam
479 1688 600 1729 aliquid
614 1698 623 1725 ;
646 1689 744 1728 quod,
758 1688 820 1719 etsi
835 1697 877 1719 ne
890 1688 967 1719 mihi
982 1688 1115 1728 quidem
1131 1689 1274 1728 placeat,
1287 1688 1510 1726 Rutgersiano
1522 1687 1608 1718 haud
1623 1686 1773 1718 deterius

353 1730 426 1761 fore
442 1729 555 1761 credo.
598 1730 689 1770 Ergo
706 1738 786 1761 ecce
802 1729 863 1760 tibi
879 1730 1136 1768 correctionem,
1151 1729 1400 1770 qualiscumque
1420 1734 1491 1760 est:
1520 1729 1641 1760 Venena
1655 1729 1777 1767 magica

346 1772 403 1809 sas
425 1771 566 1811 nefasque
588 1780 650 1802 non
671 1772 787 1811 valent,
805 1771 878 1802 Non
891 1775 1005 1802 uertere
1019 1771 1166 1802 humanas
1186 1772 1276 1802 vices.
1318 1771 1469 1806 Venena,
1494 1771 1554 1810 ait,
1575 1770 1718 1808 magimb-
1739 1769 1773 1799 id

357 1814 443 1843 enim
460 1813 634 1852 epitheton
649 1813 876 1843 necessarium
889 1813 942 1843 uic
959 1812 1111 1844 videtur:
1137 1812 1260 1852 quippe
1276 1822 1401 1852 venena,
1423 1822 1483 1852 per
1505 1821 1541 1843 se
1563 1817 1599 1842 et
1624 1811 1775 1842 absolute

358 1854 479 1894 posita,
502 1862 566 1883 non
591 1858 733 1894 possunt
758 1862 827 1883 rem
853 1854 1018 1892 magicam
1045 1853 1220 1884 denotare.
1264 1854 1418 1884 Valerius
1445 1854 1586 1884 Flaccus
1607 1861 1672 1883 vn.
1701 1853 1776 1882 32⁷.

355 1897 366 1913 ‘
381 1895 493 1935 thue
511 1895 627 1934 procul
642 1894 778 1933 magicis
794 1893 954 1932 spirantia
969 1898 1062 1924 tecta
1076 1895 1226 1932 venenis,
1242 1895 1286 1924 Et
1301 1903 1398 1924 saevae
1414 1901 1555 1933 patuere
1570 1892 1684 1924 forem'
1703 1894 1713 1910 ‘
1726 1893 1775 1923 Ea

321 1947 323 1949 ’
358 1937 461 1975 vero,'
481 1936 601 1976 inquit,
613 1937 622 1953 ⁴
640 1944 705 1966 non
721 1936 835 1966 valent
851 1940 983 1966 vertere
994 1934 1044 1965 fas
1060 1938 1096 1965 et
1110 1934 1228 1965 nefas!
1247 1935 1300 1966 Ita
1315 1935 1472 1975 Virgilius
1488 1935 1636 1976 loquitur
1647 1934 1774 1975 Georg.

997 2036 1136 2068 NOTAE

402 2102 442 2130 81
469 2099 525 2130 Uti
543 2100 686 2130 Bitumen
698 2100 777 2131 atris
790 2099 928 2140 ignibm]
956 2100 1043 2131 Haec
1093 2099 1212 2131 Senec.
1233 2099 1332 2139 Trag.
1350 2100 1533 2139 Thyesten.
1550 2099 1622 2130 Cic.
1637 2097 1776 2130 Tuscul.

361 2149 478 2180 dicens
494 2148 635 2180 Canidia
655 2148 803 2180 bitumen
824 2149 934 2189 injicit
948 2149 981 2179 in
997 2149 1044 2187 ig·
1096 2156 1121 2179 1.
1150 2150 1222 2179 107.
1251 2148 1261 2165 ‘
1276 2149 1464 2179 Execratur
1490 2148 1667 2179 luculentis
1696 2156 1776 2178 sane

360 2206 431 2237 nes,
445 2204 583 2238 atraque
598 2197 676 2229 inde
691 2197 824 2230 flamma
838 2198 1045 2230 accenditur.

363 2248 498 2288 Quippe
511 2251 545 2277 et
560 2246 623 2278 hoc
643 2246 895 2287 intelligendum
912 2251 948 2278 et
967 2257 1045 2287 sup·

363 2297 550 2339 ponendum
566 2297 630 2328 hic.
673 2297 771 2329 Quod
791 2297 937 2338 quidem,
959 2301 1046 2328 utet

364 2346 430 2378 alia
457 2347 544 2378 bene
566 2347 683 2385 multa,
706 2347 867 2377 Decerius
890 2350 989 2378 acute
1010 2350 1047 2378 et

366 2395 496 2427 erudite
510 2405 601 2426 more
615 2405 674 2426 suo
690 2395 891 2427 observavit.

408 2447 450 2475 86
471 2444 565 2475 Misit
595 2445 758 2485 Thyesteas
787 2443 906 2485 preces]
949 2445 1047 2475 Diras

366 2493 597 2525 execrationes
613 2499 649 2524 et
671 2493 925 2533 imprecationes
940 2494 1051 2524 emisit

366 2545 399 2575 in
416 2542 588 2576 Canidiam
603 2542 738 2583 ejusque
760 2543 880 2582 socias,
893 2543 1050 2584 quemad-

367 2593 500 2623 modum
513 2591 590 2622 olim
605 2591 768 2630 Thyestes
781 2591 814 2622 in
826 2590 968 2622 Atreum
985 2589 1051 2621 fra-

370 2646 468 2681 trem,
488 2651 563 2672 cum
584 2640 756 2681 jugulatos
772 2638 869 2678 filios,
893 2640 926 2670 in
946 2638 1052 2670 frusta

369 2689 544 2728 dissectos,
565 2693 689 2725 coctos,
704 2687 916 2728 edendosque
931 2687 994 2718 sibi
1009 2687 1050 2717 ab

370 2749 410 2770 eo
431 2738 531 2769 fuisse
552 2738 724 2778 appositos
745 2738 889 2778 accepit.
932 2737 988 2768 De
1003 2736 1051 2767 his

372 2798 398 2820 1.
412 2787 479 2819 Od.
494 2789 524 2818 6.
539 2789 570 2818 8.
585 2792 620 2818 et
634 2795 658 2818 1.
671 2786 739 2818 Od.
758 2789 808 2819 16.
823 2789 875 2818 17.
917 2785 1004 2818 Vide
1016 2789 1053 2817 et

1096 2197 1241 2227 versibus
1257 2197 1346 2236 apud
1362 2197 1502 2228 Ennium
1513 2197 1689 2236 Thyestes,
1710 2195 1778 2235 pri-

1097 2254 1184 2276 mum
1200 2250 1237 2276 ut
1252 2244 1427 2285 naufragio
1443 2250 1559 2286 pereat
1571 2244 1779 2282 Avonam.

1098 2316 1108 2326 .
1124 2314 1132 2323 .
1149 2316 1156 2324 .
1174 2315 1183 2325 .
1199 2302 1307 2334 neque
1322 2294 1512 2333 sepulcrum
1524 2301 1587 2333 quo
1599 2292 1779 2332 recipiatur

1098 2342 1232 2381 habeat,
1245 2346 1376 2382 portum
1389 2342 1559 2381 corporis3
1574 2341 1629 2372 nbi
1644 2341 1780 2372 remissa

1098 2391 1242 2423 humana
1255 2391 1324 2421 vita
1342 2399 1460 2430 corpus
1475 2389 1663 2430 requiescat
1679 2399 1697 2420 a
1712 2398 1780 2420 ma-

1099 2440 1165 2472 lis!
1191 2441 1236 2470 Et
1250 2440 1282 2470 in
1299 2440 1467 2478 Pisonem,
1477 2448 1510 2468 n.
1525 2441 1577 2470 4³.
1593 2439 1602 2456 ‘
1614 2439 1782 2478 Thyestea

1101 2489 1164 2520 ista
1178 2487 1348 2519 execratio
1358 2491 1421 2523 est,
1434 2486 1542 2527 poetae
1555 2487 1642 2526 vulgi
1655 2487 1781 2518 animos

1102 2546 1166 2568 non
1179 2536 1375 2576 Sapientnm
1392 2535 1578 2575 moventis‚’
1600 2540 1637 2566 ut
1652 2540 1687 2566 tn
1703 2545 1783 2566 nau-

1103 2586 1210 2626 fragio
1238 2585 1397 2625 expulsus
1425 2585 1553 2626 uspiam
1583 2585 1669 2615 saxis
1696 2584 1783 2617 fixus

1104 2635 1245 2676 asperis,
1259 2634 1462 2665 evisceratus
1481 2634 1586 2664 latere
1606 2633 1784 2675 penderes,

1103 2684 1157 2725 (ut
1173 2683 1219 2714 ait
1232 2682 1304 2723 ille)
1320 2693 1399 2714 saxa
1409 2692 1567 2723 spargens
1579 2683 1671 2722 tabo,
1681 2683 1786 2723 sanie,

1104 2734 1263 2774 sanguine
1284 2738 1367 2764 atro.

1147 2787 1188 2815 87
1215 2783 1335 2816 Venena
1349 2793 1492 2824 magnum
1509 2783 1576 2826 fau,
1586 2783 1657 2826 ξω]
1672 2783 1785 2815 Vene-
