1930 3242
408 268 492 308 878

874 283 917 319 Q.
948 280 1150 311 HORA‘rll
1185 279 1356 309 FLAcct

406 371 559 412 Terret
579 370 683 419 fixa,
701 374 905 422 vetatque
926 368 1050 409 novis
1072 369 1299 408 considere
1320 370 1360 410 in
1381 370 1526 411 hortis.

407 435 511 476 Huc
528 437 646 488 prius
666 435 861 484 angustis
880 434 1018 484 ejecta
1039 433 1256 473 cadavera
1276 434 1398 486 cellis

407 500 651 541 Conservus
673 499 748 538 vili
770 497 981 549 portanda
999 498 1177 538 locabat
1198 499 1242 538 in
1263 511 1375 540 arca.

406 567 510 606 Hoc
529 565 696 605 miserae
718 562 839 613 plebi
861 563 1004 602 stabat
1023 575 1247 602 commune
1267 564 1525 616 sepulcrum,

1767 566 1822 606 10

405 629 649 672 Pantolabo
670 638 845 674 scurrae,
866 625 1228 679 Nomentanoque
1249 629 1407 680 nepoti.

406 695 530 736 Mille
549 691 685 745 pedes
704 691 750 730 in
767 690 922 740 fronte,
942 694 1158 731 trecentos
1177 692 1335 744 cippus
1354 693 1399 732 in
1418 705 1564 746 agrum

406 830 502 861 hortis
515 828 693 860 recentibus.
737 829 841 860 Antea
860 838 1018 859 conservus
1038 830 1185 860 cadat-era
1200 829 1283 865 cellis
1307 830 1402 861 arctis
1416 830 1508 868 ejecta
1524 829 1640 861 locabat
1651 829 1734 860 istuc
1747 828 1820 869 effe-

406 873 499 901 renda
515 871 547 900 in
562 871 618 900 vili
631 871 800 910 sandapila.
829 871 897 901 Hoc
911 874 978 901 erat
992 880 1144 901 commune
1157 870 1316 909 plebeculae
1327 872 1506 910 sepulcrum,
1519 871 1686 902 Pantolabo
1699 870 1820 900 sannio-

405 913 450 951 ni,
462 915 492 942 et
509 912 698 943 Nomentano
710 912 889 951 patrimonii
899 912 1087 951 dissipatori.
1134 912 1210 942 Istic
1223 912 1327 952 cippus
1341 912 1516 951 assignabat
1531 913 1601 951 agri
1620 913 1711 952 pedes
1724 911 1820 942 mille-

1005 1002 1124 1014 “ecee

1125 1002 1225 1014 ooooo

405 1064 631 1105 Cuuing.-—l2
652 1064 746 1096 Idem
766 1065 852 1106 conj.
867 1065 971 1106 cippus
984 1065 1018 1095 in
1031 1074 1129 1104 agro;
1153 1064 1240 1105 quod
1255 1064 1355 1096 habet
1379 1064 1461 1096 Exc.
1479 1065 1640 1096 Sam—13
1662 1064 1820 1096 Glarean.

1047 1157 1077 1189 N
1085 1157 1186 1189 01·AE

447 1236 466 1264 7
490 1232 590 1263 Novis
614 1232 647 1262 in
671 1231 782 1272 hortis]
804 1231 897 1263 Quos
921 1239 1028 1271 nuper
1053 1229 1086 1261 in

405 1281 563 1322 Esquiliis
591 1281 761 1311 Maecenas
785 1279 941 1319 instituit,
968 1279 1011 1310 ob
1036 1288 1088 1309 sa·-

406 1331 534 1362 lubrem
558 1330 630 1370 ejus
655 1329 721 1360 loci
747 1328 870 1368 aerem,
894 1332 930 1358 ut
955 1327 1087 1358 dicetur

405 1384 535 1419 postea.

447 1430 466 1458 8
490 1427 564 1458 Huc
588 1426 687 1466 prius,
716 1424 784 1464 ἔγω]
806 1424 874 1456 Ubi
897 1424 994 1455 modo
1019 1429 1087 1455 stat

404 1475 559 1515 Priapus,
573 1475 608 1505 in
630 1474 735 1504 hortis
750 1473 878 1504 scilicet
895 1473 968 1504 istis
982 1473 1088 1512 novis,

403 1523 451 1555 ibi
467 1528 565 1555 antea
577 1523 803 1562 sepulcretum
816 1525 900 1552 erat.
947 1522 986 1551 In
1001 1518 1088 1552 hunc

403 1573 511 1611 ipsum
542 1572 649 1603 locum
687 1570 891 1610 plebeiorum
921 1569 1088 1600 cadavera

404 1619 629 1659 portabamur
643 1618 818 1648 humanda.

445 1667 596 1706 Augustis
619 1667 724 1705 εἰει-τα,
746 1665 815 1705 εμπ]
845 1665 993 1696 Adverte
1021 1666 1087 1696 sin-

406 1717 500 1757 gulas
530 1723 627 1746 voces
657 1714 697 1744 ad
724 1718 927 1745 contemtum
964 1713 1086 1745 facien-

404 1773 468 1798 tes.

446 1813 598 1853 Augustis
609 1813 702 1851 ejecta
717 1814 865 1843 cadavera
887 1812 984 1852 cellis]
1007 1813 1084 1843 Non

404 1863 498 1894 atriis
515 1862 639 1892 aulisve
657 1861 782 1898 magnis
793 1861 883 1890 elata
897 1870 970 1890 cum
986 1861 1084 1890 hono-

405 1920 441 1942 re
471 1910 512 1940 ad
549 1910 768 1949 sepulturam,
803 1918 896 1938 more
931 1908 1084 1938 divitum.

407 1961 500 1991 Celcoe
531 1959 618 1989 enim
655 1958 811 1988 dicuntur
847 1957 1084 1988 mansiunculae

402 2007 592 2049 praesertim
611 2016 794 2037 servorum.

445 2061 466 2088 9
490 2057 660 2086 conservus
678 2055 827 2094 portanda
841 2053 972 2093 locabat]
991 2054 1084 2084 Viles

404 2110 438 2136 et
452 2105 604 2146 abjectos
621 2104 694 2134 vilis
711 2104 927 2143 abjectusque
947 2102 1085 2142 vespillo

404 2154 599 2194 sepeliebat.
646 2153 733 2183 Nam
748 2151 963 2191 vespillones,
977 2151 1085 2190 inquit

404 2204 536 2242 Festus,
558 2202 782 2242 appellamur,
807 2200 862 2240 qui
892 2200 1086 2239 vespertino

404 2257 557 2291 tempore
573 2259 707 2290 operam
720 2250 833 2279 locant
845 2248 885 2278 iis
898 2248 995 2279 humo
1009 2257 1086 2279 con—

405 2299 535 2339 dendis,
550 2299 605 2340 qui
622 2297 754 2329 funebri
772 2306 890 2337 pompa
901 2297 976 2328 duci
989 2306 1086 2336 prop-

405 2354 458 2379 ter
484 2347 629 2388 inopiam
667 2351 849 2387 nequount.
891 2345 938 2376 At
972 2350 1088 2376 contra

406 2396 546 2427 divitum
574 2394 680 2426 funeri
719 2393 867 2425 curando
903 2394 1087 2424 advocatur

404 2443 614 2475 libitinarios.
659 2443 724 2474 Hic
753 2452 831 2474 vero
860 2442 1087 2472 subministros

405 2493 542 2524 adhibet
570 2491 798 2532 pollinctores,
834 2490 1087 2530 sandapilarios,

406 2542 616 2581 vespillones.
1039 2539 1041 2541 '

454 2591 519 2622 Van·
532 2590 564 2621 in
579 2588 665 2629 arca]
691 2589 766 2620 Non
789 2588 823 2619 in
843 2587 970 2619 feretro
992 2597 1087 2619 exor-

406 2645 499 2678 nato,
522 2645 559 2671 ut
581 2639 699 2670 divites
723 2639 844 2676 solent,
866 2638 922 2668 sed
948 2638 980 2668 in
995 2637 1086 2669 brevi

406 2688 528 2726 loculo,
542 2697 600 2718 seu
613 2687 777 2719 communi
791 2687 973 2728 sandapila,
990 2697 1085 2727 quam

408 2738 576 2769 Martialis
607 2743 704 2769 vocat
729 2737 962 2768 ‘Orciniauam
986 2745 1084 2778 spon·

1140 1229 1243 1272 dam‚'
1253 1239 1315 1272 qua
1326 1239 1517 1271 egenorum,
1530 1230 1678 1271 itemque
1688 1226 1821 1261 damna-

1139 1285 1260 1319 torum,
1285 1281 1450 1312 cadavera
1466 1281 1688 1320 portabantur
1708 1290 1728 1311 a
1748 1289 1820 1311 san-

1139 1329 1319 1370 dapilariis.
1341 1330 1494 1362 Juvenal.
1509 1329 1578 1360 Sat.
1587 1337 1642 1360 111.
1654 1331 1705 1360 32.
1715 1331 1725 1346 ⁴
1735 1328 1822 1359 Con-

1138 1377 1263 1408 ducere
1278 1400 1287 1408 .
1303 1400 1311 1408 .
1329 1398 1337 1407 .
1354 1399 1362 1408 .
1379 1375 1580 1418 portandum
1597 1376 1638 1407 ad
1655 1376 1752 1407 busta
1767 1385 1820 1407 ca-

1139 1425 1264 1456 daver.’

1183 1476 1221 1504 10
1245 1473 1314 1504 Hoc
1329 1473 1447 1503 miserae
1456 1472 1628 1512 plebum]
1651 1472 1822 1512 Esquilina

1140 1523 1231 1563 regio
1256 1523 1418 1563 sepulcris
1438 1531 1608 1553 servorum
1639 1527 1740 1563 atque
1763 1522 1822 1552 mi-

1140 1579 1286 1602 serorum
1317 1571 1474 1602 dedicata
1501 1576 1586 1611 erat,
1615 1570 1724 1611 inquit
1755 1575 1821 1601 vet.

1141 1620 1325 1651 Comment.

1182 1671 1196 1697 l
1205 1670 1219 1698 l
1246 1667 1412 1698 Pantolabo
1422 1668 1550 1708 scurrae]
1566 1666 1692 1707 Aptum
1702 1675 1821 1697 nomen

1140 1725 1275 1755 scurrae,
1303 1716 1359 1756 qui
1386 1716 1578 1756 dilapidatis
1605 1714 1821 1746 facultatibus

1139 1774 1241 1805 egens
1267 1769 1413 1795 mutuam
1433 1774 1453 1794 a
1475 1763 1625 1804 pluribus
1647 1763 1821 1804 pecuniam

1140 1813 1337 1852 accipiebat.
1381 1813 1502 1853 Itaque
1514 1812 1649 1843 Mallius
1660 1811 1716 1841 ille
1731 1810 1821 1840 Pan-

1139 1862 1270 1893 tolabus
1293 1862 1449 1901 sepulcro
1472 1869 1652 1900 pauperum
1675 1866 1710 1890 et
1725 1860 1821 1890 mise-

1139 1919 1247 1940 rorum
1264 1908 1418 1943 infertur,
1446 1909 1534 1939 sicut
1551 1914 1586 1939 et
1601 1908 1735 1939 Cassius
1752 1909 1822 1939 No-

1138 1962 1313 1988 mentanus
1335 1957 1525 1997 patrimonii
1546 1957 1705 1989 decoctor
1719 1958 1821 1998 insig-

1139 2016 1200 2038 ms.

1182 2058 1220 2086 12
1244 2055 1332 2086 Mille
1344 2057 1434 2095 pedes
1447 2055 1479 2085 ‘in
1484 2055 1605 2094 fronte,
1619 2055 1689 2096 Bm]
1706 2055 1820 2086 'Datus

1138 2105 1214 2134 olim
1238 2103 1348 2135 suerat
1370 2105 1463 2135 locus
1484 2104 1540 2134 ille
1554 2103 1595 2134 ad
1613 2104 1818 2143 sepulturam

1138 2152 1354 2193 plebeiorum,
1378 2152 1552 2183 continens
1583 2152 1673 2183 mille
1701 2151 1820 2192 pedes,

1138 2203 1200 2231 &c.
1244 2200 1341 2232 Quod
1360 2201 1492 2240 quidem
1509 2200 1579 2240 agri
1595 2200 1738 2240 spatium
1751 2200 1820 2230 11ae-

1139 2247 1271 2279 redibus
1285 2247 1470 2278 detractum
1486 2254 1570 2280 erat.
1607 2249 1649 2279 Et
1661 2249 1731 2278 baec
1747 2247 1818 2286 cip·

1139 2307 1182 2338 po
1216 2297 1378 2336 inscripta
1413 2297 1615 2328 notabantur
1642 2305 1684 2326 ex
1715 2304 1819 2326 more.

1139 2346 1220 2376 Erat
1250 2344 1336 2374 enim
1370 2343 1487 2383 cippus
1517 2345 1549 2374 in
1579 2351 1658 2382 agro
1685 2347 1817 2374 erectus

1139 2394 1224 2433 lapis
1238 2401 1295 2423 seu
1310 2392 1414 2431 limes,
1436 2391 1469 2421 in
1494 2400 1558 2431 quo
1579 2390 1818 2430 designabatur

1140 2447 1234 2474 certa
1256 2450 1331 2482 pars
1354 2441 1424 2480 agri
1448 2444 1591 2480 excepta
1607 2443 1642 2471 et
1656 2449 1698 2471 ex
1715 2443 1818 2471 testa-

1140 2497 1251 2523 mento
1264 2491 1342 2522 data
1351 2491 1526 2531 legataque
1539 2489 1642 2530 plebi,
1652 2489 1706 2520 vel
1718 2489 1816 2520 alicui

1139 2541 1277 2582 privato.

1181 2589 1271 2620 Mille
1296 2589 1384 2628 pedes
1411 2588 1444 2618 in
1463 2587 1584 2627 fronte,
1612 2585 1680 2627 ξω]
1711 2586 1815 2619 Juxta

1140 2640 1208 2670 vias
1232 2642 1329 2669 eraut
1351 2637 1513 2676 sepulcra.
1556 2636 1646 2676 Ergo
1672 2635 1817 2674 sepulcri

1138 2687 1228 2718 frons
1258 2690 1310 2718 est
1337 2685 1492 2726 latitudo,
1521 2689 1555 2716 at
1577 2683 1753 2724 longitudo
1781 2684 1815 2714 in

1137 2744 1250 2775 agrum
1297 2742 1542 2775 quaquaversus
1590 2730 1816 2773 intelligenda.
