1930 3242
341 282 426 323 932

807 296 850 332 Q·
883 294 1084 324 HORATH
1120 294 1288 325 FLAccl

339 385 466 426 Ostia
485 386 565 427 sub
583 385 719 426 Tusci
732 387 750 424 Ἰ
780 384 946 432 laudaS,
965 383 1127 434 insane,
1150 386 1354 427 trilibrem

338 451 538 499 Mullum,
556 451 601 491 in
619 450 790 500 singula
808 461 933 500 quem
952 449 1122 490 minuas
1145 451 1366 503 pulmenta
1385 464 1566 494 necesse
1584 453 1659 495 e'st.

338 516 475 557 Ducit
494 521 536 557 te
555 516 738 568 species,
756 513 911 554 video:
941 528 1031 567 quo
1051 517 1239 568 pertinet
1260 530 1359 570 ergo

1694 519 1750 562 3⁵

337 580 546 621 Proceros
567 580 714 620 odisse
732 579 890 631 lupos?
921 581 1025 632 quia
1045 581 1213 623 scilicet
1232 583 1318 623 illis

332 645 543 698 Majorem
564 649 715 684 natura
733 643 911 684 modum
930 645 1066 695 dedit,
1086 647 1156 688 his
1175 648 1304 689 breve
1324 649 1509 702 pondus.

330 784 439 819 pontes
453 782 640 820 exagitatus,
656 791 697 813 zm
718 783 759 813 ad
778 783 887 814 ostium
900 782 1044 823 fluminis
1061 783 1230 816 Hetrusci?
1271 784 1384 823 Stulte,
1399 787 1504 816 landas
1518 785 1641 816 barbam
1657 785 1752 816 triu·-

334 821 492 859 lihrmum,
512 832 598 862 quem
623 827 739 862 oportet
762 825 880 855 dividas
900 825 934 854 in
953 825 1042 864 plura
1054 825 1205 863 frustula.
1249 827 1342 866 Capit
1363 831 1394 858 te
1406 827 1522 865 forma,
1540 830 1575 857 ut
1596 835 1752 865 cognosco.

337 861 487 895 Quorsum
510 864 609 903 igitur
629 866 747 905 spernis
771 866 857 905 lupos
878 866 1038 905 ingentes?
1058 876 1163 907 nempe
1177 869 1256 908 quod
1269 873 1381 900 natura
1394 877 1564 900 mensuram
1577 869 1753 908 ampliorem

966 969 1104 1001 NOTAE

331 1048 419 1080 inter
435 1053 554 1089 pontes
574 1050 785 1082 concitatiori
809 1051 1014 1092 aqnajacta-

331 1101 398 1135 tus,
422 1098 629 1139 proindeque
659 1101 819 1138 tenerior,
847 1100 1015 1140 pinguior,

329 1147 465 1176 suavior
501 1145 640 1178 effectus
677 1147 799 1179 fuerat.
850 1149 1013 1180 Columel.

330 1203 398 1226 x11.
414 1198 465 1226 16.
489 1196 499 1213 ‘
512 1196 696 1227 Multorum
712 1198 789 1237 gula
799 1197 972 1229 subtilior.
983 1219 992 1228 .
1005 1220 1014 1229 .

330 1247 367 1275 et
381 1244 514 1275 erudita
529 1245 643 1284 palata
658 1244 834 1276 fastidiunt
847 1244 1015 1277 fiuvialem

328 1292 457 1332 lupum,
486 1293 550 1323 nisi
583 1302 682 1334 quem
714 1293 845 1324 Tiberis
876 1293 1016 1325 adverso

328 1343 482 1371 torrente
506 1340 747 1380 defatigasset!
788 1342 873 1373 Plin.
894 1351 946 1372 rx.
962 1346 1014 1373 64.

329 1387 340 1405 ‘
354 1387 520 1427 Quando,'
557 1388 676 1428 inquit,
706 1389 722 1426 y‘
734 1388 851 1419 eadem
885 1390 1014 1429 aquati-

328 1434 410 1466 lium
426 1445 551 1476 genera
572 1436 674 1467 aliubi
699 1441 800 1477 atque
822 1436 923 1467 aliubi
945 1446 1012 1467 me-

327 1483 432 1514 liora:
457 1484 546 1515 sicut
562 1485 632 1525 lupi
649 1484 756 1524 pisces
771 1484 806 1515 in
819 1485 932 1516 Tiberi
946 1495 1013 1516 am-

326 1540 370 1562 ne
382 1531 472 1562 inter
483 1531 567 1563 duos
579 1537 709 1572 pontes.
720 1533 874 1564 rhombus
883 1534 1013 1564 Raven-

327 1588 395 1618 nae,
419 1589 574 1611 muraenae
596 1581 629 1610 iu
659 1581 796 1619 Sicilia‚’
821 1583 884 1612 ὅτε.
927 1582 1015 1613 Vide

326 1627 478 1659 Macrob.
488 1628 600 1659 Satur.
613 1637 667 1660 ur.
678 1631 730 1660 16.
739 1629 796 1660 ubi
810 1638 853 1660 ex
862 1630 1015 1660 Varrone

328 1681 364 1707 et
395 1677 522 1708 Lucilio
550 1678 668 1708 statuit
706 1678 820 1717 lupum
850 1678 1012 1709 marinum

327 1726 476 1766 ‘egregii
505 1725 654 1766 saporis’
674 1726 826 1757 habitum
847 1727 902 1767 qui
925 1726 1014 1757 inter

327 1774 410 1805 duos
442 1779 560 1814 pontes
586 1778 704 1814 captus
732 1779 843 1805 esset:
868 1780 968 1815 atque
993 1785 1014 1806 a

327 1821 459 1852 Lucilio
473 1822 594 1861 piscem
611 1823 698 1853 hunc
711 1822 776 1853 dici
799 1823 810 1839 ‘
823 1824 1012 1854 catillonem

328 1870 422 1910 quasi
438 1870 643 1908 liguritorem
658 1881 668 1908 ;
691 1871 821 1901 scilicet
833 1872 887 1911 qui
901 1872 1012 1911 proxi-

326 1926 380 1948 me
395 1918 484 1956 ripas
501 1923 630 1948 stercus
644 1918 868 1950 insectaretur
882 1930 890 1950 ι
909 1920 919 1936 ‘
931 1929 1011 1959 pon-

327 1970 379 1997 tes
395 1965 569 1996 Tiberinu’
589 1965 655 1996 duo
678 1966 767 1997 inter
789 1967 903 2007 captu'
918 1969 1011 1999 catil-

326 2013 397 2046 lo.'’
444 2013 496 2044 Id.
511 2013 591 2044 ibid.
606 2024 647 2044 ex
667 2015 805 2046 C.Titio
821 2017 929 2047 aetatis
947 2017 1011 2046 Lu-

327 2062 458 2092 cilianae
486 2062 556 2093 viro
585 2063 735 2094 homines
763 2064 922 2105 prodigos
953 2065 1011 2095 de-

327 2111 496 2142 scribente
513 2122 521 2142 :
572 2112 581 2128 ‘
595 2111 733 2142 Edimus
768 2113 903 2144 turdum
939 2115 1011 2154 pin·

326 2169 435 2200 guem,
450 2159 638 2200 bonumque
654 2160 779 2200 piscem
800 2162 913 2202 lupum
936 2173 1011 2202 ger-

326 2217 458 2238 manum
476 2208 531 2253 qui
547 2209 636 2239 iuter
658 2209 741 2240 duos
758 2215 876 2251 pontes
892 2217 1011 2252 captus

326 2255 417 2288 fuit!

369 2305 480 2336 Amnis
507 2305 612 2345 Tusci]
633 2306 763 2337 Tiberis
782 2308 939 2339 Tusciam
966 2309 1012 2339 al-

326 2353 450 2383 luentis
488 2358 524 2384 et
552 2363 572 2384 a
606 2355 703 2386 Latio
739 2356 1014 2388 disten-minantis.

327 2402 423 2442 Virg.
439 2402 565 2443 Georg.
582 2413 606 2434 ι.
621 2405 681 2435 sub
695 2405 795 2436 finem
812 2416 820 2436 :
845 2407 854 2423 ‘
868 2406 1012 2437 Tuscum

327 2451 498 2482 Tiberim.’

368 2501 408 2530 33
431 2499 565 2538 Mucias,
575 2500 694 2537 insane,
706 2500 856 2531 trilibrem
871 2502 1012 2540 Mullum,

326 2548 396 2588 ξω]
422 2547 651 2580 Delicatorum
673 2553 709 2580 et
730 2549 924 2581 catillonum
939 2556 1014 2582 erat

328 2597 429 2626 etiam
446 2597 534 2628 aliud
553 2597 663 2628 vitiosi
679 2597 805 2629 fastidii
823 2608 949 2638 genus:
965 2600 1014 2630 in-

326 2648 379 2675 ter
409 2645 517 2683 pisces
540 2650 660 2677 natura
688 2656 814 2686 parvos·
834 2647 1012 2679 laudabant

328 2694 552 2735 volebantque
576 2705 735 2736 magnos:
759 2701 875 2728 contra
889 2706 1008 2737 parvos

328 2743 523 2783 quaerebaut
537 2753 578 2775 ex
591 2745 630 2775 iis
646 2755 727 2786 quos
742 2751 862 2777 natura
874 2754 1011 2785 magnos

1066 1050 1161 1084 facit.
1205 1053 1327 1094 ltaque
1343 1053 1515 1094 Horatium,
1530 1053 1564 1084 in
1585 1051 1751 1092 ejusmodi

1065 1098 1255 1133 fastidiosos
1279 1102 1450 1134 helluones
1471 1102 1657 1142 insurgens,
1679 1101 1750 1131 lau·

1067 1148 1139 1187 das,
1154 1149 1277 1190 inquit,
1288 1149 1416 1188 insane,
1429 1149 1593 1181 trilibrem
1602 1148 1753 1185 mullum,

1068 1205 1108 1228 eo
1123 1198 1210 1238 quod
1232 1207 1307 1229 raro
1326 1199 1401 1229 talis
1418 1198 1630 1230 inveniatur:
1651 1195 1752 1228 odisti

1068 1255 1148 1277 vero
1158 1246 1272 1287 lupum
1287 1247 1451 1278 marinum
1464 1246 1520 1287 qui
1532 1254 1689 1285 procerus
1701 1248 1753 1276 est

1068 1299 1104 1325 ct
1131 1295 1243 1335 magni
1285 1295 1452 1335 ponderis.
1491 1294 1581 1327 Pliu.
1618 1302 1672 1325 1¹.
1696 1296 1750 1327 17.

1067 1348 1076 1361 ‘
1089 1344 1140 1374 Ex
1156 1345 1282 1385 reliqua
1297 1345 1474 1376 nobilitate
1483 1347 1519 1374 et
1531 1342 1641 1383 gratia
1649 1342 1751 1373 maxi-

1066 1401 1120 1421 ma
1135 1397 1187 1422 est
1203 1397 1239 1422 et
1255 1393 1352 1431 copia
1375 1392 1496 1429 mullis,
1520 1391 1608 1421 sicut
1623 1390 1751 1430 magni·

1066 1439 1146 1469 tudo
1162 1439 1311 1470 modica:
1336 1439 1494 1480 binasque
1509 1439 1610 1471 libras
1625 1438 1750 1478 ponde·

1066 1486 1110 1517 ris
1125 1496 1202 1518 raro
1217 1487 1392 1518 admodum
1405 1491 1623 1527 exsuperant,
1634 1495 1696 1517 nec
1715 1486 1750 1516 in

1067 1537 1199 1567 vivariis
1208 1536 1410 1576 piscinisque
1426 1539 1594 1567 crescunt.
1605 1555 1615 1565 .
1627 1556 1636 1566 .
1649 1557 1659 1567 .
1672 1535 1748 1575 alga

1067 1589 1258 1624 vescuntur,
1273 1588 1310 1615 et
1322 1584 1455 1624 ostreis,
1466 1589 1502 1616 et
1516 1583 1609 1623 limo,
1622 1588 1658 1615 et
1670 1584 1750 1614 alio-

1066 1642 1138 1663 rum
1154 1633 1294 1672 piscium
1311 1631 1431 1663 carne!

1108 1683 1149 1711 34
1171 1680 1318 1719 Mullum]
1342 1679 1542 1711 Bai-batillos
1569 1683 1667 1711 vocat
1694 1679 1750 1712 Ci-

1066 1738 1156 1769 cero,
1182 1729 1273 1762 Gall.
1298 1729 1453 1760 barbam.-
1476 1728 1610 1769 quidam
1637 1733 1749 1759 tamen

1065 1782 1144 1808 sunt
1171 1778 1350 1816 imberbes,
1373 1782 1408 1808 at
1433 1777 1538 1807 miuus
1558 1776 1748 1809 innuantur.

1066 1826 1155 1856 Plin.
1169 1835 1246 1856 mox
1261 1826 1318 1856 cit.
1338 1825 1469 1857 ‘Barba
1491 1824 1624 1863 gemina
1646 1823 1747 1863 insig-

1065 1873 1202 1903 niuntur
1222 1872 1373 1903 inferiori
1394 1872 1488 1902 labro
1498 1893 1507 1903 .
1517 1893 1526 1901 .
1536 1892 1546 1902 .
1558 1871 1748 1902 laudatissi-

1065 1922 1109 1951 nii
1128 1922 1335 1962 conchylium
1355 1921 1501 1960 sapiunt.
1546 1920 1676 1951 Nomen
1697 1921 1747 1952 his

1065 1970 1252 2001 Fenestella
1276 1968 1419 2010 (mullis)
1439 1979 1459 1999 a
1480 1970 1591 1999 colore
1611 1969 1749 2000 mulleo-

1065 2027 1136 2048 rum
1153 2018 1444 2048 calciamentorum
1460 2017 1574 2048 datum
1591 2021 1689 2056 putat

1064 2066 1198 2096 mullum
1228 2066 1435 2107 expirantem
1458 2066 1648 2098 versicolori
1669 2076 1749 2107 qua-

1063 2114 1138 2145 dam
1154 2118 1190 2145 et
1205 2123 1383 2146 numerosa.
1404 2114 1567 2146 varietate
1587 2115 1748 2155 spectari,

1063 2172 1219 2202 proceres
1230 2164 1315 2202 gulae
1329 2168 1468 2194 narrant
1478 2184 1487 2193 .
1498 2186 1507 2195 .
1519 2184 1529 2194 .
1543 2163 1672 2195 Asinius
1684 2164 1746 2196 Ce-

1062 2213 1112 2243 ler
1126 2222 1145 2243 e
1160 2212 1411 2251 Consularibus,
1434 2214 1496 2244 hoc
1519 2213 1609 2252 pisce
1635 2212 1747 2252 prodi·

1064 2270 1135 2302 gns,
1145 2260 1284 2292 Claudio
1298 2261 1569 2301 principe,unum
1578 2264 1744 2292 mercatus

1063 2313 1142 2341 octo
1157 2308 1301 2339 millibus
1311 2307 1502 2339 nummum.’
1524 2307 1610 2338 Vide
1625 2308 1747 2339 Senec.

1063 2357 1174 2397 Epist.
1197 2359 1250 2388 95·
1283 2355 1418 2386 Sueten.
1445 2355 1560 2388 Tiber.
1587 2365 1662 2395 cap.
1692 2358 1746 2387 34.

1063 2404 1178 2444 refert,
1201 2409 1209 2422 ⁸
1224 2408 1293 2436 tres
1310 2404 1426 2434 mullos
1448 2404 1585 2444 triginta
1600 2405 1744 2435 millibus

1063 2461 1230 2483 nummum
1254 2451 1382 2482 venisse
1398 2450 1419 2482 :'
1453 2452 1540 2492 quod
1573 2451 1743 2484 damnavit

1063 2501 1226 2532 Tiberius.
1270 2499 1525 2531 Vide-Macrob.
1547 2508 1604 2531 m.
1619 2502 1670 2531 16.
1682 2500 1744 2533 Ju-

1066 2559 1139 2581 ven.
1153 2549 1224 2580 Sat.
1249 2557 1297 2579 rv.
1323 2550 1374 2579 15.
1396 2550 1405 2565 ‘
1419 2548 1559 2578 Mullum
1575 2557 1634 2578 sex
1648 2548 1745 2579 milli·

1066 2599 1126 2629 bus
1141 2598 1220 2629 emit
1230 2597 1426 2637 AEquantem
1440 2606 1518 2631 sane
1531 2597 1666 2638 paribus
1677 2607 1745 2630 ses·

1065 2647 1163 2678 tertia
1190 2646 1305 2677 libris.'
1349 2646 1389 2676 In
1415 2655 1511 2687 quem
1536 2647 1644 2679 locum
1664 2647 1743 2678 olim

1062 2695 1212 2736 pluribus
1228 2694 1379 2734 disserui,
1394 2699 1432 2726 ut
1447 2700 1482 2727 et
1497 2695 1567 2727 Sat.
1582 2703 1613 2726 v.
1629 2697 1681 2727 92.
