1890 3256
605 289 880 320 SERMONUM
916 289 1012 319 Lis.
1046 288 1096 318 ii.
1125 277 1168 318 3.
1531 275 1620 317 975

169 386 283 428 Cum
304 385 499 440 prudens
521 384 669 425 scelus
689 385 744 425 ob
766 383 918 425 titulos
940 382 1134 425 admittis
1155 381 1322 429 inanes,

119 445 121 448 ¹
168 453 273 495 Stas
293 452 438 493 animo
452 453 471 492 ‘l
502 455 546 492 et
566 463 724 503 purum
745 454 812 491 est
834 451 942 492 vitio
965 450 1045 491 tibi
1067 462 1164 491 cum
1188 447 1404 489 tumidum
1424 451 1496 488 est
1515 447 1617 487 cor?

168 520 219 561 Si
240 520 341 573 quis
360 518 519 560 lectica
538 516 720 557 nitidam
742 522 915 570 gestare
937 519 1052 557 amet
1071 527 1244 568 agnam,

169 585 292 627 Huic
314 590 498 633 vestem,
520 586 569 624 ut
587 586 745 636 gnatae,
766 586 891 635 paret
911 582 1110 631 ancillas,
1129 584 1256 635 paret
1275 593 1428 622 aurum
1445 593 1457 632 ;

169 651 332 694 Rufam
351 656 396 693 et
418 650 629 692 Rufillam
650 650 862 704 appellet,
883 650 1077 704 fortique
1096 649 1256 690 marito

1533 579 1621 620 215

165 784 274 821 sponte
284 780 400 812 crimen
410 782 572 828 perpetras
594 778 632 809 ab
653 788 763 809 vanam
783 778 935 817 gloriam
928 781 941 802 ⁹
962 780 1070 808 atrum
1084 778 1173 816 culpa
1190 780 1275 808 caret
1289 777 1411 809 animus
1426 778 1500 808 dum
1512 787 1620 818 super-

167 823 212 854 bie
223 826 237 854 7
279 823 348 862 Age
363 831 446 861 vero,
460 822 489 853 si
503 821 572 862 quis
584 831 698 860 agnam
720 821 828 851 lectica
850 819 1054 858 circumferre
1065 821 1229 858 gaudeam
1250 830 1286 851 ac
1308 820 1391 851 relat
1403 820 1488 861 filioe
1510 823 1620 859 vestes,

167 865 435 907 aarum,samulas
448 861 588 902 tribuam
610 864 744 903 puellam
759 864 806 894 vel
820 862 989 902 puellulam
1003 862 1165 898 nominem
1189 865 1281 902 alque
1296 863 1365 893 viro
1378 871 1528 902 generoso
1550 872 1622 894 con-

775 957 1014 971 eeeeeeeeeeee

166 1033 274 1063 agnos.
319 1023 420 1057 Quod
450 1024 560 1055 altero
587 1023 785 1054 concinnius
811 1023 1003 1063 enltiusque
1032 1021 1138 1059 exire,
1167 1021 1224 1062 qui
1246 1030 1360 1052 aurem
1383 1021 1502 1058 habet,
1523 1020 1622 1053 facile

167 1068 314 1099 sentiet·
339 1071 376 1098 et
405 1067 527 1097 merito
557 1066 637 1097 viris
667 1065 807 1096 eruditis
836 1065 986 1106 Cruquio
1013 1064 1232 1105 Baxteroque
1257 1063 1447 1104 placuisse!
1468 1064 1622 1094 Beneh—

166 1110 230 1140 212
246 1109 315 1140 Pro
329 1108 472 1140 admittis
485 1107 670 1149 Cruquiani
687 1108 815 1148 plnres,
830 1117 914 1138 unus
933 1106 1126 1146 Pulmanni,
1140 1112 1175 1136 et
1191 1106 1258 1137 duo
1275 1116 1329 1146 ap.
1347 1106 1461 1137 Bentl.
1484 1105 1623 1137 commit-

166 1151 228 1186 tis,-
250 1150 340 1182 nude
356 1151 547 1186 Bentleins,
575 1151 620 1182 Tu
641 1151 776 1190 prendens
798 1159 825 1180 s.
845 1160 875 1181 ο.
892 1152 915 1180 t.
931 1158 1001 1179 cum
1020 1130 1173 1179 admit’tis.
1174 1151 1279 1180 -213
1306 1148 1401 1180 Harl.
1419 1151 1452 1179 6.
1474 1148 1621 1179 timidum

166 1196 288 1224 «μέσον.
334 1192 433 1224 Harl.
447 1194 479 1223 3.
502 1195 548 1223 est
576 1192 654 1223 vitio
683 1191 734 1222 cui
765 1191 932 1222 sollicitam
961 1194 1009 1222 est
1037 1200 1100 1221 cor.
1102 1193 1207 1222 —215
1233 1191 1320 1221 Huic
1338 1193 1467 1229 vestem,
1480 1194 1563 1221 natoe
1585 1193 1622 1220 ut

167 1234 634 1274 Magda1.ap.Bentl.-216
657 1234 776 1272 Rasum
791 1237 846 1264 aut
863 1233 1013 1264 Pusillam
1027 1232 1128 1264 Gott.
1142 1232 1241 1264 Harl.
1255 1235 1288 1264 2.
1305 1236 1336 1264 3.
1351 1235 1382 1263 4.
1398 1236 1430 1264 6.
1452 1238 1485 1263 et
1502 1231 1622 1264 Zarot.

168 1277 286 1315 Rufum
300 1279 330 1308 el
348 1277 499 1308 Pusillam
523 1277 603 1308 Vet.
629 1277 748 1307 Couib.
784 1277 793 1293 ‘
814 1275 1124 1325 Manusci·iptorum
1147 1280 1309 1315 quantum
1334 1275 1459 1316 ubique
1490 1280 1554 1314 est,
1582 1278 1620 1306 et

166 1319 333 1350 editiones
357 1319 478 1359 priscae
494 1319 620 1349 habent
638 1318 754 1356 Rufam
771 1321 826 1348 aut
843 1318 1020 1354 Ριωίἱὶαηι,·
1042 1318 1106 1348 nisi
1128 1317 1217 1357 quod
1241 1317 1394 1348 nonnulli
1416 1321 1448 1348 et
1470 1327 1532 1358 pio
1555 1319 1623 1356 aut,

165 1365 202 1393 et
218 1361 465 1393 vetustissimus
482 1359 682 1393 Blandinius
699 1360 861 1392 Posillam.
899 1358 1034 1391 Ceterae
1048 1368 1123 1400 quae
1139 1359 1427 1391 circumferuntur
1442 1359 1620 1399 lectiones,

820 1457 850 1488 N
857 1455 961 1488 OTAE

206 1522 270 1552 212
285 1520 334 1552 Ob
348 1521 455 1552 titulos
469 1520 592 1560 inanes]
608 1520 715 1551 Vanae
733 1518 864 1560 glot-iae,

164 1569 284 1601 summi
300 1569 501 1601 Graecorum
523 1569 667 1611 imperii,
692 1568 863 1600 ambitiosi

162 1619 304 1651 nominis
312 1619 437 1660 studio,
445 1625 484 1652 ut
494 1620 597 1651 totius
606 1619 753 1651 Graeciae
764 1628 862 1650 exer-

164 1669 254 1701 citus
281 1669 467 1710 imperator
491 1669 628 1702 dicaris.
658 1669 747 1700 Vide
763 1669 862 1700 Iliad.

163 1721 199 1748 B.
222 1717 283 1750 sub
298 1717 422 1757 lineum
447 1718 504 1749 ubi
520 1724 741 1749 numerantur
754 1724 789 1750 et
805 1729 864 1750 no-

162 1766 336 1798 minantur
360 1776 456 1808 reges
476 1778 515 1799 ac
539 1768 645 1799 duces
661 1768 861 1800 Graecarum

163 1816 349 1856 copiarum.
375 1817 548 1858 Praecipui
559 1827 641 1849 vero
653 1818 708 1849 isti
723 1830 730 1848 z
746 1818 863 1850 Achil-

161 1865 213 1900 les
242 1865 505 1907 Myrmidonum,
534 1866 673 1909 Ulysses
704 1868 863 1899 Ithacen-

163 1915 264 1956 sium,
290 1915 401 1947 Thoas
431 1916 629 1953 AEtolorum,
658 1917 861 1948 Idomeneus

164 1965 390 2007 Cretensium,
403 1967 620 2008 Tlepolemus
636 1968 859 2007 Rhodiorum,

164 2015 376 2047 Philoctetes
391 2017 643 2057 Meliboeorum,
660 2017 748 2059 Ajax
761 2018 859 2049 Tela-

165 2066 295 2096 monius
319 2065 590 2103 Salaminiorum,
620 2066 709 2107 Ajax
739 2068 859 2098 Oileus

167 2114 397 2156 Locrensium,
423 2116 643 2147 Menestheus
673 2115 860 2147 Athenien-

165 2162 264 2204 sium,
294 2164 421 2195 Nestor
457 2164 646 2205 Pyliorum,
676 2165 861 2196 Diomedes

163 2210 382 2253 Argivorum,
396 2213 574 2245 Menelaus
592 2214 861 2246 Lacedaemonio-

165 2269 251 2299 rum,
261 2261 444 2303 Agapenor
451 2263 690 2305 Arcadiorum‚
699 2266 762 2295 διο.
779 2265 862 2297 Qui-

165 2309 226 2342 bus
243 2312 410 2352 omnibus,
425 2313 458 2344 id
475 2318 541 2354 est,
557 2314 698 2346 navibus
722 2315 862 2346 cii-citer

164 2360 256 2392 mille
266 2370 305 2393 ac
316 2361 485 2399 ducentia,
498 2364 646 2395 virorum
662 2370 775 2396 autem
788 2365 862 2396 mil-

163 2409 251 2442 libus
265 2415 401 2443 eentum
418 2417 453 2444 et
470 2413 590 2454 viginti
606 2420 753 2455 praerat
769 2415 859 2456 Aga-

163 2467 322 2491 memnon
337 2461 596 2502 Mycenensium
610 2473 683 2495 rex.

207 2511 271 2541 213
293 2509 498 2552 Stasanimo]
521 2512 575 2544 An
599 2523 664 2544 non
689 2519 747 2544 tua
763 2522 858 2546 mens

165 2558 208 2590 de
222 2569 283 2590 sua
298 2560 380 2592 sede
391 2566 482 2593 mota
492 2571 531 2594 ae
540 2562 676 2604 dejecta
690 2564 768 2595 est?
781 2573 856 2594 cum

165 2608 256 2639 euim
270 2612 338 2640 snt
352 2609 421 2649 illa,
435 2616 529 2644 recte
543 2614 663 2655 sentit,
683 2619 780 2645 recte
802 2623 858 2645 co-

165 2658 263 2698 gitat,
278 2662 372 2690 recte
385 2661 469 2700 agit.

209 2707 332 2738 Puram
342 2711 388 2739 εει
398 2709 475 2740 vitio
494 2706 552 2742 tibi
566 2721 634 2743 cum
648 2713 798 2744 tumidum
811 2717 859 2744 est

165 2755 233 2796 eor]
258 2756 326 2788 Alii
338 2757 386 2788 sie
399 2757 664 2800 intel-pungunt:
685 2772 797 2802 purum
811 2766 859 2794 est

166 2805 255 2842 vitio,
271 2805 334 2838 tibi
349 2816 423 2839 cum
437 2809 599 2842 tumidum
616 2816 668 2843 est
681 2813 761 2844 cor?
787 2821 859 2844 cer-

918 1522 953 1551 te
967 1518 1075 1550 bonus
1091 1518 1274 1560 utrobique
1289 1528 1422 1550 sensns.

959 1571 1022 1600 214
1037 1568 1076 1599 Si
1090 1569 1159 1608 quis
1173 1569 1294 1608 lectica,
1303 1569 1371 1609 §rc-J
1397 1567 1500 1599 Aliud
1518 1577 1619 1608 argu-

915 1624 1066 1649 mentum
1093 1627 1113 1648 a
1140 1618 1253 1648 simili.
1299 1618 1408 1648 Porro
1433 1626 1475 1648 ne
1501 1619 1555 1648 cui
1578 1627 1620 1648 ea

915 1666 1099 1698 similitudo
1115 1667 1271 1697 videatur
1281 1666 1389 1697 futilis
1407 1670 1465 1697 aut
1481 1666 1620 1706 insulsa,

914 1719 1008 1758 legat
1030 1719 1063 1748 2.
1091 1718 1175 1757 Reg.
1198 1725 1265 1748 xn.
1291 1715 1349 1747 ubi
1374 1716 1510 1747 Nathan
1536 1717 1620 1748 Pro-

915 1767 1018 1808 pheta
1043 1775 1086 1797 ex
1107 1766 1180 1806 pari
1206 1765 1426 1797 similitudine
1449 1766 1618 1797 Davidem

914 1818 1042 1857 regem*
1054 1816 1228 1857 redarguit
1243 1827 1252 1847 :
1281 1817 1291 1833 ‘
1307 1816 1445 1856 Pauper
1463 1816 1543 1846 nihil
1560 1816 1619 1847 ha-

915 1865 1021 1897 bebat
1031 1867 1167 1897 omnino
1178 1870 1307 1906 praeter
1318 1876 1415 1897 ovem
1429 1876 1527 1897 unam
1540 1876 1620 1906 par-

915 1915 1039 1954 vulam,
1053 1924 1128 1956 quae
1152 1920 1310 1946 creverat
1333 1915 1422 1956 apud
1444 1925 1519 1946 eum
1541 1925 1617 1947 cum

913 1964 990 1997 filiis
1012 1965 1099 2006 ejus,
1122 1965 1166 1996 de
1191 1975 1278 2006 pane
1306 1966 1395 1996 illius
1419 1966 1617 2007 comedens,

914 2022 951 2048 et
971 2017 1014 2049 de
1036 2017 1145 2051 calice
1169 2017 1241 2058 ejus
1266 2016 1399 2054 bibens,
1424 2022 1458 2046 et
1485 2017 1519 2047 in
1543 2017 1618 2048 sinu

913 2067 1002 2097 illius
1012 2066 1199 2099 dormiens:
1213 2072 1356 2108 eratque
1367 2066 1415 2097 illi
1426 2066 1514 2098 sicut
1523 2066 1617 2097 filia!

913 2115 1003 2147 Item
1017 2117 1159 2148 Sueton.
1172 2117 1280 2155 Calig.
1298 2126 1373 2157 cap.
1385 2119 1439 2148 55.
1457 2117 1616 2148 nimirum

914 2165 1172 2206 Imperatorille
1183 2176 1270 2207 equo
1282 2175 1354 2205 suo,
1364 2167 1373 2184 ‘
1385 2171 1512 2206 praeter
1522 2168 1616 2206 equi-

915 2217 947 2247 le
959 2226 1194 2253 marmoreum,
1205 2222 1239 2248 et
1251 2226 1407 2258 praesepe
1419 2217 1616 2256 eburneum,

916 2271 1045 2307 praeter
1075 2270 1112 2297 et
1139 2275 1313 2307 purpurea
1338 2271 1546 2306 tegumenta,
1574 2277 1615 2298 ae

915 2317 1038 2347 mouile
1062 2326 1080 2348 e
1108 2317 1261 2357 gemmis,
1287 2317 1420 2348 domuin
1449 2317 1553 2347 etiam
1578 2321 1614 2347 et

914 2365 1075 2397 familiam
1099 2372 1135 2398 et
1158 2366 1405 2407 supellectilem
1422 2366 1530 2404 dedit,
1546 2375 1614 2406 quo

914 2417 1038 2448 lautius
1067 2418 1201 2449 nomine
1224 2418 1296 2458 ejus
1320 2417 1456 2448 invitati
1481 2417 1613 2455 accipe-

912 2472 1048 2498 rentur:
1075 2468 1288 2499 consulatum
1311 2475 1445 2508 quoque
1465 2466 1613 2496 traditur

911 2517 1123 2549 destinasse?
1167 2518 1258 2550 Quid
1275 2525 1356 2546 vero
1379 2516 1511 2546 Xerxes
1533 2515 1612 2546 Pla-

913 2571 994 2598 tano
1020 2567 1132 2598 arbori
1154 2567 1283 2598 donans
1310 2573 1449 2596 aureum
1476 2566 1612 2607 monile,

913 2615 1151 2656 assiduumque
1164 2615 1356 2652 satellitem,
1369 2624 1410 2644 ex
1424 2624 1538 2646 eorum
1551 2625 1612 2646 nu-

912 2674 1004 2695 mero
1040 2665 1096 2705 qui
1133 2664 1341 2695 immortales
1376 2665 1611 2697 vocabantur?

913 2712 1043 2744 Herod.
1068 2713 1124 2744 lib.
1152 2722 1218 2744 vn.
1251 2713 1329 2744 vide
1357 2713 1439 2745 Not.
1467 2723 1507 2746 11.
1539 2715 1608 2748 Od.

914 2765 966 2795 15.
987 2765 1019 2793 4.

956 2814 1020 2843 216
1044 2810 1162 2850 Rufum
1183 2815 1213 2843 et
1233 2811 1380 2854 Rufillam
1404 2812 1539 2853 [Pusam
1552 2818 1609 2846 aul
