1956 3236
425 325 508 369 854
901 341 942 375 Q.
976 337 1178 367 nonum
1212 337 1381 367 rnAccl

965 486 1197 528 SATIRA
1226 457 1326 529 VI.

687 593 737 624 IN
774 594 1044 625 DERISORES
1077 595 1339 626 NATALIUM
1372 594 1588 627 SUORUM.

423 677 506 709 Cum
523 676 694 715 Horatius,
708 675 864 706 libertino
881 680 976 715 patre
999 681 1109 715 natus,
1124 687 1142 708 a
1158 677 1347 708 Maecenate
1362 677 1395 708 in
1410 687 1582 709 numerum
1599 677 1777 710 amicorum
1794 688 1847 710 re·

463 730 549 758 latus
562 731 663 766 esset,
680 726 804 758 invidia
821 728 1010 762 multorum,
1027 729 1176 768 inprimis
1198 729 1367 768 nobilium,
1382 729 1459 760 inde
1477 734 1642 761 commota
1664 740 1736 762 esse
1752 723 1845 761 ¹vide-

464 785 529 810 tur.
573 780 684 810 Quare
700 779 751 810 bic
767 779 975 819 potissimum
999 781 1060 811 lioc
1076 781 1159 820 agit,
1175 786 1212 812 ut
1235 781 1460 812 Maecenatem
1477 781 1651 814 defendat.
1695 782 1781 820 Etsi,
1796 783 1845 812 in-

459 831 546 870 quit,
559 834 610 867 tu,
621 831 802 867 Maecenas,
816 833 960 862 omnium
973 833 1189 863 Etruscorum
1203 843 1238 863 es
1254 834 1548 873 generosissimus;
1572 843 1636 864 non
1651 838 1761 865 tamen
1778 843 1845 872 me,

461 887 497 913 ut
514 882 664 923 plerique
678 883 819 923 nobiles,
833 885 984 923 spernis:
1008 894 1082 914 nam
1104 894 1169 915 non
1193 889 1258 915 tam
1275 895 1395 925 genus,
1410 895 1505 925 quam
1522 885 1664 916 animum
1684 890 1719 916 et
1735 894 1843 916 mores

459 940 608 975 spect-as.
649 935 722 966 Scis
738 935 838 974 enim,
855 936 976 967 multos
999 937 1112 967 humili
1129 937 1201 967 loco
1224 941 1318 967 natos
1340 936 1443 967 fuisse
1467 937 1588 976 probos
1605 942 1640 967 et
1661 936 1842 967 honoribus

460 986 545 1026 reip.
563 990 710 1025 ornatos,
727 990 761 1017 et
776 991 895 1018 contra
909 987 1131 1018 nobilissimos
1146 988 1294 1018 homines
1311 988 1353 1019 ob
1371 988 1447 1018 vitae
1465 988 1706 1028 turpitudinem
1729 987 1842 1018 tulisse

454 1037 632 1077 repulsam.
676 1039 905 1069 Veruntamen
921 1049 993 1076 nos,
1006 1040 1062 1077 qni
1080 1045 1115 1070 et
1137 1050 1261 1079 genere
1277 1046 1311 1071 et
1328 1040 1507 1070 sententiis
1524 1049 1543 1070 a
1559 1041 1658 1079 vulgo
1673 1039 1841 1078 discrepa-

458 1099 543 1125 mus,
559 1099 623 1120 non
647 1089 807 1120 debemus
831 1090 956 1130 majora
982 1095 1158 1130 appetere,
1182 1101 1224 1121 ne
1247 1092 1279 1121 in
1303 1091 1458 1121 iuvidiam
1474 1095 1509 1121 et
1524 1091 1652 1130 justam
1675 1091 1841 1122 bominum

458 1141 667 1173 incurramus
691 1142 995 1182 reprehensionem,
1012 1147 1048 1173 ut
1069 1142 1186 1172 Tillius
1208 1142 1358 1182 quidam,
1374 1147 1408 1172 et
1429 1142 1485 1172 alii
1508 1142 1683 1181 ignobiles.
1728 1141 1840 1181 Atque

459 1193 566 1233 ipsum
591 1203 657 1230 me,
670 1194 827 1225 libertino
849 1197 943 1233 patre
966 1198 1093 1232 natum,
1116 1203 1228 1224 omnes
1251 1194 1440 1224 clanculum
1463 1193 1630 1230 mordent,
1652 1192 1730 1223 olim
1753 1191 1842 1233 quod

458 1246 630 1277 cohortem
653 1246 818 1286 duxerim,
833 1255 921 1276 nuuc
937 1255 1029 1284 vero,
1050 1246 1136 1286 quod
1164 1245 1238 1284 tibi,
1254 1246 1439 1284 Maecenas,
1461 1245 1521 1275 sim
1537 1245 1721 1279 convictor¹
1735 1253 1841 1285 quan·

452 1307 550 1338 quam
567 1297 700 1336 injuria.
743 1298 840 1332 Num,
865 1307 924 1337 pro
941 1301 997 1328 tua
1013 1297 1045 1327 in
1066 1296 1180 1328 amicis
1195 1297 1383 1337 deligendis
1404 1296 1593 1337 diligentia,
1606 1305 1672 1327 non
1687 1305 1767 1328 cusu
1784 1305 1838 1326 me

457 1350 545 1380 iuter
569 1354 643 1380 tuos
666 1349 839 1389 recepisti,
859 1349 919 1379 sed
945 1349 1214 1379 commendatum
1239 1359 1257 1378 a
1273 1348 1418 1387 Virgilio
1434 1348 1617 1388 Varioque,
1639 1351 1675 1378 et
1696 1357 1716 1378 a
1739 1351 1843 1378 temet

457 1403 531 1441 ipso
557 1405 762 1440 spectatum,
778 1401 855 1441 quia
876 1409 966 1430 meos
991 1409 1097 1430 mores
1118 1407 1153 1430 et
1169 1401 1269 1430 vitam
1296 1399 1458 1439 probasti,
1473 1409 1570 1439 quam
1595 1398 1714 1438 optimi
1738 1398 1842 1438 patris

456 1462 545 1483 curae
562 1457 597 1483 et
611 1451 690 1483 fidei
707 1452 823 1490 debeo,
839 1451 894 1492 qui
911 1451 943 1481 in
961 1460 1012 1481 me
1028 1451 1235 1482 instituendo
1251 1451 1347 1481 nullis
1361 1450 1524 1481 sumtibus
1537 1450 1705 1490 pepercit.
1728 1450 1842 1482 Quare

456 1514 519 1536 nec
536 1504 654 1535 melior
669 1508 776 1544 pater,
791 1513 852 1534 nec
872 1503 996 1543 gratior
1011 1503 1090 1534 vitae
1107 1503 1259 1534 conditio
1276 1503 1471 1542 contingere
1487 1502 1651 1542 potuisset
1667 1501 1759 1532 mibi.

415 1577 544 1626 NON,
566 1579 685 1630 quia,
706 1577 949 1626 Maecenas,
971 1577 1186 1630 Lydorum
1208 1577 1417 1630 quicquid
1439 1576 1646 1617 Etruscos

414 1643 606 1684 Incoluit
625 1642 750 1691 fines,
772 1655 897 1682 nemo
917 1643 1167 1694 generosior
1187 1647 1254 1683 est
1274 1646 1338 1692 te;

458 1751 487 1780 Ο
505 1750 668 1789 Moecenas,
681 1750 759 1790 quod
774 1749 906 1780 nobilior
920 1751 950 1780 te
969 1750 1071 1780 nullus
1085 1749 1126 1779 sit
1142 1759 1181 1780 ex
1196 1749 1307 1789 Lydis,
1319 1751 1463 1789 quotquot
1487 1747 1602 1779 Tuseioe
1625 1750 1738 1778 terram
1753 1745 1839 1777 habi-

1015 1832 1245 1844 eeeeeeeeeee

455 1885 568 1918 Satira
590 1890 710 1917 octava
733 1885 823 1916 Libri
838 1885 974 1916 secundi
998 1884 1031 1915 in
1048 1885 1111 1916 Ed.
1129 1885 1313 1916 Sanad.-4
1335 1884 1346 1902 ‘
1362 1882 1507 1915 Restitui
1523 1892 1654 1914 versum
1669 1891 1712 1914 ex
1730 1881 1841 1922 pueri-

1057 1967 1086 1997 N
1094 1966 1194 1997 OTAE

456 2033 472 2061 1
491 2031 576 2070 Non,
599 2031 682 2070 quia,
705 2028 774 2069 Em]
799 2028 909 2060 Satira
932 2028 1005 2060 haec
1030 2033 1103 2060 tota
1155 2029 1286 2060 nuisse:
1308 2028 1396 2060 unde
1412 2027 1573 2060 Hetrusci
1589 2028 1745 2059 dicantur
1758 2027 1842 2068 Tyr-

412 2080 550 2112 nitescit
565 2089 639 2111 cum
662 2088 751 2110 verae
774 2078 960 2109 nobilitatis
984 2077 1101 2108 defini-

412 2130 519 2168 tione,
532 2134 602 2160 tum
619 2128 714 2158 bonae
726 2126 937 2158 educationis
950 2135 1100 2167 praecep-

415 2178 560 2211 tionibus
575 2184 610 2209 et
624 2178 869 2217 emolumentis,
881 2181 951 2208 tum
964 2178 1050 2217 grati
1066 2177 1099 2207 in

413 2229 534 2260 bonum
552 2232 725 2269 parentem
738 2227 837 2258 animi
854 2226 1100 2259 testificatione.

457 2278 544 2316 Non,
558 2277 640 2317 quia,
654 2277 820 2315 Maeceuas,
837 2276 1005 2316 Lydorum,
1030 2274 1100 2315 ξω]

415 2326 494 2361 Non
513 2332 548 2358 tu
570 2327 753 2364 Maecenas,
771 2325 850 2356 licet
866 2325 1101 2360 nobilissimus,

415 2377 502 2418 quod
517 2376 668 2417 plerique
684 2379 876 2416 magnatum
888 2374 1032 2411 faciunt,
1044 2374 1101 2404 bu-

415 2426 512 2456 miles
528 2435 566 2457 ac
581 2424 731 2465 plebeios
746 2423 946 2464 aspernaris.
990 2422 1101 2453 Enim-

415 2483 497 2506 vero
512 2484 564 2506 me
585 2474 741 2505 libertino
764 2477 860 2513 patre
882 2477 995 2507 natum
1018 2471 1102 2502 adeo

417 2533 483 2555 non
508 2521 706 2563 despexisti,
738 2526 775 2552 ut
800 2524 917 2551 contra
944 2521 954 2537 ⁴
970 2529 1043 2551 esse
1069 2520 1103 2550 in

417 2571 598 2603 amicorum
632 2579 769 2601 numero
781 2568 789 2582 ’
821 2568 975 2609 jusseris,
1014 2567 1102 2608 quod

415 2629 469 2651 me
484 2621 493 2637 ‘
510 2629 630 2660 purum
646 2624 680 2650 et
695 2619 861 2650 insontem
872 2617 880 2631 ’
901 2617 1104 2657 comperisti.

460 2669 618 2709 Lydorum
629 2667 783 2709 quicquid,
794 2667 863 2708 firm]
878 2668 1003 2698 Ferunt
1014 2676 1105 2697 nem-

417 2726 462 2758 pe
490 2718 602 2757 Lydiae
634 2718 786 2758 populos,
818 2717 905 2748 duce
933 2715 1104 2755 Tyrrheno

417 2766 577 2797 Herculis
599 2765 668 2796 filio
689 2766 742 2796 vel
765 2770 900 2804 nepote,
915 2764 947 2794 in
971 2764 1102 2794 Italiam

415 2813 541 2846 dudum
554 2814 721 2856 appulisse
732 2819 833 2855 atque
846 2813 1039 2845 Hetruriam
1052 2816 1102 2844 te-

1140 2807 1141 2811 ’
1156 2811 1293 2853 ponitur
1327 2812 1336 2828 ‘
1362 2808 1536 2850 degener.'

1154 2078 1246 2108 rheni
1264 2078 1389 2118 pariter
1405 2087 1444 2108 ac
1463 2077 1557 2116 Lydi.
1580 2076 1698 2116 Virgil.
1710 2076 1840 2107 AEneid.

1156 2135 1209 2157 tx.
1236 2129 1287 2157 ll.
1309 2127 1317 2143 ‘
1334 2125 1573 2166 Lydorumque
1596 2123 1751 2156 manum!
1795 2125 1840 2155 Et

1152 2174 1284 2206 AEneid.
1303 2183 1344 2204 11.
1362 2177 1437 2205 78].
1461 2175 1471 2191 ‘
1485 2173 1539 2204 Ad
1564 2178 1686 2204 terram
1711 2173 1840 2212 Hespe-

1153 2223 1234 2254 riam
1261 2222 1389 2259 venies,
1409 2221 1466 2252 ubi
1494 2221 1620 2262 Lydius
1642 2230 1723 2252 arva
1744 2220 1839 2251 Inter

1153 2273 1262 2312 opima
1274 2273 1379 2302 virum
1395 2271 1462 2302 leni
1473 2270 1547 2302 fluit
1558 2269 1691 2309 agmine
1700 2269 1841 2309 Tybris.’

1154 2323 1209 2354 De
1226 2320 1424 2353 Maecenatis
1439 2329 1482 2350 ex
1494 2319 1666 2351 Hetruriae
1678 2318 1838 2359 principi-

1154 2372 1214 2403 bus
1229 2370 1368 2410 origine,
1381 2367 1455 2399 fuse
1472 2377 1496 2399 1.
1512 2367 1578 2399 Od.
1595 2369 1625 2399 1.
1642 2369 1707 2399 &c.

1199 2417 1446 2460 Etrmcosfines]
1472 2418 1609 2448 Etruria
1623 2417 1694 2448 sive
1711 2417 1837 2448 Hetru-

1155 2470 1218 2508 ria,
1232 2479 1305 2510 quae
1319 2471 1354 2499 et
1364 2467 1489 2498 Tuscia
1504 2467 1631 2508 pariter
1643 2476 1682 2497 ac
1695 2466 1839 2498 Tbuscia

1155 2518 1322 2556 scribitur,
1338 2516 1444 2547 Italiae
1459 2515 1633 2546 notissima
1645 2515 1750 2556 regio,
1766 2524 1839 2546 ver-

1156 2568 1271 2600 nacule
1293 2568 1323 2597 la
1354 2566 1508 2596 Toscane:
1533 2564 1575 2595 ab
1596 2563 1684 2595 Ortu
1709 2563 1839 2604 rigatur

1156 2617 1256 2648 fluvio
1283 2614 1408 2654 Tiberi,
1433 2623 1452 2644 a
1475 2613 1622 2644 Meridie
1647 2612 1731 2644 mari
1754 2612 1838 2653 Tyr-

1155 2667 1271 2697 rheno.

1197 2717 1217 2745 2
1241 2710 1438 2751 Generosior]
1469 2709 1498 2741 A
1525 2718 1649 2750 genere
1673 2708 1684 2726 ‘
1700 2718 1837 2750 genero·

1155 2762 1226 2794 sus’
1250 2759 1531 2792 antonomastice->s
1547 2759 1690 2798 -dicitur,
1704 2757 1756 2789 cui
1779 2767 1838 2798 op·

1586 2808 1706 2840 Senec.
1735 2807 1836 2846 Trag.
