1890 3256
622 303 900 335 sunuoumu
938 303 1032 334 mn.
1067 304 1118 334 ιι.
1147 293 1189 335 8.
1528 293 1640 335 1061

187 399 360 441 Suaves
379 411 464 448 res,
480 399 519 440 si
539 410 628 439 non
649 410 811 440 causas
830 403 1027 440 narraret
1047 411 1196 441 earum
1215 402 1258 440 et

189 465 386 508 Naturas
407 465 633 517 dominus3
664 479 796 519 quem
815 479 895 507 nos
916 467 981 508 sic
1001 466 1192 518 fugimus
1214 466 1306 516 ulti,

187 532 254 574 Ut
273 531 382 573 nihil
401 532 574 573 omnino
597 537 892 585 gustaremus,
912 533 1036 574 velut
1053 532 1144 574 illis

186 597 374 640 Canidia
393 597 587 639 afflasset
607 599 735 653 pejor
756 600 1038 653 serpentibus
1062 599 1198 641 Afris.
1582 599 1640 640 95

183 744 253 774 quoe
276 734 398 775 quidem
421 733 560 772 jucunda
586 735 777 776 extitissent,
801 735 829 766 si
851 746 962 767 causas
976 746 1080 768 eorum
1095 741 1124 768 et
1140 740 1271 768 naturas
1285 737 1459 776 importune
1474 736 1566 767 herus
1580 746 1640 768 non

184 779 455 808 commemorasset.
499 777 588 815 Ergo
608 777 689 808 hunc
710 788 766 809 nos
788 778 848 809 ulti
873 788 977 810 samus
1002 779 1050 810 ita
1063 778 1229 818 fugientes
1252 779 1389 819 nihilque
1409 789 1537 819 prorsus
1562 779 1640 809 deli-

184 817 303 859 bantes,
313 819 444 859 perinde
453 829 489 850 ac
504 819 531 849 si
541 819 675 850 Canidia
687 819 852 858 Africanis
864 820 1016 860 anguibus
1021 821 1218 861 pestilentior
1227 821 1281 852 illa
1291 822 1457 862 aspirando
1470 821 1640 859 infecisset.

789 923 1030 939 ΟΟΜΟΟΟΝ

181 998 412 1039 Coniuge-92
430 1000 506 1031 Vat.
518 999 614 1031 Rom.
630 1003 662 1032 9.
686 1000 836 1032 Chisian.
850 1004 880 1033 1.
893 1004 925 1034 2.
941 1001 1000 1032 alii
1014 1011 1069 1043 ap.
1087 1001 1202 1034 Pulm.
1215 1001 1331 1034 Suavis
1346 1005 1494 1035 rea—94
1504 1002 1637 1034 Barbe-

183 1041 249 1074 rin.
264 1045 291 1072 Ι.
304 1042 400 1073 veluti
415 1037 491 1073 illis.
521 1043 530 1060 ‘
543 1043 660 1074 Bentl.
674 1043 774 1075 veluti
787 1044 817 1074 si
832 1052 875 1075 ex
891 1043 1030 1083 ingenio
1045 1044 1177 1084 audaci,
1190 1049 1227 1076 et
1241 1044 1403 1083 indocte;
1419 1046 1498 1087 quia
1515 1046 1636 1077 Latine

182 1083 384 1115 callentibus
398 1084 427 1115 si
442 1085 664 1125 supponitur3
688 1089 724 1116 et
746 1086 780 1116 in
800 1085 874 1126 ejus
898 1086 1048 1117 lectione
1069 1086 1136 1117 iuis
1157 1087 1339 1127 omittitur,
1353 1096 1420 1128 quo
1433 1088 1637 1128 nesciamus,

180 1126 291 1166 quibas
306 1123 472 1158 afflaverit
487 1126 650 1166 Canidia;
675 1136 796 1168 nempe
815 1127 904 1167 cibis,
923 1128 967 1159 de
987 1128 1110 1170 quibus
1126 1129 1266 1160 nihilum
1281 1134 1505 1169 gustaverunt
1519 1130 1635 1162 convi-

183 1167 256 1199 vae.'
280 1167 443 1199 Fan—95
467 1169 548 1199 Vat.
565 1168 665 1200 Rom.
682 1171 714 1201 7.
735 1170 868 1211 afflaret.
911 1170 1008 1202 Harl.
1023 1173 1055 1202 2.
1071 1173 1102 1201 3.
1127 1171 1185 1202 alii
1202 1171 1302 1203 codd.
1319 1181 1375 1213 ap.
1388 1171 1506 1204 Lamb.
1518 1173 1635 1203 Bentl.

181 1214 218 1242 et
233 1210 364 1241 Valart.
380 1210 575 1251 serpentibus
586 1212 687 1249 atriu
709 1216 812 1253 atque
828 1212 878 1243 ita
893 1212 1011 1245 Bentl.
1028 1212 1164 1245 Wakef.
1181 1218 1216 1245 et
1232 1213 1340 1245 Kidd.

836 1317 979 1350 NOTAE

221 1378 403 1420 Palumbes]
455 1379 648 1420 sylvestres
690 1379 878 1412 columbas.

179 1430 270 1462 Gall.
293 1430 438 1461 ramiersc
479 1430 559 1460 Sine
589 1431 702 1466 clune,
724 1439 800 1471 quae
825 1434 876 1461 ta-

175 1489 253 1512 men
279 1489 359 1520 pars
382 1479 511 1520 optima
532 1482 585 1510 est
608 1484 643 1510 et
668 1478 785 1519 palato
801 1487 876 1510 sua-

176 1531 323 1563 vissima.
367 1530 458 1562 Vide.
474 1529 566 1562 Gen.
583 1539 643 1562 xv.
659 1533 691 1561 8.
713 1534 722 1548 ·
737 1530 877 1571 Negant

174 1581 276 1613 ullam
293 1590 405 1620 avem,
419 1585 545 1621 praeter
560 1579 754 1621 ficedulam,
769 1584 876 1611 totam

175 1639 327 1662 comesse
347 1634 531 1672 oportere:
555 1634 744 1661 ceterarum
762 1629 875 1660 avium

175 1683 277 1721 atque
287 1680 430 1711 altilium
443 1679 507 1710 nisi
523 1683 657 1711 tantum
672 1683 876 1720 apponatur,

175 1734 215 1761 ut
237 1739 256 1761 a
273 1729 450 1761 cluniculis
471 1728 626 1760 inferiori
649 1734 747 1770 parte
769 1730 875 1761 saturi

173 1777 272 1818 fiant,
297 1778 489 1810 convivium
513 1782 637 1819 putant
667 1778 782 1819 inopia
805 1788 876 1810 sor-

172 1827 279 1860 dere:
302 1827 511 1868 superiorem
534 1832 668 1869 partem
691 1829 801 1860 avium
823 1833 875 1861 at-

173 1886 238 1919 que
262 1877 405 1908 altilium
421 1877 616 1918 quiedam,
640 1886 697 1909 eos
722 1879 874 1918 palatum

172 1935 240 1960 non
254 1925 405 1966 liabere‚’
415 1927 478 1958 &c-

215 1980 257 2009 92
272 1977 388 2008 Suaoes
402 1987 466 2017 res,
476 1977 505 2008 si
519 1987 592 2018 non,
607 1978 676 2019 ξω]
701 1979 786 2012 Quae
798 1980 871 2021 qui-

174 2025 252 2058 dem
268 2026 406 2067 opsonia
426 2026 522 2057 nobis
542 2026 631 2058 forte
645 2029 798 2068 jucunda
813 2039 871 2061 ex-

173 2075 337 2116 titissent,
346 2074 374 2106 si
388 2083 456 2106 non
468 2075 661 2115 importuna
669 2078 872 2117 garrulitate

174 2135 216 2158 ea
241 2125 446 2158 Nasidienus
471 2125 610 2157 nimium
637 2126 870 2167 venditasset3

931 1390 971 1413 ac
986 1381 1082 1412 velut
1096 1380 1225 1422 optima
1236 1381 1452 1413 collaudaret
1464 1390 1539 1422 quae
1555 1385 1636 1413 sunt

931 1430 1116 1471 deteriora,
1146 1431 1303 1463 adductis
1327 1440 1510 1472 perperam
1534 1441 1555 1463 a
1580 1441 1634 1463 re—

931 1490 1005 1512 rum
1020 1484 1140 1512 natura
1156 1481 1268 1513 causis
1283 1485 1320 1511 et
1336 1481 1538 1513 rationibus.

973 1533 1015 1563 93
1038 1531 1194 1571 Fugimus
1213 1531 1286 1572 ulti,
1302 1531 1347 1563 Ut
1360 1531 1453 1571 nihil,
1463 1531 1536 1572 δμκ]
1558 1531 1634 1563 Ulti

929 1588 1056 1621 sumas,
1071 1581 1153 1612 nihil
1176 1580 1347 1621 gustando
1368 1590 1411 1612 ex
1432 1582 1474 1612 iis
1490 1591 1566 1623 quae
1583 1583 1632 1614 sic

929 1630 1047 1670 inepte
1062 1630 1265 1661 venditarat.

973 1682 1014 1710 94
1043 1680 1134 1711 Velut
1152 1680 1217 1710 illis
1241 1679 1375 1711 Canidia
1396 1680 1545 1721 afflasset,
1565 1680 1635 1720 ξω]

931 1729 979 1760 Ut
1002 1729 1031 1760 si
1055 1727 1172 1760 afflatu
1196 1738 1257 1760 suo
1273 1738 1440 1760 venenum
1456 1729 1633 1761 letiferum

931 1777 1111 1811 affudisset
1128 1779 1283 1816 Canidia,
1304 1779 1460 1811 venefica
1475 1780 1632 1820 celebris,

930 1830 972 1861 de
990 1840 1056 1871 qua
1076 1831 1110 1861 in
1129 1830 1239 1871 Epod.
1255 1831 1318 1861 ult.
1352 1829 1518 1861 Columel.
1545 1835 1554 1848 ¹
1567 1831 1631 1862 Ca-

927 1881 1076 1912 vendum
1102 1890 1147 1912 ne
1174 1891 1194 1912 a
1216 1880 1434 1921 serpentibus
1460 1879 1632 1922 afflentur,

927 1939 1066 1970 quarum
1082 1929 1165 1961 odor
1179 1934 1248 1961 tam
1266 1931 1442 1970 pestilens,
1462 1936 1501 1962 ut
1515 1931 1636 1962 interi·

926 1984 997 2010 mat
1014 1978 1216 2011 universos.’

968 2032 1010 2060 95
1035 2028 1236 2070 Serpentibus
1259 2029 1367 2070 Afris]
1391 2029 1512 2062 Africa
1535 2040 1629 2062 mon-

926 2082 1073 2110 strorum
1105 2079 1212 2110 omnis
1243 2080 1379 2119 generis
1405 2080 1513 2113 ferax.
1558 2081 1628 2113 Alii

926 2129 993 2170 leg.
1009 2130 1100 2162 atris.
