1904 3256
743 259 929 291 EponnN
963 258 1127 290 LIBER.

799 417 930 459 ODE
982 417 1067 459 lV.

789 529 842 559 IN
877 528 1077 559 MENAM.

202 617 243 649 In
260 618 398 650 Menam
415 617 627 650 amarulenta
650 617 812 649 invectio.
857 618 943 649 Erat
964 624 1077 649 autem
1094 616 1148 648 hic
1164 616 1286 648 Menas
1302 615 1366 647 Cn.
1380 613 1541 655 Pompeii
1558 614 1657 646 liber-

245 674 312 710 tus,
327 670 501 712 Sextoque
517 669 682 710 Pompeio
697 670 831 710 legatus
845 670 1016 712 classique
1032 670 1196 700 Piraticae
1212 666 1412 709 praefectus,
1424 676 1524 709 quam
1541 671 1658 698 tamen

245 723 517 764 posteamaJoris
533 732 596 764 spe
613 723 699 754 lucri
724 722 880 764 Augusto
904 723 1095 764 proditorie
1115 721 1281 760 tradidit;
1304 720 1347 752 ab
1362 719 1518 761 Augusto
1533 718 1660 751 deinde

245 775 288 808 ad
309 775 452 808 Sextum
477 775 620 816 defecit,
645 777 857 819 Sextumque
881 777 1007 808 iterato
1038 775 1194 816 Angusto
1216 774 1381 815 prodidit.
1425 772 1527 804 Hunc
1551 772 1659 814 igitur

243 827 420 870 Augustus
436 839 502 861 non
521 829 628 861 solum
638 829 829 861 Tribunum
843 829 988 860 militurn
1003 828 1191 868 classisque
1209 826 1418 858 Praefectum
1434 824 1582 865 fecerat,
1603 834 1659 856 ve-

245 890 318 913 rum
333 881 436 914 etiam
453 891 579 914 mensae
596 892 666 914 suae
693 882 906 914 adhibuerat.
953 882 1063 914 Quam
1088 890 1158 911 rem
1178 879 1353 918 Horatius,
1368 879 1402 910 in
1424 878 1583 919 Pompeii
1599 878 1658 910 do-

244 943 333 966 mum
350 939 388 966 nt
403 935 521 967 decuit
533 935 695 976 liberalis,
708 935 929 976 indignanter
944 946 981 967 se
996 933 1086 966 ferre
1106 934 1280 965 liberrime
1293 933 1355 964 hac
1367 932 1446 963 Ode
1462 930 1657 973 profitetur.

243 986 316 1028 (De
330 987 394 1019 hoc
411 987 602 1029 Pomponio
620 989 725 1020 Mena
747 988 859 1019 omnia
876 988 964 1019 Dio:
993 997 1094 1028 porro
1111 997 1187 1018 eum
1211 986 1267 1018 hic
1290 986 1374 1027 peti,
1391 984 1503 1017 Acron
1520 990 1557 1016 et
1573 985 1658 1017 Por-

245 1039 378 1082 phyrio,
403 1042 522 1083 quales
544 1051 635 1074 nunc
661 1048 751 1078 suut,
778 1047 815 1074 et
836 1042 878 1073 V.
901 1042 1015 1073 Schol.
1043 1041 1259 1082 Cruquianus
1284 1038 1437 1071 tradunt.
1482 1038 1568 1069 Mihi
1594 1037 1658 1069 hoc

244 1093 440 1133 scrupulum
456 1099 584 1134 movet,
599 1095 688 1136 quod
717 1095 851 1126 unicum
876 1099 911 1125 et
929 1094 1103 1135 proprium
1135 1093 1265 1125 crimen
1290 1091 1443 1130 hominis,
1458 1090 1589 1132 perfida
1610 1091 1658 1122 le-

246 1144 348 1182 vitas,
364 1145 419 1178 hic
435 1146 484 1177 illi
501 1156 566 1178 non
582 1146 765 1188 objicitur;
783 1147 842 1178 sed
859 1146 988 1178 invidia
1005 1152 1138 1178 tautum
1152 1145 1341 1184 excitatur,
1357 1147 1421 1177 διο.
1439 1143 1556 1186 Gesn.)

432 1220 586 1262 LUPis
607 1226 652 1262 et
671 1221 796 1274 agnis
818 1226 986 1274 quanta
1007 1222 1167 1262 sortito
1189 1221 1359 1274 obtigit,

488 1286 654 1329 Tecum
674 1288 780 1329 mihi
801 1287 1030 1329 discordia
1050 1293 1134 1338 est,

248 1404 375 1441 Quanta
394 1406 581 1438 naturaliter
598 1406 768 1438 inimicitia
787 1407 868 1447 lupis
889 1410 983 1446 atque
1005 1407 1098 1446 agnis
1112 1406 1280 1445 congenita
1301 1409 1361 1443 est,
1378 1409 1467 1436 tanta
1485 1405 1564 1436 mihi
1579 1404 1659 1434 inest

807 1499 944 1510 eeeeee

948 1499 1045 1510 ooooo

203 1566 207 1569 '
243 1562 323 1595 ode
337 1569 459 1596 octava
481 1564 572 1596 Libri
598 1565 695 1606 primi
719 1565 754 1596 in
780 1564 843 1597 Ed.
858 1565 985 1596 Sanad.
1030 1564 1226 1605 Epigraphe
1244 1564 1276 1595 in
1295 1573 1363 1595 uno
1379 1563 1457 1595 cod.
1470 1563 1659 1601 Torrentii‚

201 1605 254 1639 Aa
269 1606 439 1639 Menatem
449 1618 462 1644 ‚-
489 1608 524 1638 in
539 1608 658 1640 codice
674 1608 870 1639 Laurentio.
897 1608 937 1639 Iu
952 1608 1084 1640 Sextum
1101 1608 1240 1638 ,rua-nam
1258 1607 1401 1647 Pompeii
1416 1606 1560 1637 libertum
1573 1616 1585 1642 ;
1623 1611 1661 1636 et

202 1649 252 1681 sic
260 1648 369 1682 edidit
382 1650 538 1682 Torrent.
561 1650 630 1682 Alii
644 1656 728 1683 vett.
747 1651 785 1681 In
801 1651 940 1682 Maenam
955 1651 1099 1682 libertum
1111 1660 1124 1687 ,·
1143 1650 1181 1681 lu
1198 1649 1353 1682 Volteium
1366 1649 1505 1680 Menam
1513 1648 1660 1679 libertum

859 1735 1004 1768 NOTAE

242 1797 396 1830 Metrnm
410 1798 502 1830 idem
517 1798 604 1840 quod
623 1799 731 1839 Epod.
748 1809 772 1831 ι.

244 1850 261 1879 1
278 1847 378 1889 Lupis
388 1851 420 1880 et
433 1849 539 1888 agnis,
552 1848 620 1889 ξω]
638 1849 902 1889 Habes,1ector,

199 1898 234 1931 iu
248 1898 310 1930 hac
327 1898 404 1929 Ode
420 1898 622 1940 exquisitam
643 1899 734 1930 servi
750 1900 900 1940 descrip-

203 1948 343 1987 tionem,
367 1952 404 1979 ct
434 1957 548 1980 acrem
577 1958 799 1991 asperamque
825 1949 900 1990 ejus

203 1997 407 2038 arrogantiae
423 1997 699 2030 insectationem.

247 2047 375 2083 Quanta
410 2049 523 2080 sortito
556 2048 686 2089 obtigit]
723 2050 900 2082 Quantum

204 2096 293 2128 inter
308 2106 344 2128 se
360 2097 486 2139 odium,
508 2104 630 2130 natura
646 2099 815 2139 partiente
833 2102 900 2131 vel·

204 2147 255 2178 uti
277 2152 314 2178 et
338 2147 454 2187 dante,
468 2149 660 2180 sortiuntur
675 2156 711 2181 et
732 2149 899 2182 obtinent.

203 2198 295 2230 Plin.
319 2205 354 2230 x.
370 2201 424 2229 74.
441 2198 511 2239 agit
527 2199 570 2230 de
586 2200 730 2232 naturali
751 2211 901 2243 quorun·

202 2248 278 2279 dam
294 2248 486 2279 animalium
499 2247 653 2281 dissidio.

243 2299 264 2329 2
297 2297 409 2329 Tecum
437 2297 515 2328 mim
540 2298 696 2330 discordia
723 2300 787 2341 est]
827 2302 900 2342 Ego

200 2347 290 2380 enim
316 2346 419 2379 fidem
442 2348 740 2382 observantissime
763 2356 800 2383 et
824 2353 901 2384 reli-

202 2396 387 2439 giosissime
403 2398 501 2437 c0103
526 2403 561 2430 tu
579 2399 769 2440 perfidiam.
797 2402 902 2434 Nem—

201 2455 246 2487 pe
268 2447 393 2480 Menas*
414 2448 573 2489 Pompeii
597 2450 718 2491 Magni
743 2451 903 2495 libertus,

159 2534 163 2538 ᾗ
202 2504 245 2528 eo
266 2502 414 2536 mortuo,
442 2498 542 2530 Sexti
569 2505 683 2540 partes
710 2503 902 2544 amplexus,

204 2545 246 2578 ab
261 2555 301 2578 eo
310 2548 441 2588 magnis
453 2549 648 2582 muneribus
660 2551 901 2593 locupletatus,

205 2596 286 2636 quin
311 2602 347 2628 et
370 2598 470 2629 classi
498 2598 681 2639 praefectus
705 2606 757 2633 est
782 2609 902 2634 contra

207 2645 373 2677 Caesarem
395 2646 597 2688 Augustum.
634 2649 687 2681 Ad
710 2651 800 2683 hunc
822 2661 902 2684 vero

208 2693 350 2726 subinde
375 2696 567 2738 transfugit,
592 2704 629 2730 et
656 2699 699 2731 ab
728 2700 801 2741 ipso
822 2710 902 2732 mox

205 2744 357 2784 'equestri
372 2744 535 2785 dignitate
557 2753 704 2781 ornatus.
741 2751 829 2781 Tum
850 2761 902 2782 re-

209 2793 276 2825 diit
289 2792 330 2824 ad
342 2793 482 2827 Sextum
493 2796 694 2838 Pompeium
705 2800 822 2833 relicto
835 2800 904 2832 Au-

955 1803 1067 1840 gusto.
1106 1799 1237 1830 Postea
1263 1797 1404 1829 Sextum
1435 1806 1551 1829 rursus
1583 1806 1661 1838 pro-

954 1849 1037 1880 dens
1063 1858 1103 1880 ac
1128 1847 1290 1879 deserens
1320 1846 1363 1877 ad
1388 1845 1580 1887 Augustum
1607 1856 1658 1878 re-

955 1908 1082 1939 versus,
1106 1898 1150 1929 ab
1177 1908 1218 1929 eo
1243 1897 1395 1937 tandem,
1419 1895 1509 1937 quod
1526 1896 1659 1937 pridem

954 1948 1215 1989 concupiverat,
1229 1947 1402 1979 Tribunus
1426 1947 1572 1979 militum
1588 1947 1658 1979 fac-

955 2005 1010 2031 tus
1025 2004 1089 2030 est.
1128 1998 1176 2030 At
1199 1999 1266 2030 isto
1289 1998 1430 2034 insignis
1453 1998 1578 2030 bonore
1601 1999 1658 2040 qui

955 2048 1048 2081 fit-ut
1065 2054 1134 2080 tam
1157 2047 1266 2079 libere
1282 2047 1326 2079 ab
1345 2048 1488 2079 Horatio
1506 2049 1659 2088 proscin-

955 2099 1056 2131 datur
1070 2100 1080 2130 ?
1103 2099 1189 2130 Tum
1200 2107 1323 2138 nempe
1336 2107 1449 2130 rerum
1462 2103 1565 2139 atque
1576 2104 1659 2130 tem-

955 2158 1074 2189 porum
1092 2153 1237 2189 cogente
1260 2146 1465 2179 difficultate
1485 2158 1525 2179 ac
1542 2158 1658 2179 neces-

955 2201 1071 2241 nitate,
1089 2200 1239 2242 prudens
1255 2201 1372 2232 Caesar
1388 2200 1573 2242 proditoris
1588 2210 1659 2231 sce-

956 2251 1064 2282 lerata
1088 2261 1196 2292 opera
1217 2251 1380 2282 utebatur
1402 2251 1553 2292 quidem,
1584 2251 1658 2291 ejus

958 2309 1038 2332 vero
1054 2301 1267 2342 proditiones
1290 2310 1330 2332 ac
1354 2300 1573 2341 perfidiosum
1591 2301 1659 2331 ani-

957 2359 1047 2381 mum
1063 2350 1229 2382 detestari
1242 2359 1308 2382 non
1325 2349 1469 2382 latebat.
1490 2351 1579 2381 Veli.
1593 2351 1660 2380 Pa-

958 2400 1078 2432 tercul.
1100 2399 1161 2430 lib.
1185 2409 1226 2431 ιι.
1263 2399 1416 2441 Appian.
1444 2400 1533 2431 Bell.
1561 2400 1660 2430 Civil.

957 2451 1016 2483 lib.
1032 2461 1066 2483 v.
1100 2450 1167 2482 Dio
1190 2450 1251 2482 lib.
1273 2459 1403 2482 xnvm.
1425 2450 1566 2481 Sueton.
1593 2450 1661 2480 Oc-

958 2505 1027 2532 tav.
1048 2511 1125 2542 cap.
1150 2503 1204 2532 74.
1228 2500 1287 2531 ubi
1303 2500 1444 2530 scribit:
1467 2499 1659 2531 ‘neminem

956 2561 1102 2593 unquam
1127 2551 1326 2581 libertorum
1346 2548 1534 2579 adhibitum
1550 2558 1658 2582 coenae

958 2601 1000 2631 ab
1017 2600 1186 2643 Augusto,
1212 2604 1363 2638 excepto
1389 2599 1507 2634 Mena,
1531 2600 1590 2631 sed
1608 2610 1659 2631 as-

958 2656 1051 2682 serto
1066 2651 1098 2681 iu
1114 2650 1375 2691 ingenuitatem,
1393 2654 1470 2690 post
1486 2650 1659 2691 proditam

956 2701 1054 2733 Sexti
1078 2700 1234 2741 Pompeii
1258 2699 1427 2732 classem.’
1462 2700 1559 2732 Idem
1583 2702 1659 2733 Me-

959 2760 1020 2782 nas
1041 2755 1144 2782 antea
1174 2748 1364 2790 Augustum
1392 2750 1536 2790 perdere
1560 2752 1660 2784 simul

960 2807 996 2833 et
1011 2801 1195 2833 Antonium
1208 2800 1430 2842 cogitaverat.
1451 2801 1563 2834 Testis
1578 2802 1660 2834 Plu·
