1890 3256
345 290 455 331 1076
825 301 867 338 o.
901 301 1104 330 noRA‘ru
1144 300 1314 329 shAcoi

344 391 515 432 Fecerit
533 393 792 444 auspicium,
813 403 910 435 cras
929 392 1183 432 ferramenta
1201 392 1395 432 Teanum

341 456 545 505 Tolletis,
566 457 690 497 fabri.
750 456 910 495 Lectus
928 455 1111 508 genialis
1133 457 1175 496 in
1196 457 1297 496 aula
1311 461 1377 496 est
1393 458 1411 495 Τ

344 520 424 561 Nil
445 522 507 562 ait
526 535 625 562 esse
647 522 782 573 prius,
805 520 956 560 melius
976 521 1036 560 nil
1057 521 1215 561 coelibe
1237 521 1351 571 vita3

342 585 391 626 Si
411 599 498 626 non
517 591 596 635 est,
608 587 725 639 jurat
745 586 852 625 bene
874 586 982 626 solis
1009 598 1106 626 esse
1126 587 1306 627 maritis.

344 649 447 700 Quo
466 657 633 691 teneam
656 651 798 692 vultus
819 654 1052 691 mutantem
1074 651 1234 692 Protea
1253 651 1368 692 nodo
1385 652 1403 690 'i

345 715 462 766 Quid
483 718 681 768 pauper?
711 716 804 756 ride
821 729 831 757 ε
861 720 998 757 mutat
1019 717 1260 766 coenacula,
1280 717 1436 764 lectos,

342 780 523 829 ssalnea,
545 784 769 832 tonsores;
799 782 1018 822 conducto
1037 783 1208 834 navigio
1228 795 1351 835 aeque

343 845 544 891 Eauseat
563 858 614 886 ac
634 847 846 899 locuples,
866 859 993 898 quem
1013 847 1133 887 ducit
1153 847 1278 899 priva
1298 847 1497 887 triremis.

343 910 391 951 Si
412 915 607 951 curtatus
626 911 830 963 inaequali
851 915 1025 951 tonsore
1043 911 1231 963 capillos

1706 651 1762 690 90

338 1043 514 1073 perversum
527 1035 662 1064 studium
675 1034 848 1074 aedificandi
863 1034 1027 1072 augurium
1041 1034 1069 1064 ei
1083 1034 1216 1072 dederit,
1229 1044 1296 1064 cras
1309 1035 1504 1072 serr-amenta
1518 1033 1766 1074 transportabit&

346 1075 493 1113 Teanum,
509 1086 525 1106 ο
539 1076 685 1115 artifices.
729 1076 830 1105 Porro
842 1075 870 1105 si
881 1075 1015 1112 genialis
1029 1077 1113 1105 torus
1126 1076 1159 1105 in
1172 1076 1243 1105 aula
1257 1076 1321 1113 ejus
1335 1075 1389 1114 sil,
1401 1076 1532 1116 affirmat
1547 1075 1627 1106 nihil
1635 1078 1766 1114 presta·

343 1114 434 1146 bilius
447 1125 512 1147 esse
527 1117 606 1147 nihil
619 1116 781 1156 optabilius
795 1116 860 1146 vita
873 1116 987 1147 coelibe.
1031 1115 1068 1146 Si
1089 1126 1149 1146 non
1169 1117 1266 1155 adest,
1280 1120 1433 1147 asseverat
1452 1117 1528 1147 solos
1541 1115 1685 1155 conjuges
1699 1115 1767 1146 beu-

343 1160 390 1186 tos
410 1167 485 1188 esse.
534 1159 635 1197 Ecquo
660 1158 760 1196 igitur
783 1157 901 1188 vinculo
923 1156 1131 1195 constringam
1149 1157 1295 1188 Proteum
1317 1159 1420 1188 vultus
1441 1158 1631 1188 variantem?
1674 1156 1767 1195 Inops

343 1201 445 1229 autem
459 1200 530 1238 quid
545 1200 635 1237 agit?
655 1200 722 1229 ride
731 1210 741 1228 :
756 1202 855 1229 ntutat
869 1198 1067 1236 domicilium,
1082 1201 1177 1236 toros,
1191 1198 1308 1236 balnea,
1321 1202 1470 1235 tonsores.
1485 1200 1640 1229 conducta.
1653 1197 1766 1238 cymboe

339 1239 469 1273 fastidio
488 1241 607 1280 pariter
620 1241 763 1281 qfficitur,
777 1243 812 1270 ut
825 1240 909 1270 dives
923 1240 975 1279 qui
992 1239 1116 1279 proprio
1129 1239 1252 1271 vehitur
1265 1239 1398 1278 navigio.
1445 1239 1483 1270 Si
1497 1239 1601 1270 obuius
1616 1239 1673 1270 tibi
1683 1238 1765 1279 fiam

938 1342 975 1354 Ν
980 1341 1172 1355 0000000000

342 1404 523 1444 Bamberg.
548 1406 556 1421 ⁸
572 1410 697 1437 ventosa
720 1406 814 1437 libido
837 1406 1054 1437 Marklandus
1076 1416 1118 1437 ex
1141 1407 1273 1446 ingenio
1295 1405 1436 1437 audaci!
1458 1406 1616 1436 Fun—86
1638 1405 1768 1436 Fecerat

343 1445 424 1476 Vnt.
441 1445 551 1476 Palat.
568 1449 599 1478 3.
619 1456 688 1478 cras
701 1446 733 1484 f.
759 1451 789 1478 te
811 1458 903 1478 anum
927 1448 1194 1487 Bamberg.—9o
1217 1448 1310 1478 Unus
1330 1448 1408 1478 Vat.
1423 1452 1459 1478 et
1475 1446 1622 1478 Cbisian.
1637 1450 1668 1478 5.
1690 1448 1767 1477 uodo

343 1495 384 1517 m.
405 1487 447 1517 P.
463 1488 574 1518 tultus.
618 1487 715 1519 Alius
731 1488 809 1519 Vat.
832 1493 868 1519 et
892 1489 1120 1520 Schoenborn.
1135 1491 1167 1519 4.
1189 1490 1306 1519 vultum
1319 1498 1360 1519 m.
1374 1489 1415 1519 P.
1430 1489 1601 1519 noda—91
1625 1487 1767 1526 Coning-

343 1527 442 1558 rides:
466 1528 580 1570 Bentl.
602 1528 701 1559 viden’
723 1533 770 1567 ut,
787 1539 829 1560 ex
857 1531 947 1570 conj.
973 1530 1240 1569 improbantibus
1262 1531 1332 1560 Fea
1353 1536 1390 1561 et
1415 1530 1535 1560 Bothe.
1561 1529 1647 1560 ride.-
1669 1532 1768 1559 mutae

343 1577 463 1598 novem
479 1569 579 1600 codd.
596 1570 830 1610 Oudendorpii
854 1571 896 1601 ad
911 1572 1052 1602 Sueton.
1069 1571 1192 1602 Octav.
1208 1573 1346 1602 68.—92
1370 1571 1463 1601 Unus
1479 1571 1608 1601 Bersm.
1628 1570 1767 1600 conducit

343 1609 565 1648 navigia—93
591 1611 727 1641 Nausea!
741 1614 776 1641 ut
791 1612 931 1650 locuples,
949 1612 1033 1642 ducit
1057 1621 1143 1651 quem
1169 1611 1394 1642 Sciioenborn.
1409 1614 1440 1642 3.
1462 1614 1496 1642 ut
1517 1611 1644 1650 locuples
1665 1610 1765 1640 etiam

343 1650 423 1680 Vat.
439 1650 552 1682 Palat.
571 1653 603 1681 4.
626 1652 710 1682 ducit
726 1662 812 1691 quem
835 1653 978 1693 Cuning.
1002 1662 1045 1683 ex
1067 1661 1146 1683 aure
1167 1655 1322 1683 sua—94
1346 1653 1471 1683 Omnes
1495 1651 1593 1682 codd.
1622 1652 1708 1689 Feae,
1732 1656 1767 1681 et

344 1691 495 1730 aliorum,
511 1701 577 1723 uno
589 1698 733 1734 excepto
749 1693 901 1734 Cruquii‚
924 1700 960 1726 et
976 1694 1094 1735 priscae
1111 1693 1188 1725 edd.
1202 1695 1344 1734 (praeter
1367 1693 1507 1725 Locher.
1531 1702 1606 1732 quae
1628 1695 1766 1724 curtatus

987 1788 1128 1820 NOTAE

345 1845 410 1876 ritu
426 1846 587 1884 incitat-it,
609 1857 649 1878 nc
672 1849 763 1878 velut
775 1848 845 1879 avis
859 1853 962 1880 cantu
978 1853 1034 1879 aut
1087 1848 1178 1879 tidis.

345 1895 460 1924 volatu
471 1895 653 1934 auspicium
663 1895 1032 1934 fecerit,statim,Baiis
1126 1899 1166 1926 90
1188 1895 1317 1934 Protea]
1340 1895 1417 1927 Vid.
1434 1903 1473 1926 n.
1487 1894 1556 1925 Sat.
1569 1898 1599 1925 3.
1615 1896 1667 1925 ⁷1.

345 1942 486 1980 relictis,
517 1943 663 1974 Teanum
697 1945 802 1974 aliove
834 1943 1030 1981 festinabit;

345 2000 453 2032 eoque
481 1997 656 2030 caementa,
684 1993 785 2032 ligna,
812 1992 1031 2031 ferramenta,

345 2045 527 2081 ceteraque
553 2041 773 2072 instrumenta
797 2042 839 2072 ad
865 2041 1030 2072 aedifican·

345 2088 424 2119 dnm
440 2091 630 2120 necessaria
646 2089 973 2130 transferrijubebit.

386 2141 428 2168 86
459 2139 606 2178 Teanum]
650 2139 881 2179 Cognomento
911 2139 1030 2171 Sidici-

345 2197 436 2226 num,
466 2188 545 2218 urbs
579 2189 772 2229 Campaniae
798 2190 831 2220 in
862 2190 947 2220 colle
974 2199 1031 2220 ex-

345 2240 485 2270 structa,
502 2237 589 2267 inter
603 2238 699 2268 Cales
719 2244 755 2269 et
779 2239 948 2278 Suessam,
967 2247 1032 2269 non

345 2287 444 2325 longe
460 2286 558 2317 habet
575 2286 737 2318 Acidulas
763 2297 866 2327 aquas
888 2288 1034 2318 calculo-

346 2335 389 2366 sis
406 2334 503 2365 valde
519 2335 678 2366 salubres.
706 2335 794 2366 Piin.
813 2343 918 2367 xxxt.
933 2338 964 2366 2.

388 2388 428 2415 87
452 2385 561 2416 Lectus
582 2385 716 2424 genialis
743 2386 776 2416 in
806 2386 876 2415 aula
902 2384 962 2424 est]
997 2385 1032 2415 Si

347 2443 486 2465 uxorem
522 2434 636 2472 habet,
669 2434 803 2465 coelibes
833 2433 969 2464 laudat:
1007 2434 1035 2463 si

347 2481 542 2526 non‘habet,
556 2481 670 2513 felices
688 2482 851 2521 praedicat
866 2481 1034 2512 matrimo-

346 2531 552 2571 niojunctos
570 2542 577 2561 ε
604 2531 687 2562 adeo
704 2531 786 2562 levis
810 2535 862 2561 est
885 2530 983 2560 animi
1000 2535 1034 2560 et

347 2580 524 2620 propositi,
549 2579 747 2620 diversaque
777 2589 909 2620 semper
929 2588 1031 2619 expe-

348 2629 401 2659 tit.
444 2629 598 2669 Genialis]
621 2628 661 2659 In
680 2629 805 2669 nuptiis
823 2629 1033 2660 sternebatur

347 2677 455 2707 lectus
471 2678 511 2707 ad
528 2678 684 2708 honorem
699 2678 799 2709 Genii
813 2690 820 2707 ε
845 2678 898 2709 cui
913 2687 1032 2709 nomen

350 2725 392 2756 ab
411 2726 546 2766 antiquo
571 2736 666 2765 geno,
696 2727 717 2758 i.
748 2728 861 2767 gigno.
899 2728 1028 2758 Festus.
1062 2757 1063 2761 ,

349 2773 435 2804 Vide
449 2774 557 2805 Catul.
571 2775 611 2805 de
629 2775 766 2814 Nuptiis
783 2776 876 2807 Pelei
891 2784 931 2806 ac
947 2775 1032 2805 The·

1123 1946 1162 1974 91
1189 1944 1272 1979 Quid
1291 1943 1419 1983 pauper]
1441 1944 1561 1982 Neque
1583 1942 1677 1972 dives
1701 1951 1767 1973 mo-

1083 1994 1137 2032 do,
1152 1993 1210 2024 sed
1236 1998 1271 2024 et
1295 2001 1420 2033 pauper
1442 1991 1671 2023 inconstantia.
1687 1990 1768 2022 vitio

1082 2043 1226 2074 laborat.

1127 2091 1304 2131 Coenacula]
1329 2089 1383 2120 Ita
1409 2089 1592 2120 vocabatur
1616 2089 1767 2129 superior

1085 2138 1203 2169 aedinm
1225 2138 1444 2178 contignatio,
1474 2138 1516 2170 ad
1546 2148 1644 2180 quam
1669 2138 1766 2170 scalis

1085 2187 1297 2219 ascenditur:
1325 2188 1413 2228 quod
1437 2187 1570 2228 quidem
1601 2187 1767 2218 tenuiores

1085 2237 1286 2271 domicilium
1328 2236 1485 2267 mercede
1523 2236 1766 2268 conducebant.

1084 2286 1176 2316 Fest.
1209 2285 1363 2316 Meminit
1377 2284 1550 2316 Juvenslis
1571 2286 1641 2316 Sat.
1663 2293 1698 2316 x.
1714 2287 1766 2315 13.

1085 2334 1226 2365 Plautus
1235 2332 1399 2372 Amphitr.
1410 2331 1575 2371 Apuleius
1585 2333 1668 2363 Met.
1679 2333 1767 2363 Pru-

1084 2383 1239 2414 dentius:
1262 2384 1272 2400 ‘
1289 2381 1406 2413 Omnis
1435 2381 1490 2421 qui
1521 2381 1612 2411 celsa
1636 2381 1767 2412 scandit

1084 2432 1253 2463 coenacula
1268 2430 1408 2470 vulgus.'
1439 2431 1544 2461 Porro
1559 2430 1702 2460 coenstio
1717 2430 1766 2460 di-

1085 2482 1188 2512 vitum
1213 2484 1298 2518 erat,
1314 2479 1518 2510 coenaculum
1541 2487 1620 2510 vero
1643 2489 1766 2520 paupe-

1084 2539 1176 2568 rum;
1199 2528 1286 2570 quod
1309 2529 1440 2569 quidem
1458 2537 1522 2560 non
1547 2538 1646 2559 unum
1673 2529 1765 2559 cubi-

1086 2579 1194 2609 culum
1225 2577 1417 2608 continebat
1454 2582 1512 2608 aut
1544 2576 1766 2617 significabat,

1086 2629 1180 2658 immo
1203 2627 1362 2667 quasdam
1386 2627 1529 2658 habebat
1552 2627 1767 2668 appendices.

1085 2676 1173 2708 Gall.
1189 2686 1229 2706 un
1243 2679 1463 2716 appartemenl.
1665 2683 1668 2686 ’

1124 2728 1165 2756 94
1188 2725 1373 2756 Sicurtatus
1384 2725 1539 2764 inoequali,
1555 2725 1623 2765 qa]
1645 2725 1762 2756 Senec.

1085 2773 1127 2804 de
1144 2774 1241 2804 Brev.
1269 2774 1377 2804 Vitae:
1402 2774 1410 2790 ‘
1427 2773 1511 2806 Quis
1535 2773 1674 2804 istorum
1699 2781 1762 2804 non
