1890 3256
619 290 896 322 SERMONUM
932 290 1026 321 mn.
1063 291 1113 319 ιι.
1144 279 1185 319 6,
1527 278 1640 320 1029

182 386 330 428 Uncta
346 387 454 428 satis
477 385 625 440 pingui
641 388 856 440 ponentur
874 383 1082 427 oluscula
1100 383 1226 424 lardo
1240 383 1260 423 ‘t

183 453 223 494 Ο
245 457 398 495 noctes
417 464 644 506 coenaeque
668 452 813 493 Deum
831 453 842 494 l
873 452 1036 506 quibus
1058 451 1170 505 ipse,
1189 449 1378 502 meique,

183 519 302 561 Ante
320 520 456 562 larem
478 519 707 573 proprium
727 532 901 569 vescor,
921 531 1169 572 vernasque
1188 528 1404 571 procaces

182 587 335 628 Pasco
356 586 509 628 libatis
531 586 739 639 dapibus.
799 586 940 627 Prout
959 586 1122 640 cuique
1139 584 1278 626 libido
1293 588 1376 630 est,

182 653 334 695 Siccat
351 651 593 706 inaequales
615 652 779 694 calices
799 654 1005 703 conviva,
1028 653 1198 694 solutus

182 719 374 772 Legibus
392 719 556 759 insanis
574 733 585 771 ;
618 732 698 760 seu
719 720 819 773 quis
841 720 965 773 capit
985 719 1104 760 acria
1124 719 1252 760 fortis

181 785 367 834 Pocula,
388 798 469 826 seu
489 785 679 827 modicis
699 787 870 828 uvescit
887 786 1047 827 laetius.
1107 785 1224 838 Ergo
1589 784 1645 825 70

184 924 222 954 ba
236 924 430 966 Pythagor-ce
443 925 558 968 affinis,
570 927 719 967 simulque
729 928 814 958 olera
828 927 953 958 condita
967 928 1054 958 lardo
1063 927 1176 968 pingui
1189 931 1203 959 ,⁹
1249 929 1279 959 Ο
1294 931 1399 959 noctes
1413 930 1444 958 et
1458 927 1555 967 epulae
1572 925 1640 956 De-

182 976 281 1004 orum,
295 967 329 999 in
343 968 455 1008 quibus
469 978 526 1008 ego
540 972 570 1000 et
577 969 759 1006 familiares
781 980 938 1001 coenamus
952 971 994 1002 ad
1009 970 1123 1002 Larem
1144 980 1256 1008 meum,
1277 981 1314 1001 ac
1330 973 1493 1011 protervos
1505 970 1648 1008 famulos

181 1008 230 1057 ato
242 1009 321 1040 cibis
333 1010 450 1043 libatis.
495 1011 548 1042 Ibi
561 1013 689 1052 quisque
703 1012 783 1043 tiber
798 1022 818 1043 a
832 1013 939 1044 stultis
953 1012 1085 1052 legibus.
1099 1014 1140 1044 ad
1155 1013 1324 1044 arbitrium
1345 1013 1494 1044 exhaurit
1516 1012 1647 1052 scyphos

181 1051 318 1084 diversos
325 1063 340 1091 ,·
359 1053 424 1085 eive
438 1063 540 1095 capax
553 1055 698 1094 ingentes
711 1055 808 1086 sumit
822 1055 947 1094 calices,
961 1056 1027 1086 sive
1042 1055 1211 1087 minoribus
1229 1056 1315 1096 cupit
1337 1056 1521 1086 madescere.
1567 1054 1647 1084 Tum

795 1158 1039 1171 eeeeeeeeeeee

184 1251 241 1282 ego
255 1242 416 1283 aspiciam,
436 1243 508 1275 sine
522 1246 654 1276 tta—66
675 1245 773 1277 Unus
789 1246 870 1278 Vat.
883 1250 919 1278 et
934 1245 1156 1285 Barbetium,
1166 1246 1327 1287 proprium
1333 1246 1554 1284 jungam—67
1568 1244 1648 1275 Vat.

185 1293 270 1316 unua
283 1295 339 1325 ap.
357 1286 473 1324 Feam,
487 1295 574 1317 unua
589 1287 672 1318 item
689 1288 854 1327 Bentleii,
870 1298 938 1320 eum
952 1292 987 1319 ut
1002 1288 1125 1328 cuique,
1142 1289 1229 1329 quod
1249 1292 1457 1327 receperunt
1472 1286 1588 1319 Bentl.
1610 1290 1647 1316 et

184 1325 380 1358 ludat—69
403 1329 535 1367 Densa,
549 1329 619 1369 quis
632 1330 732 1369 cupit.
771 1330 870 1362 Harl.
886 1334 916 1363 2.
931 1332 1002 1371 quis
1015 1333 1208 1371 σψκλ-70
1229 1331 1314 1361 Tres
1331 1331 1430 1361 Vatt.
1445 1334 1480 1360 et
1494 1329 1563 1360 duo
1589 1328 1648 1359 alii

185 1378 241 1409 ap.
259 1369 374 1406 Fenm,
391 1371 434 1402 al.
450 1380 504 1410 ap.
519 1371 638 1403 Lamb.
656 1372 768 1402 Pulm.
784 1373 890 1413 Cruq.
907 1373 1044 1404 Talbot.
1059 1378 1095 1403 et
1112 1372 1268 1404 Oberlin.
1285 1372 1426 1408 κακίω
1450 1376 1486 1402 et
1501 1371 1551 1401 sic
1568 1369 1648 1401 edd.

183 1411 304 1443 Lamb.
317 1411 427 1443 Pulm.
439 1412 543 1452 Cruq.
553 1413 691 1449 Talbot,
703 1414 807 1454 Pine,
823 1414 957 1452 Valart‚
972 1414 1131 1446 Oberlin.
1148 1415 1236 1445 Dae.
1253 1414 1369 1445 Bentl.
1383 1413 1528 1452 Cuning.
1543 1413 1646 1443 Baxt.

184 1453 310 1484 Sanad.
323 1454 477 1494 Sandby,
492 1454 598 1486 Gesn.
614 1455 723 1486 Zeun.
740 1455 881 1487 Wakef.
900 1456 1020 1487 Comb.
1034 1461 1069 1487 et
1085 1456 1193 1487 Kidd.
1216 1456 1359 1487 tumescit
1376 1455 1445 1485 duo
1461 1464 1517 1496 ap.
1530 1454 1649 1485 Feam.

184 1494 315 1528 vivescit
329 1500 398 1528 tres
423 1506 479 1538 ap.
501 1496 659 1529 eundem.
693 1498 847 1529 humescit
868 1499 954 1532 Exc.
975 1499 1057 1530 Sax.
1082 1498 1182 1530 Harl.
1198 1500 1229 1529 2.
1244 1500 1277 1529 3.
1292 1500 1325 1529 6.
1352 1497 1470 1529 Zarot.
1498 1497 1648 1528 Florent.

844 1602 990 1635 NOTAE

185 1674 412 1714 leguminibus
434 1680 539 1717 atque
563 1677 714 1709 oleribus
730 1678 890 1718 omnique

187 1724 266 1756 cibo
292 1725 435 1765 parabili
464 1726 678 1767 Pythagoras
703 1732 738 1759 et
764 1727 891 1768 Pytha-

186 1774 295 1816 gorici
310 1774 458 1806 libenter
471 1776 717 1808 vescebantur:
733 1777 891 1808 carnibus

186 1829 301 1855 autem
320 1824 377 1855 vix
400 1828 458 1856 aut
484 1834 670 1867 nunquam,
684 1825 891 1867 frugalitatis

187 1873 326 1916 quidem
339 1879 375 1905 et
385 1875 541 1906 sanitatis
552 1876 679 1915 gratia:
697 1885 890 1917 quanquam

188 1924 342 1956 nonnulli
365 1925 571 1956 contrarium
591 1926 756 1957 scribunt.
800 1925 890 1957 Vide

191 1974 268 2005 Cic.'
289 1973 334 2005 de
362 1974 478 2006 Divin.
505 1983 545 2005 ιι.
572 1984 605 2007 n.
634 1978 707 2007 119.
741 1975 889 2016 Diogen.

191 2023 309 2056 Latin.
328 2024 389 2056 lib.
403 2033 485 2056 vm.
506 2024 636 2057 Athen.
658 2025 718 2057 lib.
735 2035 784 2058 iv.
801 2031 836 2057 et
852 2035 890 2058 x.

191 2073 282 2105 Plin.
307 2081 414 2104 xviii.
443 2076 494 2105 12.
522 2074 614 2106 Geli.
642 2083 694 2106 xv.
720 2078 773 2107 11.
804 2076 890 2109 Cael.

194 2122 336 2162 Rbodig.
352 2130 431 2154 xxi.
446 2124 478 2154 3.
498 2131 636 2155 xxvin.
650 2125 704 2154 12.
726 2132 822 2154 xxx.
837 2126 892 2156 36.

192 2173 239 2205 Et
251 2181 327 2213 quae
342 2181 405 2203 nos
420 2171 463 2203 ad
478 2172 636 2204 Juvenal.
651 2174 722 2204 Sat.
737 2181 798 2204 xv.
816 2175 890 2205 173.

193 2221 252 2252 ubi
267 2220 311 2252 de
328 2221 615 2262 anthropophagis
629 2222 828 2262 quibusdam
843 2223 894 2254 ita

194 2270 336 2303 scribit:
360 2270 370 2288 ‘
385 2271 475 2304 Quid
493 2271 626 2302 diceret
640 2281 736 2312 ergo,
744 2272 810 2303 Vel
827 2282 893 2313 quo

192 2329 261 2352 non
277 2319 426 2361 fugeret,
440 2321 468 2352 si
488 2330 577 2353 nunc
592 2321 664 2352 haec
681 2326 831 2353 monstra
845 2322 893 2353 vi-

193 2371 292 2403 deret
308 2371 533 2411 Pythagoras,
544 2371 678 2402 cunetis
693 2372 894 2403 animalibus

192 2420 358 2452 abstinuit
387 2420 444 2460 qui
479 2420 655 2462 Tanquam
685 2421 832 2461 homine,
860 2426 895 2453 et

195 2470 308 2501 ventri
323 2470 466 2502 indulsit
482 2480 546 2502 non
560 2480 658 2502 omne
674 2472 852 2510 legumen?
863 2472 872 2485 '

240 2519 448 2560 Pythagora]
470 2521 559 2553 Vide
573 2530 598 2552 1.
614 2521 684 2553 Od.
700 2523 754 2553 28.
780 2521 892 2562 Epod.

198 2577 259 2600 xv.
273 2572 310 2599 et
325 2577 365 2599 ιι.
379 2568 452 2600 Sat.
467 2571 500 2599 4.

238 2619 280 2648 65
305 2617 335 2647 Ο
346 2620 459 2657 noctes,
471 2628 620 2660 coenoeque
635 2621 754 2661 Deum]
773 2621 803 2651 0
820 2622 894 2662 qui-

197 2667 246 2698 eti
263 2667 389 2698 somni!
411 2676 433 2699 ο
449 2669 560 2708 epulan
583 2672 772 2712 tranquill-«1².
791 2672 894 2711 etju·

198 2716 334 2756 cundae,
356 2718 570 2758 quantumvis
590 2719 710 2752 sobriae
725 2727 761 2753 et
778 2720 893 2761 fruga-

198 2766 263 2804 les,
285 2770 379 2796 certe
403 2767 534 2798 nectari
557 2772 593 2799 et
608 2770 787 2802 ambrosiae
801 2772 896 2803 Deo-

199 2825 272 2847 rum
303 2815 570 2857 aequiparandae!
596 2820 649 2850 vel
677 2823 781 2853 noctes
810 2821 897 2853 dicit

943 1677 1068 1718 Poeta,
1084 1678 1172 1719 quod
1189 1677 1269 1709 olim
1296 1676 1331 1708 in
1354 1676 1494 1707 multam
1511 1681 1649 1708 noctem

943 1729 1174 1770 producerent
1190 1737 1334 1762 coenam,
1359 1732 1398 1758 ut
1418 1725 1499 1758 alibi
1516 1727 1666 1758 notavi--

943 1789 1029 1811 mus.
1215 1814 1217 1816 ,

986 1831 1029 1860 66
1051 1829 1136 1860 Ante
1166 1828 1281 1859 Larem
1307 1824 1483 1867 proprium]
1518 1825 1650 1865 Religi-

944 1888 1003 1910 ose
1019 1878 1098 1910 Diis
1114 1877 1314 1908 domesticis
1330 1877 1454 1914 libans,
1480 1879 1517 1906 et
1535 1875 1651 1915 primi-

944 1928 1012 1959 tias
1037 1926 1185 1959 offerens
1211 1927 1419 1958 rusticarum
1435 1925 1584 1965 dapnm;
1609 1935 1650 1956 ac

945 1982 1067 2019 postea
1082 1987 1100 2007 e
1115 1976 1228 2008 libatis
1239 1976 1384 2016 dapibus
1399 1974 1555 2006 hilariter
1572 1984 1650 2006 cum

943 2026 1170 2063 familiaribus
1187 2031 1223 2057 et
1240 2025 1344 2057 servis
1363 2033 1511 2056 coenans.
1557 2023 1648 2055 Vide

946 2086 972 2108 1.
988 2076 1058 2107 Od.
1076 2079 1127 2107 12.

993 2125 1129 2166 Vernus]
1157 2125 1215 2157 Sic
1232 2128 1398 2155 vocantur
1412 2125 1470 2165 qui
1488 2133 1530 2155 ex
1546 2123 1651 2155 ancil-

944 2175 986 2206 lis
1000 2176 1073 2207 nati
1090 2179 1170 2206 sunt
1186 2183 1290 2205 verno
1304 2179 1471 2214 tempore.
1517 2175 1651 2206 Festus.

948 2224 1113 2263 Prot-aces,
1124 2234 1144 2255 a
1160 2224 1345 2264 procando,
1361 2225 1434 2256 sive
1451 2225 1637 2266 poscendo.

990 2277 1034 2306 69
1055 2273 1195 2312 Legibus
1216 2274 1350 2315 insanis]
1386 2275 1441 2306 De
1463 2274 1516 2306 hie
1535 2274 1652 2306 convi-

949 2324 1080 2355 viorum
1096 2323 1242 2364 legibus,
1257 2323 1335 2355 vide
1350 2332 1395 2355 n.
1413 2324 1483 2356 Od.
1499 2327 1530 2356 7.
1547 2324 1631 2355 Not.

992 2372 1054 2404 Seu
1081 2373 1151 2413 quis
1176 2373 1262 2413 capit
1282 2373 1369 2405 aer-ia
1389 2373 1492 2411 sortis
1514 2373 1651 2413 Pocula]

948 2422 1041 2454 Plin.
1072 2431 1148 2454 xiv.
1184 2424 1238 2454 22.
1273 2422 1382 2453 refert
1418 2423 1427 2439 ‘
1452 2422 1653 2453 Ciceronem

949 2473 1061 2503 Marci
1098 2472 1205 2503 filium
1245 2472 1339 2502 binos
1377 2471 1515 2512 congios
1553 2471 1654 2503 simul

946 2522 1084 2553 haurire
1121 2520 1298 2557 solitum3’
1336 2525 1440 2560 atque
1473 2520 1653 2551 ebrietatis

948 2571 1039 2601 mala
1054 2571 1229 2608 eleganter
1250 2569 1427 2600 describit.
1472 2569 1562 2600 Vide
1578 2570 1655 2601 Ma-

949 2619 1044 2651 crob.
1059 2620 1195 2660 Saturn.
1212 2627 1253 2650 n,
1273 2619 1335 2649 ult.
1351 2618 1443 2649 Gell.
1464 2627 1528 2650 xv.
1543 2621 1576 2650 2.

990 2673 1033 2701 70
1060 2668 1186 2700 Uvescit
1218 2667 1400 2708 [humescit]
1433 2667 1488 2699 Al.
1525 2668 1656 2700 uvescit.

948 2729 999 2752 ιν.
1015 2719 1084 2751 Od.
1097 2723 1128 2750 5.
1146 2719 1180 2748 in
1192 2717 1271 2752 fine.
1283 2717 1293 2734 ⁴
1307 2716 1422 2754 uvidi,'
1438 2717 1472 2748 id
1489 2722 1555 2754 est,
1568 2718 1655 2750 bene

951 2769 1037 2811 poti,
1050 2767 1192 2807 madidi,
1205 2777 1246 2799 ac
1261 2767 1355 2808 pleni
1372 2768 1460 2799 vino.
