1890 3256
632 272 908 307 sannionum
943 275 1037 306 nm.
1068 274 1119 305 ιι.
1148 265 1190 305 4.

178 370 478 425 Pythagoran,
499 367 723 422 Anytique
742 380 878 418 reum,
897 367 1160 421 doctumque
1180 366 1385 409 Platona.

177 437 213 487 ἹῘ
236 438 475 479 Peccatum
494 436 650 484 fatcor,
670 448 772 476 cum
794 439 839 477 te
861 435 927 476 sic
946 439 1145 489 tempore
1168 435 1284 477 laevo

173 503 522 558 Interpellarim:
554 501 631 542 sed
651 501 732 543 des
753 502 922 542 veniam
942 501 1101 550 bonus,
1121 513 1209 542 oro.
1479 550 1483 554 .
1596 502 1625 541 5

178 569 312 620 Quod
332 570 371 611 si
389 568 654 610 interciderit
674 567 755 609 tibi
775 580 889 609 nunc
911 567 1095 621 aliquid,
1115 570 1283 620 repetes
1304 579 1438 618 m0x3

178 635 284 678 Sive
304 640 375 689 est
390 640 556 676 naturae
576 634 678 684 hoc,
700 635 795 676 sive
815 634 950 686 artis3
981 634 1120 675 mirus
1139 637 1340 687 utroque.

176 754 232 786 per
249 748 381 784 tempus,
399 743 537 784 cupienti
551 747 660 775 notare
674 753 752 775 nova
765 744 959 781 documenta,
973 752 1042 783 quoe
1056 743 1332 783 supergrediuntur
1348 742 1574 783 Pythagoram,
1595 745 1627 774 ct

177 789 354 818 accusatam
376 785 416 817 ab
427 785 548 826 Anyto,
562 789 656 826 atque
677 785 834 816 eruditum
858 785 1035 816 Platonem.
1081 785 1178 816 Hon.
1205 785 1361 826 Confiteor
1386 788 1534 823 erratum,
1548 786 1629 824 quod

176 832 210 860 te
221 828 378 861 amorim
391 827 467 858 hora
483 831 549 858 tam
563 829 770 868 inopportuna
781 838 792 858 .·
814 827 882 866 sed,
893 835 1016 867 precor,
1030 827 1160 865 indulge
1170 826 1340 865 benignam
1362 826 1391 857 si
1405 826 1488 857 enim
1502 826 1628 857 excidat

174 870 237 903 tibi
253 870 340 902 ηιοᾶο
353 869 526 911 quidpiam,
539 879 592 901 seu
613 870 692 900 illud
710 870 826 910 pendet
848 878 868 899 a
887 870 1003 900 natura
1025 877 1079 899 sea
1102 868 1141 899 ab
1162 871 1244 908 arte,
1258 867 1417 899 revocabis
1428 868 1540 909 facile,
1562 877 1630 899 cam

785 949 1026 963 ‘onemo

177 1008 247 1037 cent
262 1003 362 1038 Harl.
374 1007 409 1037 2.
440 1006 568 1037 vincant
583 1007 664 1037 Vet.
680 1005 800 1038 Comb.
814 1006 961 1039 Chabot.
978 1006 1101 1047 Delph.
1124 1006 1252 1038 Sanad.
1273 1005 1424 1044 Francis,
1446 1003 1631 1040 Heindorf,

178 1046 316 1079 Wakef.
331 1051 367 1078 et
383 1047 490 1079 Kidd.
532 1048 590 1079 Sic
606 1057 740 1089 quoque
754 1049 857 1080 Joan.
873 1049 1139 1081 saresberiensis
1154 1049 1189 1079 in
1206 1048 1372 1079 Policrat.
1389 1056 1471 1078 vm.
1487 1049 1518 1077 8.
1561 1046 1632 1076 vin-

177 1092 251 1120 eunt
265 1088 364 1120 Harl.
379 1091 412 1120 3.
428 1093 460 1121 4.
476 1093 509 1121 6.
525 1090 677 1121 nonnulli
690 1090 789 1122 codd.
805 1090 967 1130 Bentleii,
980 1100 1096 1122 omnes
1113 1100 1168 1131 ap.
1185 1090 1290 1121 Gesn.
1307 1095 1342 1120 et
1358 1088 1435 1120 edd.
1453 1093 1534 1119 vett.
1549 1087 1631 1119 item

179 1131 283 1172 Cruq.
294 1131 458 1163 Tot-rent.
474 1131 520 1163 Η.
536 1137 572 1163 et
589 1132 633 1163 R.
647 1131 769 1172 Steph.
786 1132 906 1164 Heius.
922 1133 1058 1173 Talbot,
1070 1133 1172 1168 Pine,
1195 1132 1315 1163 Burm.
1330 1131 1441 1162 Bond.
1457 1130 1633 1162 Schrevel.

179 1172 342 1209 Dunster,
355 1173 496 1213 Bipont.
510 1173 616 1205 Baxt.
633 1174 738 1205 Gesn.
753 1173 863 1206 Zeno.
877 1174 1024 1207 Wetzel.
1037 1179 1073 1206 et
1088 1173 1273 1206 Comb.—4
1290 1174 1389 1205 Harl.
1403 1176 1436 1204 4.
1448 1182 1518 1204 cum
1528 1172 1575 1202 sic
1587 1174 1630 1202 te.

178 1217 244 1245 —6
267 1214 542 1250 QumsiZarot.
565 1216 691 1247 Venet.
718 1216 860 1248 Mediol.
878 1219 974 1249 1477.
997 1218 1078 1249 Vet.
1102 1216 1224 1248 Comb.
1241 1216 1285 1247 al.
1308 1217 1318 1233 ‘
1332 1215 1452 1249 Quidsi
1470 1223 1552 1246 vera
1578 1218 1631 1244 est

179 1255 285 1288 lectio
302 1257 487 1298 priscarum
502 1257 702 1298 editionum,
715 1258 817 1294 Quam
830 1259 858 1290 ri
872 1258 983 1290 intere.
1030 1259 1132 1296 Quam
1145 1267 1219 1290 mox
1232 1256 1373 1299 repetes!
1395 1266 1471 1289 cum
1488 1256 1631 1288 admira-

833 1342 977 1375 NOTAE

179 1412 242 1444 per
258 1403 375 1435 literas
392 1413 503 1435 rerum
519 1404 681 1436 memoria
698 1413 877 1436 conserva·
931 1404 1023 1436 vidia
1050 1409 1087 1436 et
1119 1403 1294 1436 calumniis
1324 1413 1524 1445 oppressum
1550 1413 1632 1435 con-

180 1458 246 1484 tur.
290 1452 380 1484 Vide
396 1453 466 1485 Cic.
483 1461 539 1485 111.
557 1453 600 1485 ad
613 1453 744 1486 Heren.
756 1454 877 1486 Senec.
930 1459 1020 1486 stat:
1051 1455 1061 1472 ‘
1074 1454 1159 1487 Quae
1182 1463 1265 1486 vero
1292 1454 1427 1495 publice
1453 1453 1631 1484 damnarat

178 1502 290 1542 Epi-t.
308 1510 359 1534 vr.
929 1502 1190 1536 Atheniensium
1202 1504 1337 1543 civitas,
1358 1503 1496 1544 publice
1518 1501 1634 1540 luxit3'

223 1551 339 1588 Qualia
363 1552 490 1584 vincant
518 1552 741 1594 Pythagoran]
782 1552 878 1584 Talia

177 1605 256 1632 aum
270 1601 344 1633 haec
362 1601 579 1642 documenta,
603 1607 641 1632 ut
665 1601 770 1642 pluris
788 1601 878 1633 aesti-

179 1650 302 1682 mand·
318 1651 501 1683 videantur
512 1661 613 1693 quam
624 1660 700 1692 quae
713 1650 882 1691 scripsere

180 1700 407 1741 Pythagoras,
421 1701 595 1740 Socrates,
607 1701 729 1733 Plato:
750 1702 883 1742 quocir-

180 1759 222 1780 ca
246 1749 362 1780 laboro
390 1758 435 1781 ne
459 1749 540 1791 quid
561 1750 724 1781 memoria
749 1748 880 1790 effluat,

181 1798 230 1829 ait
245 1798 377 1830 Catius.

221 1850 242 1879 8
266 1848 488 1890 Pythagoran]
521 1850 621 1881 Samo
643 1851 752 1881 insula
767 1851 881 1881 oriun-

180 1895 244 1928 dus
258 1897 318 1929 ille
343 1896 458 1929 floruit
482 1903 563 1929 ante
587 1899 759 1930 Christum
783 1899 879 1930 annis

179 1945 288 1978 ferme
317 1949 511 1980 sexcentis:
551 1948 705 1980 discendi
734 1949 878 1990 cupidus

182 1995 225 2026 ad
241 1995 420 2036 AEgyptios
436 2001 471 2027 et
487 1997 694 2037 Babylonios
707 2007 743 2029 se
759 2002 880 2030 contu-

182 2043 236 2075 lit.
280 2043 424 2084 Diogen.
447 2045 561 2077 Laiirt.
580 2046 638 2077 lib.
652 2055 733 2077 νιιι.
774 2046 882 2077 Venit

182 2092 217 2123 in
247 2091 384 2124 ltaliam
415 2099 581 2134 regnante
609 2094 790 2135 Tarquinio
818 2094 884 2126 Su·

184 2141 310 2182 perbo:
336 2151 478 2183 eamque
499 2143 686 2184 regionem,
700 2152 775 2184 quae
790 2152 882 2184 mag-

184 2200 228 2223 na
241 2191 381 2223 Graecia
396 2191 491 2224 dicta
506 2198 570 2232 est,
582 2193 739 2233 privatim
752 2197 787 2224 et
800 2192 884 2233 pub-

185 2241 251 2272 lice
276 2242 454 2273 exornavit
475 2241 766 2282 praestantissimis
790 2242 884 2274 insti-

185 2292 268 2323 tutis
283 2297 319 2323 et
336 2292 476 2324 artibus.
521 2293 606 2324 Cum
630 2302 710 2324 vero
726 2292 884 2324 doctrina

184 2341 257 2383 ejus
271 2341 369 2383 longe
390 2342 528 2382 lateque
551 2341 684 2378 flueret,
707 2351 880 2382 permana-

185 2391 235 2423 vit
263 2391 298 2422 in
336 2391 452 2423 urbem
483 2392 636 2422 Romam.
691 2391 779 2423 Haec
806 2391 879 2423 Cic.

183 2440 284 2472 Tusc.
302 2449 328 2472 1.
344 2449 378 2472 n.
394 2443 448 2471 38.
479 2440 584 2472 Tusc.
599 2449 652 2471 tv.
668 2450 700 2471 n.
714 2443 746 2472 2.
781 2441 881 2472 Tusc.

186 2499 221 2521 v.
235 2499 270 2520 n.
297 2492 346 2521 10.
369 2489 412 2521 de
434 2499 476 2521 eo
491 2490 564 2531 jam
585 2494 684 2522 antea
699 2500 726 2521 1.
744 2490 812 2522 Od.
826 2492 881 2522 28.

189 2542 227 2570 et
238 2538 349 2578 Epod.
365 2547 428 2570 xv.

231 2586 390 2628 Anytique
425 2587 526 2628 ream]
564 2589 753 2629 Socratem,
784 2598 885 2630 quem

190 2646 285 2669 reum
301 2641 447 2676 egerunt
470 2637 602 2678 Anytus
624 2640 763 2682 qnidam
778 2640 887 2680 dives,

190 2685 333 2719 Melitus
346 2685 458 2725 poeta,
471 2692 508 2718 et
519 2688 636 2727 Lycen
649 2694 777 2730 orator,
789 2690 886 2731 quasi

191 2736 278 2768 male
293 2735 337 2767 de
348 2735 421 2766 Diis
433 2735 647 2770 sentientem.
667 2738 746 2771 Alia
756 2740 798 2772 ab
810 2739 884 2771 aliis

192 2785 420 2820 accusationis
441 2786 557 2827 capita
582 2788 786 2823 referuntur.
828 2790 888 2823 In·

275 2838 390 2879 Delph.
405 2841 437 2870 et
452 2838 525 2871 Var.
538 2839 624 2871 Clas.

857 2841 974 2874 Horat.

929 1557 1032 1594 atque
1050 1553 1083 1584 in
1099 1554 1169 1594 ejus
1190 1558 1406 1585 accusatores
1424 1553 1632 1593 indignatio-

932 1612 1010 1634 nem
1027 1607 1063 1633 et
1075 1603 1237 1633 ultionem
1249 1601 1440 1633 convertit:
1459 1606 1496 1632 ut
1512 1602 1633 1632 scribit

932 1651 968 1683 S.
984 1651 1131 1691 August.
1148 1651 1191 1682 de
1214 1651 1288 1682 Civ.
1311 1651 1394 1689 Dei,
1412 1659 1492 1681 νιιι.
1506 1653 1538 1680 3.
1554 1649 1632 1680 vide

933 1701 1094 1732 Laetam.
1108 1709 1143 1730 v.
1159 1702 1210 1731 15.
1243 1700 1382 1731 Platon.
1406 1699 1551 1739 Apolog.
1570 1699 1632 1730 So-

932 1750 1049 1787 cratis,
1083 1749 1187 1790 Apul.
1222 1749 1265 1781 de
1298 1749 1359 1780 As.
1395 1748 1479 1781 Aur.
1508 1749 1566 1779 lib.
1595 1757 1631 1780 x.

934 1798 1059 1830 Athen.
1090 1799 1150 1830 lib.
1178 1807 1260 1830 xtn.
1298 1798 1374 1830 Nec
1404 1799 1633 1838 praetermitte

934 1848 1007 1879 Cic.
1030 1852 1101 1878 tum
1125 1848 1224 1878 variis
1246 1848 1340 1887 locis,
1358 1857 1435 1878 cnm
1458 1847 1632 1887 praecipne

933 1898 1034 1928 Tusc.
1063 1907 1090 1928 ι.
1121 1907 1155 1928 n.
1183 1900 1238 1929 ⁷1.
1273 1898 1283 1914 ‘
1300 1898 1480 1936 Socrates:
1511 1897 1632 1937 inquit,

934 1947 1068 1988 ‘impiis
1078 1947 1256 1978 damnatus
1269 1947 1450 1978 sententiis
1463 1969 1472 1978 .
1486 1969 1495 1978 .
1509 1968 1518 1977 .
1532 1970 1540 1979 .
1555 1956 1631 1977 cum

927 1998 1000 2039 jam
1018 1998 1051 2029 in
1063 2007 1164 2029 manu
1176 1996 1390 2029 mortiferum
1402 1996 1485 2028 illud
1497 2001 1633 2028 teneret

934 2048 1106 2089 poculum,
1126 2048 1260 2080 locutus
1280 2048 1332 2079 ita
1350 2052 1416 2086 est,
1442 2051 1480 2079 ut
1500 2057 1566 2079 non
1588 2046 1632 2078 ad

933 2101 1076 2130 mortem
1100 2098 1205 2139 trudi,
1229 2098 1288 2129 sed
1311 2098 1345 2128 in
1364 2098 1486 2129 coelum
1502 2097 1633 2128 videre-

935 2150 992 2178 tur
1010 2146 1218 2178 ascendere!
1248 2147 1305 2177 De
1326 2146 1466 2178 Socrate
1475 2147 1547 2187 jam
1562 2146 1634 2178 dixi

936 2206 1002 2228 non
1019 2206 1129 2236 pauca
1144 2205 1201 2227 ιιι.
1219 2194 1288 2227 Od.
1303 2198 1356 2226 21.

979 2245 1132 2286 Platona]
1145 2245 1224 2286 Hic,
1237 2245 1388 2277 Socratis
1400 2245 1549 2284 auditor,
1564 2254 1633 2275 ma-

935 2294 1041 2335 gistro
1066 2304 1130 2336 par
1156 2298 1216 2326 aut
1241 2295 1346 2335 major
1374 2295 1497 2330 evasit,
1526 2294 1632 2325 divini

935 2345 1039 2375 etiam
1056 2349 1260 2375 consecutus
1276 2344 1444 2384 elogium:
1464 2343 1632 2374 facundus

935 2393 1022 2424 adeo
1047 2397 1083 2424 et
1104 2393 1276 2434 eloquens,
1291 2396 1330 2424 ut
1345 2392 1525 2423 Platonice
1541 2391 1632 2421 locu·

935 2447 1046 2474 turum
1069 2441 1172 2474 fuisse
1194 2443 1330 2481 Jovem‚
1354 2441 1382 2473 si
1404 2441 1525 2472 Graece
1542 2441 1633 2480 loqui

935 2492 1110 2531 voluisset,
1121 2492 1222 2531 vulgo
1235 2490 1402 2522 dicerent.
1446 2489 1580 2521 Coelebs
1597 2493 1634 2521 et

935 2545 1049 2572 castus
1062 2540 1148 2571 vixit
1159 2540 1202 2571 ad
1216 2548 1339 2570 annum
1352 2538 1463 2570 aetatis
1476 2540 1511 2569 81
1520 2561 1528 2570 .
1543 2543 1633 2570 teste

936 2590 979 2622 D.
995 2588 1142 2630 August.
1164 2588 1254 2619 Vide
1265 2588 1336 2619 Sat.
1351 2587 1500 2628 praeced.
1518 2598 1566 2620 vs.
1581 2591 1634 2620 11.

936 2640 1022 2671 Not.
1058 2637 1149 2670 Item
1178 2638 1261 2669 Cael.
1291 2637 1438 2679 Rhodig.
1477 2647 1572 2670 xxn.
1598 2641 1632 2670 4.

938 2697 1026 2720 xxx.
1042 2688 1104 2719 ult.
1120 2691 1156 2719 et
1170 2687 1251 2719 alibi
1263 2697 1369 2728 saepe.

980 2742 1000 2770 ⁷
1024 2738 1128 2770 Mirus
1153 2737 1297 2778 utroque]
1324 2737 1494 2770 Memoria
1516 2738 1632 2770 valens

940 2793 1012 2820 tum
1034 2787 1180 2821 naturali
1201 2791 1272 2820 tum
1300 2787 1483 2824 artificiali,
1506 2797 1547 2820 ac
1573 2789 1634 2820 rui-

1474 2843 1493 2872 3
1518 2840 1550 2871 R
