1930 3242
556 262 572 283 Ι

611 295 891 328 suumomni
925 294 1020 326 mn.
1051 294 1106 325 11.
1137 285 1175 326 l.
1537 284 1624 327 925

172 393 203 436 J
206 392 502 446 udiciumque.
560 390 597 440 ἹῘ
618 390 745 440 Esto,
766 390 806 431 si
826 389 928 443 quis
948 388 1090 440 mala3
1122 387 1202 429 sed
1220 388 1340 429 bona
1359 388 1398 428 si
1419 387 1521 440 quis

173 459 203 501 J
208 460 336 502 udice
358 458 605 501 condiderit
625 456 836 498 laudatus
857 455 1039 497 Caesare
1052 455 1072 496 'i
1105 455 1146 496 si
1164 454 1265 508 quis

177 526 445 582 opprobriis
464 525 643 578 dignum
660 524 903 573 latraverit,
924 523 1086 575 integer
1104 522 1204 576 ipse
1223 522 1242 561 'l
1571 519 1628 562 85

175 593 212 643 ῚῘ
232 593 471 636 Solventur
491 593 582 633 risu
600 591 765 633 tabulae
785 604 797 642 ;
828 595 875 631 tu
898 590 1063 631 missus
1082 589 1241 630 abibis.

179 741 287 765 verm
298 732 416 772 fecerit
429 731 464 763 in
479 730 666 772 quempiam,
679 730 737 770 Jus
751 733 782 762 et
797 729 956 768 judiciam
969 728 1094 761 existit.
1139 729 1238 761 Hon.
1256 729 1383 765 Fateor,
1395 727 1424 758 si
1437 725 1507 767 quis
1517 729 1634 763 malos,-

180 778 215 807 (ιέ
229 775 259 807 si
273 775 363 806 bonos
380 773 553 814 scripserit,
573 775 722 805 laudatur
735 772 883 812 Augusto
904 771 1046 803 arbitro.-
1066 773 1095 803 si
1115 771 1276 812 quisquam
1294 771 1439 802 innocens
1457 769 1635 811 probrosum

179 817 348 859 venian-it,
362 816 458 850 libelli
473 816 703 856 disrumpentur
717 814 875 846 cachinis:
898 817 934 845 ια
952 823 1023 845 vero
1038 814 1196 845 absolutus
1208 814 1355 845 discedes.

793 919 872 931 ”u
876 917 1034 931 OOOOOOO

184 999 280 1030 1486.
302 1000 340 1029 et
354 996 507 1028 Florent-
522 997 619 1028 1482.
643 996 677 1026 in
697 1004 878 1036 quemquam
900 994 1135 1026 carinium—84
1157 993 1272 1025 Jadice
1293 991 1468 1024 condiderit
1494 991 1640 1023 laudatur

186 1040 285 1072 Harl.
299 1042 332 1072 6.
352 1038 486 1080 plurimi
501 1038 604 1070 codd.
627 1038 792 1075 Bentleii,
807 1042 844 1069 et
856 1036 936 1068 edd.
950 1041 1037 1069 vett.
1079 1036 1195 1068 Juaice
1209 1046 1236 1067 c.
1251 1036 1396 1066 laudatus
1410 1034 1478 1065 duo
1492 1033 1641 1065 Blandd.

185 1082 286 1114 Tous.
309 1085 345 1113 et
366 1082 472 1112 Mart.
488 1079 643 1121 Cruquii,
667 1089 752 1111 unns
774 1079 969 1118 Pulmanni‚
988 1088 1074 1110 unus
1097 1079 1180 1111 item
1197 1078 1412 1116 Bersmauni,
1428 1081 1465 1108 et
1488 1075 1641 1116 Magdal.

186 1122 338 1155 Bentleii
355 1133 375 1154 a
387 1133 430 1155 m.
449 1132 502 1163 pr.
517 1132 594 1154 cum
610 1121 690 1154 edd.
707 1122 814 1163 Cruq.
828 1123 989 1153 Torrent.
1004 1122 1119 1153 Bentl.
1134 1120 1262 1153 Sauad.
1275 1120 1429 1158 Francis,
1440 1122 1478 1150 et
1492 1121 1642 1150 recentt.

187 1166 199 1183 ⁴
215 1165 294 1196 Nou
310 1165 409 1197 video
433 1175 495 1196 cur
516 1164 694 1196 Bentleius
710 1164 753 1196 de
770 1165 917 1196 laudatur
934 1163 1058 1196 fecerit
1083 1163 1118 1194 in
1141 1163 1244 1195 Edito
1269 1172 1331 1194 suo
1354 1159 1519 1193 laudatus-⁵
1539 1160 1644 1191 Baxt.

189 1207 375 1239 ‘Laudatus
390 1206 488 1238 valde
504 1206 583 1237 mihi
600 1206 726 1246 placet,
747 1206 826 1246 quia
848 1205 1039 1247 suspendit,
1061 1209 1098 1236 et
1123 1214 1200 1236 cum
1226 1204 1448 1246 sequentibus
1468 1202 1645 1234 connectit

191 1249 408 1287 sententiam,
422 1248 574 1289 facitque
589 1248 778 1279 orationem
803 1249 911 1281 multo
930 1247 1196 1279 concinniorem.
1240 1247 1326 1280 Quis
1343 1250 1455 1277 autem
1471 1244 1562 1276 ferat
1578 1253 1645 1275 non

191 1291 295 1323 modo
310 1291 460 1332 protasio
475 1295 511 1322 et
525 1289 690 1331 apodosin
706 1289 841 1322 misceri
855 1301 865 1329 ;
887 1290 946 1322 sed
960 1289 1260 1330 interrogationem
1277 1288 1427 1327 Horatii,
1442 1291 1478 1319 et
1491 1285 1646 1318 Trebatii

191 1332 431 1374 responsum?’
453 1333 634 1364 Gesta—85
660 1331 808 1365 Quidam
830 1332 908 1364 libri
931 1337 1063 1364 veteres
1078 1332 1217 1370 babent,
1235 1331 1432 1372 Opprobrio,-
1454 1330 1488 1361 in
1502 1329 1554 1361 his
1569 1328 1647 1360 Mo-

194 1375 366 1414 rellianus,
392 1379 428 1406 et
454 1375 664 1412 Clericanus,
689 1378 726 1405 et
752 1375 978 1406 Russardinns
1004 1384 1091 1405 unus
1117 1383 1174 1414 ap.
1199 1373 1411 1404 Lambinum.
1455 1372 1466 1390 ‘
1484 1371 1647 1411 Plerique

193 1417 315 1457 scripti
330 1416 463 1448 codices
477 1425 554 1447 cum
568 1416 767 1447 Scholiastis
790 1416 960 1448 habebant
981 1415 1159 1452 latraverit,
1181 1425 1247 1446 non
1270 1413 1468 1453 laceraverit,
1482 1412 1573 1454 quod
1588 1412 1648 1443 In·

193 1462 502 1500 terpretnmentum
518 1461 572 1488 est
589 1457 712 1498 prioris
728 1457 824 1488 verbi
841 1457 931 1498 apud
947 1458 1030 1489 Vet.
1050 1457 1165 1488 Schol.
1181 1462 1218 1488 et
1240 1455 1447 1488 contemtius
1468 1455 1647 1492 latraverit,

194 1500 238 1532 de
252 1500 364 1532 Satira
377 1509 449 1530 sua.
485 1499 659 1530 Bentleius
678 1502 757 1539 post
768 1498 968 1530 Lambinum
986 1498 1095 1530 edidit
1108 1498 1293 1530 laceraverit
1311 1496 1517 1529 auctoritate
1531 1495 1649 1528 nescio

193 1540 558 1584 quorumobscurioris
574 1545 665 1572 notae
683 1540 875 1572 Librorum.
919 1540 1003 1582 Ipse
1016 1545 1130 1572 tamen
1145 1540 1278 1572 fatetur
1293 1549 1410 1572 omnes
1425 1538 1552 1580 ubique
1566 1537 1646 1570 Edi·

194 1589 288 1616 tores
314 1588 352 1619 ut
375 1583 495 1615 melius
522 1587 626 1623 atque
652 1583 843 1624 elegantius
865 1584 1041 1624 amplexos
1065 1582 1168 1614 fuisse
1190 1582 1379 1615 latraveritss
1401 1582 1505 1613 Baxt.
1550 1583 1560 1598 ‘
1577 1581 1652 1612 Liv.

195 1634 363 1659 xxxvut.
389 1628 445 1658 54.
477 1626 488 1643 ‘
509 1625 596 1657 Cato
627 1625 802 1656 anan-avit
828 1625 997 1666 Scipionis
1023 1624 1319 1665 magnitudinem!
1374 1623 1526 1655 Verbum
1553 1623 1652 1653 nimis

195 1668 295 1700 triste
320 1674 356 1699 et
378 1667 536 1708 injurium
564 1668 607 1698 de
627 1668 757 1699 Catone
778 1676 845 1698 non
868 1667 1082 1699 adhibiturus
1104 1671 1181 1698 erat
1205 1667 1332 1697 Livius.
1373 1665 1453 1695 vid.
1476 1665 1584 1705 Epod.
1602 1672 1652 1694 vr.

195 1709 364 1784 filtGesn.
407 1709 490 1741 vid.
507 1709 611 1741 Obss.
628 1710 728 1741 Misc.
752 1709 841 1741 Nov.
862 1710 1011 1742 Dor-vill.
1033 1719 1069 1750 p.
1096 1711 1173 1741 425.
1199 1709 1257 1739 ubi
1280 1707 1318 1738 τὸ
1343 1708 1532 1738 laceraverat
1557 1706 1652 1737 darn-

197 1762 241 1784 na
260 1761 310 1784 ur.

848 1825 992 1858 NOTAE

199 1909 392 1943 quenquam
407 1900 606 1942 scripserit:
621 1901 720 1943 isque
736 1909 814 1931 reus
828 1899 901 1941 egi-

200 1958 259 1986 tur
273 1961 317 1984 ex
331 1952 418 1994 lege.

243 2004 286 2034 8⁸
307 2003 398 2042 Esto,
417 2002 447 2034 si
461 2002 532 2043 quis
556 2001 654 2043 mla]
678 2001 782 2034 Ludit
791 1999 904 2033 Poeta

201 2050 238 2082 ln
253 2059 348 2087 voce,
376 2051 508 2091 ‘malm’
532 2051 761 2092 significante,
773 2051 783 2068 ⁴
801 2050 905 2082 male-

204 2100 282 2132 dica.
294 2099 314 2139 ;’
329 2109 430 2142 quam
442 2104 556 2132 tamen
565 2101 685 2140 jocose
701 2099 830 2139 accipit
842 2109 904 2139 pro

203 2149 416 2182 inconcinuis
426 2154 462 2180 et
473 2149 598 2189 ineptis
606 2148 822 2180 carminibus.
836 2147 907 2178 Ita-

205 2210 272 2243 que
295 2200 368 2242 ipse
395 2200 504 2232 utitur
526 2203 702 2240 praeeepto
725 2207 798 2237 suo,
817 2197 906 2240 quod

205 2250 241 2282 in
265 2250 339 2282 Sat.
361 2258 398 2282 x.
425 2249 502 2281 libri
533 2248 633 2290 primi
659 2248 766 2280 tradit
787 2258 837 2279 vs.
854 2250 905 2279 14.

206 2300 217 2318 ⁴
233 2299 428 2332 Ridiculum
452 2298 523 2330 neri
550 2298 686 2329 Fortius
717 2307 757 2330 ac
787 2298 906 2329 melius

207 2358 347 2390 magnas
362 2349 562 2390 plerumque
575 2353 672 2380 secat
688 2351 766 2379 res.'

952 1900 1045 1940 dum,
1057 1903 1093 1932 et
1102 1903 1271 1942 quotquot
1280 1898 1387 1931 bonos
1398 1897 1553 1929 facerent
1564 1905 1654 1928 ama-

953 1948 1026 1981 bat.

995 2002 1038 2031 86
1060 1999 1228 2032 solventur
1242 1999 1309 2030 risu
1330 1996 1461 2037 tabulae]
1484 1996 1564 2028 Non
1582 1996 1655 2027 sine

953 2049 1099 2082 ludibrio
1115 2050 1187 2091 ejus
1202 2049 1260 2090 qui
1283 2048 1386 2089 digne
1408 2046 1514 2078 fuerit
1530 2046 1658 2078 lacera-

955 2103 1023 2135 tus,
1052 2103 1253 2140 rumpentur
1279 2098 1408 2130 tabulae
1440 2096 1658 2135 accusatoris,

957 2158 1018 2180 seu
1033 2149 1137 2180 libelli
1154 2149 1188 2180 in
1205 2158 1300 2180 reum
1315 2146 1453 2179 conflati
1469 2146 1658 2178 accusatio-

961 2208 1038 2232 nem
1071 2199 1228 2232 frivolam
1258 2204 1295 2231 et
1323 2197 1456 2230 futilem
1483 2197 1660 2230 continen-

961 2253 1027 2280 tes.

1008 2297 1054 2329 Tu
1068 2298 1179 2329 missus
1193 2297 1308 2338 abibis]
1319 2297 1428 2330 Poeta
1440 2297 1585 2340 quilibet
1601 2306 1660 2338 op-

961 2347 1106 2389 probriis
1129 2347 1267 2388 dignum
1290 2347 1459 2379 hominem
1473 2347 1660 2379 insectatus

253 2402 295 2431 84
317 2399 432 2431 Judice
450 2399 594 2430 laudatus
611 2398 750 2439 Coesare]
775 2398 908 2439 Augus·
956 2399 1052 2440 juste
1068 2407 1108 2429 ec
1125 2398 1259 2439 merito,
1279 2398 1453 2430 absolutus
1469 2396 1662 2428 dimittetur

209 2451 265 2481 tus
293 2450 382 2482 enim
412 2453 449 2481 et
475 2458 591 2481 versus
620 2448 775 2482 faciebat
803 2449 908 2481 inter·

963 2452 998 2480 et
1013 2448 1160 2489 impune.
