1890 3256
333 287 442 329 1094

795 303 838 339 Q.
870 301 1074 331 HORATlI
1110 301 1278 331 FLAcct

336 392 472 441 Anni,
494 396 733 434 nostrorum
754 406 1000 434 sermonum
1021 393 1203 434 candide
1217 393 1371 446 judex,

335 458 454 507 Quid
476 471 591 499 nunc
611 464 652 500 te
673 460 815 499 dicam
834 459 977 500 facere
995 459 1038 499 in
1056 460 1226 511 regione
1247 459 1458 501 Pedana?

335 523 530 564 Scribere
551 524 666 577 quod
687 524 815 565 Cassi
836 524 1089 565 Parmensis
1109 525 1321 578 opuscula
1342 526 1515 567 vincat?

334 588 406 627 An
424 590 600 629 tacitum
623 590 769 641 sylvas
790 590 902 631 inter
921 597 1092 644 reptare
1110 592 1316 641 salubres,

333 653 565 694 Curantem
587 655 800 707 quicquid
821 656 992 708 dignum
1012 657 1207 709 sapiente
1226 658 1430 710 bonoque
1447 658 1544 698 est'l
1726 658 1755 698 5

338 719 442 759 Non
463 723 506 759 tu
527 732 688 772 corpus
705 733 802 761 eras
823 721 916 762 sine
938 727 1126 775 pectore.

1184 723 1243 763 Di
1263 723 1341 763 tibi
1361 722 1559 772 formam,

336 784 396 825 Di
418 785 496 826 tibi
515 786 694 826 divitias
714 786 935 835 dederunt,
957 791 1176 841 artemque
1197 787 1375 827 fruendi.

382 913 507 949 Tibulle,
527 914 600 945 bone
622 925 726 946 censor
743 918 912 946 nostrorum
932 925 1114 954 sermonum,
1128 915 1202 955 quid
1221 918 1324 955 putem
1338 924 1431 953 agere
1445 917 1476 945 te
1487 915 1572 945 modo
1585 914 1619 944 in
1633 914 1757 952 regione

338 955 488 987 Pedana?
533 957 702 987 Credumne
725 961 755 987 le
770 966 942 996 componere
956 957 1034 996 quod
1046 960 1163 996 superet
1179 966 1270 996 opera
1287 957 1388 987 Cassii
1401 956 1601 986 Parmensis?
1621 965 1662 986 an
1681 955 1758 985 otio-

336 1005 403 1025 sum
423 997 576 1027 ambulare
596 998 628 1028 in
653 998 824 1028 nemoribus
846 998 970 1028 amoenis
983 1008 995 1032 ,·
1016 1001 1148 1028 ceterum
1164 997 1243 1028 nihil
1265 997 1550 1037 proetermittentem
1568 1005 1670 1031 eorum
1691 1006 1759 1036 quoe

337 1038 443 1067 decent
465 1038 567 1068 virum
585 1037 712 1077 probum
730 1049 765 1069 uc
785 1040 962 1078 prudentem
973 1036 989 1069 :1
1030 1038 1128 1077 Atqui
1143 1041 1177 1068 tu
1191 1047 1250 1068 non
1263 1047 1371 1077 corpus
1385 1047 1417 1068 es
1429 1037 1538 1077 absque
1551 1041 1660 1069 mente.
1700 1037 1760 1068 Dii

338 1079 507 1116 elegantem
520 1079 579 1109 tibi
593 1080 732 1120 speciem,
753 1089 892 1120 opesque,
915 1083 945 1110 et
959 1079 1008 1110 his
1023 1079 1094 1110 bene
1109 1080 1213 1110 utendi
1220 1079 1405 1117 facultatem
1418 1079 1527 1118 largiti
1547 1081 1631 1110 sunt.
1676 1077 1760 1113 Quia

938 1172 1175 1185 eeeooaeeueoo

383 1237 535 1276 Epistola
551 1238 657 1276 prima
677 1237 766 1269 Libri
792 1239 890 1278 primi
912 1239 944 1269 in
970 1238 1032 1269 Ed.
1048 1237 1170 1269 Sanad.
1198 1236 1399 1268 Inscribitur
1424 1236 1458 1266 in
1481 1234 1557 1266 cod.
1581 1234 1764 1276 Bamberg.

342 1278 393 1308 Ad
407 1278 534 1309 Albium
552 1280 704 1310 Tibullum
727 1281 907 1319 Elegiarum
922 1280 1182 1320 Scriptorem.—3
1206 1279 1285 1309 Vat.
1310 1279 1406 1309 Rom.
1421 1280 1453 1308 9.
1480 1277 1570 1308 Casei
1585 1277 1761 1308 Partem-sis.

341 1322 403 1350 —4
426 1321 491 1351 Aut
514 1321 643 1351 tacitum
656 1322 882 1352 Schoenborn.
906 1325 936 1352 2.
960 1324 1051 1352 3.-5
1076 1320 1302 1352 Schoenborn.
1318 1322 1350 1351 2.
1375 1319 1517 1359 bonoque,
1542 1318 1613 1349 sine
1637 1319 1683 1357 τῷ
1705 1321 1763 1350 est.

342 1361 422 1392 Vat.
441 1362 537 1393 Rom.
557 1366 583 1393 1.
601 1362 839 1402 bonumque.—⁷
868 1364 943 1394 Vat.
960 1366 990 1394 ³.
1009 1364 1051 1397 al.
1067 1363 1165 1397 codd.
1181 1371 1234 1402 ap.
1251 1361 1359 1392 Pulm.
1384 1361 1485 1400 Cruq.
1511 1361 1663 1391 Torrent.
1686 1360 1765 1390 Tal-

343 1401 413 1434 bot.
428 1409 463 1433 et
478 1404 607 1434 Valart.
625 1406 792 1439 dederunt,-
815 1409 918 1445 atque
935 1405 982 1435 ita
998 1404 1124 1439 Acron,
1139 1405 1192 1444 qui
1210 1408 1306 1433 notat
1329 1404 1336 1420 ‘
1355 1402 1497 1432 mediam
1513 1401 1649 1432 brevem
1665 1401 1764 1440 sylla-

343 1442 443 1474 bam!
485 1445 678 1485 Sequuntur
692 1445 768 1475 edd.
786 1446 875 1476 Frih.
895 1448 986 1476 1536.
1010 1446 1135 1476 Muret.
1150 1446 1251 1484 Cruq.
1274 1444 1428 1474 Torrent.
1450 1444 1552 1473 Baxt.
1572 1443 1685 1473 Bentl.
1700 1443 1765 1473 Cu-

343 1485 433 1525 ning.
460 1485 581 1517 Sanad.
608 1486 750 1518 Gesner.
778 1486 865 1517 Phil.
894 1487 988 1518 Batt.
1005 1487 1156 1526 Francis,
1179 1486 1310 1516 Valart.
1330 1484 1447 1515 Comb.
1472 1483 1607 1515 Wakef.
1629 1484 1772 1515 Wetzel.

987 1580 1124 1612 NOTAE

391 1655 406 1683 l
419 1652 506 1692 Albi]
519 1652 634 1684 Albius
644 1654 855 1686 ine'ribuuus
871 1655 1030 1695 Equestri

347 1703 472 1734 familia
490 1704 603 1734 Romae
620 1708 729 1743 natus,
744 1705 860 1735 eodem
881 1710 1033 1744 tempore

347 1764 413 1795 quo
449 1754 603 1786 Ovidius.
670 1755 801 1794 Ingenii
833 1755 969 1786 solertia
999 1759 1034 1786 et

349 1807 528 1844 suavitate,
544 1813 672 1835 necnon
689 1805 861 1844 praestanti
886 1805 1033 1844 corporis

349 1853 456 1884 forma
469 1853 629 1892 insignis3
655 1853 818 1884 nobilibus
840 1862 936 1884 carus
950 1853 1034 1883 exti-

350 1903 404 1932 tit.
448 1901 635 1940 Elegiarurn
660 1908 803 1943 quatuor
822 1903 924 1934 libros
941 1913 1034 1943 pere-

351 1951 500 1990 legantes
515 1949 662 1989 scripsit.
707 1951 851 1982 Horatio
871 1961 967 1990 quam
987 1950 1033 1981 fa-

352 1999 490 2030 miliaris
504 1998 619 2036 fuerit,
635 2004 730 2039 patet
745 2010 787 2031 ex
805 2009 827 2031 1.
841 2000 918 2031 Ode
933 2002 984 2032 33.
1001 2005 1035 2031 et

354 2058 394 2079 ex
408 2049 470 2078 hae
488 2048 650 2087 Epistola.

396 2097 588 2137 Sermonum]
629 2098 810 2130 Satirarum
848 2099 975 2139 pariter
1002 2104 1037 2130 et

355 2147 591 2187 Epistolarum.

397 2196 534 2225 Candide
552 2194 669 2233 judex]
692 2196 771 2226 Sine
794 2196 976 2227 invidentia
1002 2200 1036 2227 et

353 2243 558 2274 adulatione.
605 2244 705 2275 Forte
724 2245 842 2276 alludit
862 2246 903 2276 ad
921 2254 1038 2276 nomen

352 2294 360 2310 ‘
377 2292 486 2324 Albus
531 2293 639 2333 Epist.
657 2293 698 2324 ad
716 2293 785 2324 Pis.
803 2304 850 2325 vs,
865 2297 938 2326 445.
955 2296 964 2311 ‘
977 2294 1039 2325 Vir

356 2342 461 2373 bonus
478 2346 512 2372 et
529 2342 674 2381 prudens
689 2351 802 2373 versus
812 2343 1038 2382 reprehendet

357 2390 494 2429 inertes,
506 2390 664 2430 Culpabit
679 2390 802 2428 duros,’
816 2393 878 2422 &c.

397 2441 417 2469 2
441 2437 585 2477 Pedana]
621 2438 752 2469 Pedum
775 2439 861 2471 Latii
878 2439 1038 2480 oppidum

357 2487 435 2527 fuit,
451 2497 515 2517 non
532 2488 628 2527 longe
649 2487 693 2518 ab
711 2487 795 2519 urbe
813 2489 929 2519 Roma.
975 2489 1040 2519 Pe-

356 2537 460 2568 danos
477 2537 572 2568 simul
587 2541 622 2567 et
638 2535 803 2575 Aricinos,
818 2537 1043 2575 Laurinienses,

356 2597 393 2618 ac
410 2586 599 2617 Veliternos
613 2586 752 2618 civitate
768 2586 908 2617 donatos
923 2586 1043 2617 scribit

357 2636 480 2666 Livius.
523 2635 562 2666 In
579 2645 618 2666 ea
631 2644 730 2675 porro
743 2636 879 2675 regione
890 2635 1040 2666 Tibullus

357 2683 522 2724 praedium
549 2684 697 2714 habebat
719 2693 882 2714 amoenum
902 2687 937 2714 et
951 2683 1042 2713 locu-

358 2732 439 2772 ples.
485 2732 561 2764 Quo
583 2741 655 2762 cnm
681 2732 874 2763 secessisset
897 2731 938 2762 ad
962 2731 1042 2762 leni-

357 2780 460 2812 endas
474 2781 633 2822 quasdam
645 2790 751 2820 curas,
765 2781 806 2811 ad
819 2789 893 2811 eum
904 2779 1042 2819 scripsit

1086 1652 1261 1691 Horatius,
1289 1651 1504 1692 ostenditque
1528 1650 1639 1681 multis
1665 1649 1766 1681 dona-

1086 1708 1156 1734 tum
1187 1702 1376 1733 muneribus
1400 1711 1420 1731 a
1442 1706 1574 1740 natura,
1598 1710 1618 1731 a
1641 1699 1726 1734 Diis,
1747 1708 1768 1730 a

1086 1752 1222 1783 fortuna
1236 1751 1350 1790 etiam,
1373 1749 1438 1780 frui
1464 1749 1586 1780 debere
1606 1748 1668 1779 illis
1688 1748 1766 1778 dum

1086 1801 1204 1832 liceret
1229 1809 1289 1840 per
1317 1807 1447 1829 usuram
1467 1796 1543 1828 vitae
1570 1797 1688 1827 sensim
1710 1795 1767 1826 de-

1087 1849 1235 1886 fluentis,
1265 1856 1372 1887 neque
1397 1846 1563 1877 solicitum
1582 1854 1656 1876 esse
1673 1854 1769 1885 opor-

1087 1903 1171 1928 tere.

1130 1949 1148 1976 3
1174 1945 1262 1976 Cassi
1280 1942 1470 1981 Parmensis]
1509 1941 1603 1972 Idem
1619 1942 1646 1972 is
1661 1941 1768 1973 credi-

1088 1999 1155 2033 tur,
1167 1994 1209 2024 de
1224 2003 1288 2034 quo
1302 2001 1326 2023 1.
1342 1993 1410 2022 Sat.
1427 1994 1476 2022 10.
1489 1991 1611 2031 quique
1626 1991 1636 2008 ⁴
1653 1991 1770 2021 Etrus-

1089 2053 1147 2073 cus
1156 2042 1164 2055 ¹
1177 2043 1308 2073 dicitur.
1333 2040 1684 2080 ScripsitTragoedias‚
1696 2040 1772 2070 Ete-

1090 2092 1172 2131 gias,
1197 2092 1455 2132 Epigrammata.
1498 2090 1554 2120 De
1575 2099 1614 2120 eo
1629 2091 1677 2120 sic
1692 2089 1770 2119 Vet.

1091 2141 1279 2172 Comment.
1324 2138 1456 2170 Cassius
1484 2137 1676 2169 Parmensis
1699 2137 1771 2167 Tri-

1091 2191 1195 2221 bunus
1220 2189 1360 2219 militum
1387 2187 1419 2217 in
1443 2186 1596 2227 partibus
1615 2186 1720 2218 Cassii
1736 2190 1772 2216 et

1090 2238 1187 2270 Bruti
1215 2236 1289 2268 fuit.
1333 2235 1463 2268 Quibus
1488 2235 1598 2274 victis,
1624 2234 1772 2265 Athenas

1090 2298 1125 2319 se
1141 2286 1292 2318 contulit.
1319 2284 1465 2316 Quintus
1480 2288 1592 2314 autem
1608 2283 1717 2313 Varus
1731 2291 1772 2313 eo

1091 2336 1208 2367 missus
1225 2333 1267 2365 ab
1284 2331 1434 2372 Augusto
1450 2335 1487 2362 ut
1504 2340 1580 2361 eum
1603 2331 1774 2362 interime-

1091 2389 1156 2423 ret,
1177 2382 1366 2414 studentem
1382 2378 1526 2419 reperit:
1551 2378 1673 2419 illoque
1698 2388 1773 2419 per-

1090 2437 1190 2471 emto,
1218 2430 1371 2462 scrinium
1395 2437 1469 2458 cum
1501 2426 1595 2458 libris
1626 2426 1774 2458 abstulit.

1090 2482 1188 2515 Unde
1203 2479 1297 2512 multi
1320 2477 1492 2510 credidere
1507 2477 1681 2516 Thyesten
1693 2477 1775 2508 Tra-

1091 2531 1233 2572 goedinrn
1246 2537 1318 2559 esse
1332 2536 1414 2567 opus
1430 2525 1538 2560 Cassii
1549 2525 1752 2557 Parmensis.

1134 2583 1155 2611 6
1175 2578 1251 2609 Sine
1262 2574 1397 2616 pectore]
1420 2574 1499 2606 Sine
1514 2573 1628 2614 corde,
1640 2583 1773 2613 excors,

1091 2629 1214 2668 absque
1227 2625 1335 2656 animo
1350 2627 1386 2655 et
1400 2623 1546 2664 ingenio.

1138 2674 1291 2714 Formam]
1326 2673 1473 2714 Egregia
1495 2671 1644 2712 corporis
1666 2670 1775 2703 forma

1093 2724 1290 2768 praesftitisse
1306 2721 1431 2753 dicitur
1445 2720 1607 2752 Tibullus.

1135 2776 1154 2804 7
1177 2773 1336 2804 Dederunt
1359 2768 1534 2811 [dederant]
1560 2768 1636 2800 Hoc
1658 2776 1700 2800 eo
1723 2776 1773 2798 re·
