1890 3256
100 1387 105 1390 >
155 1346 274 1377 Lamb.
296 1348 501 1377 exornem—'¹1
525 1345 610 1376 Exc.
633 1345 712 1379 Sax.

567 314 917 347 EPISTULARUM
953 313 1048 345 1218.
1079 313 1113 348 1.
1143 303 1184 344 l.
1486 299 1598 342 1065

150 415 223 456 Ne
242 413 454 468 populum
471 415 669 453 extrema
690 409 824 452 toties
842 410 992 451 exoret
1010 420 1158 450 arena.

151 481 235 523 Est
252 481 357 522 mihi
379 483 611 534 purgatam
632 478 783 519 crebro
803 477 879 531 qui
899 479 1102 531 personet
1121 487 1265 517 aurem
1282 488 1294 516 :

152 548 288 590 Solve
310 549 608 588 senescentem
629 550 795 586 mature
815 555 950 586 sanus
972 555 1150 597 equum,
1164 555 1220 584 ne

152 615 319 657 Peccet
338 613 394 655 ad
416 617 658 655 extremum
676 612 901 662 ridendus,
922 615 968 652 et
987 611 1067 652 ilia
1085 610 1246 652 ducat..

154 681 284 722 Nunc
304 681 454 734 itaque
474 686 520 720 et
538 691 689 720 versus
710 683 752 720 et
773 683 923 720 cetera
941 677 1115 719 ludicra
1135 689 1284 730 pono:
1544 674 1602 715 10

154 747 274 798 Quid
291 759 439 788 verum
460 751 593 800 atque
609 745 774 787 decens
789 758 898 787 curo
915 750 959 786 et
970 757 1093 798 rogo,
1109 748 1151 786 et
1163 744 1303 785 omnis
1318 744 1362 784 in
1373 742 1459 784 hoc
1475 754 1572 783 sum
1591 753 1603 780 z

153 813 306 855 Condo
326 817 372 854 et
386 825 606 866 compono
626 825 727 866 quae
747 825 856 853 mox
877 811 1137 865 depromere
1159 811 1346 864 possim.

150 932 218 964 oede
229 931 399 972 suspensis,
422 930 579 962 delitescit
600 930 722 971 quietus
743 929 835 967 ruri,·
857 939 895 961 ne
918 930 1050 971 amplius
1069 931 1215 971 poputum
1241 930 1447 971 deprecetur-¹
1436 940 1469 960 nn
1492 930 1604 961 ultima

149 982 256 1006 arenu-
302 974 395 1005 Certe
415 975 500 1005 adest
523 972 577 1014 qui
597 973 711 1013 soepius
732 973 909 1004 insusurret
933 975 974 1004 ad
998 982 1106 1004 aurem
1129 982 1227 1004 meam
1251 972 1442 1013 sapientem.-
1466 972 1607 1003 Dimitte

149 1017 284 1056 prudens
306 1017 485 1057 tempestive
498 1025 608 1057 equum
622 1017 663 1047 ad
677 1015 797 1047 senium
810 1018 999 1054 vergentem,
1011 1025 1049 1047 ne
1069 1015 1124 1046 sub
1141 1015 1242 1056 finem
1253 1015 1391 1064 deficiat,
1406 1018 1499 1055 alque
1521 1024 1607 1054 agre

150 1059 322 1091 anhelitum
337 1059 463 1090 trahens
476 1058 667 1090 derideatur.
711 1058 800 1096 Ergo
813 1057 886 1096 jam
900 1058 1090 1089 carminibus
1103 1058 1232 1097 aliisque
1245 1057 1328 1096 jocis
1339 1057 1481 1088 auritium
1495 1058 1605 1089 remit-

151 1103 195 1131 to.
226 1101 345 1140 Satago
359 1101 502 1141 deinceps
515 1104 546 1131 et
561 1109 676 1141 quoero,
693 1100 767 1140 quid
783 1099 906 1135 bonum,
920 1100 994 1140 quid
1009 1100 1168 1131 honestum
1180 1100 1241 1131 sit.-
1264 1103 1357 1141 utque
1371 1100 1404 1130 in
1420 1100 1452 1130 id
1466 1099 1607 1130 incumbo

152 1145 248 1176 totus.
294 1143 417 1183 Collige
431 1146 462 1174 et
477 1146 607 1174 contexo
621 1152 691 1183 quae
704 1141 814 1173 statim
828 1141 974 1173 udliibere
994 1151 1102 1182 queam
1128 1143 1167 1173 ad
1192 1151 1291 1173 usum.
1335 1142 1384 1173 Ac
1410 1151 1448 1173 ne
1466 1141 1608 1180 fortasse

760 1236 840 1249 0009
844 1236 999 1250 ”OQMO

154 1302 233 1334 Vat.
250 1305 370 1334 14.-6
391 1303 470 1335 Vat.
487 1304 517 1334 1.
541 1312 562 1333 a
576 1312 622 1334 m.
648 1312 718 1334 sec.
736 1303 817 1334 Vat.
841 1304 939 1335 Rom.
956 1306 989 1335 3.
1004 1305 1037 1335 4.
1060 1302 1212 1334 Cliisian.
1228 1305 1258 1334 l.
1279 1311 1300 1333 a
1323 1310 1367 1332 ru.
1391 1310 1445 1342 pr.
1472 1300 1528 1332 alii
1551 1309 1608 1341 ap.

740 1348 1105 1386 purgatu...aure.—9
1128 1344 1314 1385 Bamberg.
1338 1353 1392 1384 ap.
1420 1343 1544 1381 Jaeck,
1568 1343 1610 1373 ad

154 1390 423 1419 externum—ll
449 1388 539 1424 Quod
554 1397 661 1419 terum
676 1388 757 1421 Vat.
779 1389 893 1420 Palat.
912 1391 940 1420 l.
958 1394 991 1420 et
1006 1388 1156 1420 Chisian.
1172 1390 1291 1418 1.-12
1317 1387 1404 1418 Cudo
1421 1389 1452 1417 et
1469 1394 1612 1426 compono

805 1481 947 1515 No'rAE

910 1545 1070 1578 victorias
1086 1546 1302 1585 dehonestet,
1318 1546 1367 1577 ita
1383 1544 1489 1577 debet
1505 1544 1612 1585 scrip-

910 1601 962 1628 tor
991 1597 1185 1638 ingeniosus
1216 1596 1421 1636 tempestive
1442 1605 1479 1625 se
1504 1594 1614 1635 quieti

910 1647 1006 1687 dare,
1036 1653 1072 1678 et
1103 1657 1123 1678 a
1149 1646 1330 1679 scribendo
1361 1655 1506 1685 cessare,
1535 1654 1614 1676 cum

154 1555 248 1577 snam
265 1546 426 1578 rusticam
441 1545 512 1577 otio
525 1543 664 1578 fruitur.

191 1598 218 1627 fl
254 1596 307 1627 Ne
333 1596 480 1637 poputum
510 1599 665 1635 extrema,
692 1595 762 1636 ξω]
799 1596 855 1628 Ne

156 1645 245 1677 ultra
278 1650 422 1686 cogatur
448 1646 644 1687 supplicare
670 1647 795 1687 populo
821 1646 855 1677 in

155 1696 291 1726 theatro
317 1695 476 1735 sedenti;
509 1705 569 1727 seu
600 1696 643 1727 ad
671 1696 856 1737 petendam

156 1745 394 1784 vacationem;
431 1754 491 1777 seu
527 1746 570 1777 ad
600 1746 856 1787 deprecandam

155 1798 322 1825 mortem:
359 1797 502 1826 extrema
530 1805 637 1832 arena.
671 1796 705 1827 iu
739 1797 858 1827 ultimo

155 1843 237 1875 vitae
250 1842 458 1882 discrimine,
473 1848 510 1876 et
516 1845 659 1887 jamjam
674 1856 695 1878 a
709 1846 784 1887 pari
796 1856 858 1878 suo

157 1892 289 1924 victore
315 1893 533 1933 enecandus;
559 1896 624 1935 vel,
647 1896 680 1926 in
704 1901 859 1928 extrema

155 1942 396 1984 amphitheatri
405 1943 633 1984 margine,ubi
644 1945 857 1978 certabatur.

199 1994 220 2023 7
243 1992 306 2023 Est
331 1991 410 2024 milii
431 1997 612 2035 purgatam,
640 1995 710 2037 dfe-J
740 1996 859 2028 Prima

159 2040 249 2072 ratio
277 2050 338 2072 seu
373 2043 549 2075 excusatio
582 2053 650 2075 nou
684 2045 859 2077 scribendi

160 2089 226 2121 fuit
242 2089 378 2122 Veianii
394 2091 550 2122 Rudiarii
564 2093 758 2133 exemplum
772 2105 781 2125 ε
811 2095 859 2125 al·

160 2144 236 2170 tera
273 2143 324 2171 est
351 2140 493 2171 rationis
519 2141 684 2172 monitum
708 2148 802 2174 recte
826 2147 862 2175 et

160 2188 335 2230 sapienter
362 2191 588 2231 suggerentis,
623 2196 759 2223 mature
787 2201 859 2224 ces-

160 2237 316 2277 sandum,
345 2248 388 2270 ne
415 2239 509 2280 prior
535 2240 644 2280 gloria
667 2242 861 2282 posteriori-

161 2287 225 2319 bus
253 2289 391 2329 scriptis
414 2294 450 2321 et
480 2290 591 2321 auimo
615 2290 689 2331 jam
714 2300 860 2323 marces·-

159 2341 261 2370 cente
276 2339 487 2371 obscuretur.

202 2388 397 2430 Purgutam]
431 2390 661 2431 Philosophiae
682 2390 862 2423 documen-

161 2438 206 2470 tis
216 2440 402 2480 excultam,
413 2445 450 2472 et
460 2450 573 2472 sanam
584 2446 745 2473 mentem.
762 2442 860 2474 Pers.

161 2488 234 2520 Sat.
247 2498 282 2521 v.
304 2490 314 2507 ‘
330 2495 492 2531 purgatas
505 2491 625 2523 inseris
638 2501 737 2524 aures
748 2493 861 2535 Fruge

164 2538 373 2571 cleanthen.’

206 2591 228 2620 8
251 2588 343 2621 Solve
356 2591 574 2632 senescentem]
600 2592 697 2624 Sicut
715 2592 863 2634 pruden-

166 2639 211 2671 tis
227 2644 277 2671 est
293 2641 497 2682 imitatoris,
511 2653 634 2684 equum
647 2650 752 2676 aetate
768 2643 864 2676 fatis-

167 2694 303 2721 centem
320 2690 462 2732 jamque
485 2693 594 2725 minus
619 2696 766 2727 alacrem
797 2696 863 2727 sol-

168 2748 249 2770 vere
265 2749 285 2770 a
299 2749 400 2771 curru
412 2745 448 2772 et
464 2745 596 2774 mature
612 2753 632 2775 a
647 2745 740 2776 circo
758 2753 864 2776 remo-

162 2798 260 2834 uere,
286 2799 329 2820 ne
351 2790 467 2822 iliosus
489 2801 529 2823 ac
545 2794 745 2834 suspiriosus
761 2795 794 2827 in
809 2805 865 2827 cu·

169 2839 232 2871 ruli
261 2841 448 2873 certamine
484 2841 635 2885 deficiat,
664 2845 864 2888 prioresque

910 1697 1006 1728 senio
1030 1695 1194 1728 fatiscens
1222 1696 1358 1734 eximia,
1381 1701 1419 1727 ut
1441 1700 1533 1735 ante,
1553 1695 1614 1726 de-

910 1755 1067 1788 promere
1081 1755 1148 1777 non
1169 1746 1271 1778 valet.
1315 1746 1465 1777 Ennius:
1490 1745 1500 1762 ‘
1516 1744 1615 1775 Sicut

910 1795 1010 1828 fortis
1026 1805 1132 1837 equus
1147 1796 1260 1836 spatio
1276 1795 1333 1837 qni
1347 1804 1440 1835 soepe
1453 1803 1615 1835 supremo

911 1846 1005 1877 vicit
1020 1845 1196 1886 Olympia,
1219 1854 1311 1876 nunc
1331 1845 1426 1876 senio
1441 1842 1616 1876 consectu'

911 1894 1080 1936 quiescit!
1124 1895 1181 1926 De
1217 1894 1435 1927 Circensibus
1473 1894 1616 1924 Romam

913 1945 1101 1983 translatis,
1118 1944 1161 1975 de
1178 1944 1300 1984 positis
1315 1943 1431 1982 metis,
1446 1942 1489 1974 de
1505 1942 1616 1974 solen-

910 1994 1008 2026 nibus
1023 1993 1214 2034 cnrriculis,
1239 1993 1350 2034 deque
1365 1996 1510 2033 septeno
1527 1992 1617 2023 auri·

913 2052 1032 2084 garum
1055 2043 1098 2074 ad
1115 2047 1240 2074 metam
1257 2042 1416 2082 circuitu,
1433 2052 1474 2074 ac
1489 2042 1617 2074 ceteris

912 2093 1069 2124 ludorum
1086 2093 1219 2130 ritibus,
1241 2092 1320 2124 vide
1338 2092 1437 2124 Alex.
1455 2091 1499 2123 ab
1515 2091 1616 2124 Alex.

914 2152 950 2174 v.
967 2145 998 2174 8.
1016 2145 1081 2175 &c-

957 2195 978 2224 9
1003 2193 1067 2224 Ina
1080 2191 1186 2231 ducat]
1202 2191 1351 2232 Spiritus
1364 2191 1511 2223 ducendi
1524 2192 1617 2224 labo-

915 2251 992 2274 rans
1008 2240 1223 2282 difficultate,
1237 2240 1322 2272 circi
1339 2241 1523 2273 decurrere
1541 2251 1618 2282 spa·

915 2293 976 2332 tia,
991 2293 1062 2334 pari
1080 2296 1118 2323 ut
1133 2291 1213 2322 olim
1232 2291 1416 2323 velocitate
1433 2297 1468 2323 et
1482 2292 1619 2332 ardore,

917 2342 1071 2383 adeoque
1094 2341 1180 2373 alios
1202 2350 1317 2372 secum
1341 2346 1513 2372 certantes
1531 2350 1619 2381 prae-

917 2397 1053 2424 vertere
1069 2396 1105 2423 et
1121 2400 1296 2432 superare,
1320 2395 1478 2432 nequeat.
1524 2390 1616 2421 Plin-

916 2451 1022 2475 xxvr.
1038 2445 1070 2474 6.
1083 2443 1093 2460 ⁴
1104 2442 1215 2473 Tanta
1231 2440 1304 2481 vis,'
1321 2440 1445 2481 inquit,
1458 2441 1467 2456 ‘
1482 2439 1620 2471 verbas-

916 2503 957 2525 co
983 2498 1049 2534 est,
1073 2496 1112 2524 ut
1133 2491 1300 2533 jumentis
1323 2500 1389 2521 non
1404 2483 1505 2521 modo
1521 2489 1620 2520 tussi-

917 2543 1066 2582 entibus,
1090 2542 1150 2573 sed
1174 2541 1232 2572 ilia
1255 2549 1388 2582 qnoque
1407 2539 1618 2571 trahentibus

918 2594 1100 2624 auxilietur
1116 2590 1221 2632 potu.'

963 2647 1004 2675 10
1029 2644 1143 2675 Cetera
1171 2640 1307 2681 ludicra]
1352 2641 1486 2682 Nugas,
1507 2641 1623 2682 jocos,

919 2694 1056 2735 Lyrica‚
1073 2692 1228 2724 satirica.

962 2746 1000 2775 ll
1017 2743 1103 2780 Quid
1113 2750 1216 2773 verum
1225 2744 1315 2781 atque
1327 2741 1446 2781 decens,
1455 2738 1524 2780 ξω]
1538 2740 1620 2772 Phi-

917 2793 1081 2833 losophiae
1103 2791 1223 2823 morali
1239 2800 1376 2831 operam
1394 2789 1437 2820 do
1453 2790 1619 2822 sedulam.

963 2845 1002 2876 12
1028 2842 1135 2874 Cende
1161 2844 1192 2873 et
1214 2838 1372 2882 compono]
1396 2839 1543 2873 Moralia
1558 2839 1620 2872 do-
