1890 3256
575 279 927 311 Emsronsnuiu
962 278 1059 309 1113.
1093 278 1123 308 1.
1154 268 1195 309 2.
1495 265 1607 308 1079

160 377 280 419 Dum
302 381 348 418 tu
371 374 593 416 declamas
616 373 787 422 Romae,
808 373 1036 415 Praeneste
1056 372 1215 425 relegi3

159 443 269 495 Qui,
290 442 396 496 quid
415 442 472 483 sit
491 439 738 494 pulchrum,
759 439 865 494 quid
887 442 1032 492 turpe,
1053 438 1158 492 quid
1179 437 1302 487 utile,
1323 438 1432 492 quid
1451 451 1550 488 non,

158 509 344 551 Planius
364 521 416 549 ac
439 506 593 548 melius
615 505 864 560 Chrysippo
886 510 931 546 et
952 505 1164 547 Crantore
1185 506 1306 547 dicit.

159 575 248 618 Cur
266 576 328 616 ita
348 572 622 622 crediderim,
643 573 726 614 nisi
750 573 855 626 quid
880 579 923 614 te
944 572 1123 622 detinet,
1142 573 1262 614 audi.
1579 574 1606 612 5

159 642 345 691 Fabula,
365 653 453 694 qua
477 639 648 681 Paridis
669 644 849 694 propter
867 643 1065 681 narratur
1085 652 1279 682 amorem

156 765 237 797 hunc
250 767 363 798 revolvi
372 778 384 798 .·
404 767 458 807 qui
470 768 640 807 perfectius
655 771 685 798 et
699 767 823 798 uberius
836 777 928 808 quam
945 769 1137 809 Chrysippus
1151 772 1182 799 et
1197 769 1344 808 Crantor,
1365 770 1454 799 docet
1467 766 1542 808 quid
1556 765 1610 796 ho-

156 811 277 839 nestum
286 809 341 846 sit,
354 809 636 850 quidflagitiosum
646 820 659 846 ‚·
672 809 747 849 quid
761 809 882 850 bonum,
898 810 974 849 qnid
988 811 1113 841 malum.
1153 810 1192 841 Si
1204 811 1285 842 nihil
1298 814 1330 842 te
1341 809 1493 850 prohibet,
1505 809 1609 846 accipe

156 850 351 889 quamobrem
365 852 398 883 id
411 852 458 883 sic
469 852 645 883 statuerim.
689 852 823 883 Carmen
838 861 897 892 quo
915 852 1045 883 Graecia
1056 852 1193 889 refertur
1207 854 1299 892 longo
1310 852 1466 894 Phrygioe
1476 850 1610 882 contrita

759 945 984 958 OOOOOmON

154 1010 175 1039 4
197 1008 329 1040 Plenius
354 1009 535 1050 Bamberg.
560 1009 791 1041 Schoenborn.
818 1013 850 1041 2.
877 1013 909 1041 3.
933 1010 1031 1041 Harl.
1049 1013 1079 1042 1.
1095 1013 1126 1041 2.
1141 1014 1173 1042 4.
1186 1014 1218 1042 6.
1233 1014 1264 1042 7.
1287 1011 1330 1042 al.
1358 1019 1413 1050 ap.
1436 1009 1550 1041 Feam.
1575 1012 1610 1038 et

153 1051 326 1082 nonnullae
353 1051 430 1082 edd.
458 1056 538 1084 ante
566 1052 679 1083 Bentl.
724 1052 859 1083 Planius
883 1052 1032 1093 quinque
1059 1053 1156 1084 Vatt.
1184 1053 1283 1084 Harl.
1307 1055 1338 1084 3.
1364 1052 1463 1084 Gott.
1487 1052 1531 1082 al.
1555 1060 1611 1090 ap.

155 1091 275 1129 Latnb.
292 1093 404 1124 Pulm.
419 1094 580 1127 Torrent.
599 1093 730 1124 Marcii.
749 1094 866 1126 Bentl.
882 1095 963 1125 item
981 1095 1096 1125 Zarot.
1115 1095 1270 1126 Medion.
1287 1096 1381 1126 1476.
1399 1096 1493 1125 1477.
1514 1095 1607 1124 1486.

155 1134 298 1174 =Venett.
311 1137 404 1166 1478.
421 1138 623 1168 1483.1490.
633 1138 729 1167 1492.
742 1139 837 1168 1495.
853 1136 1004 1168 Florent.
1016 1139 1111 1168 1482.
1130 1137 1224 1177 Lips.
1239 1140 1330 1168 1499.
1346 1137 1480 1168 Marcii.
1494 1135 1609 1166 Bentl.

157 1176 303 1217 Cnning.
319 1177 443 1208 Sanad.
460 1179 611 1214 Francis,
629 1178 717 1209 Phil.
731 1178 884 1218 Sandby,
899 1179 1006 1210 Gesn.
1022 1180 1151 1210 Valart.
1165 1179 1321 1212 Oberlin.
1334 1178 1453 1211 Comb.
1471 1177 1611 1216 Bipont.

156 1218 294 1250 Wakef.
311 1220 453 1251 Wetzel.
476 1220 584 1251 Zeun.
602 1220 707 1251 Kidd.
726 1221 807 1260 Fea,
829 1221 954 1260 Bothe,
969 1221 1091 1260 Jaeck‚
1108 1227 1144 1252 et
1157 1222 1314 1261 Doering.
1351 1222 1486 1253 Cantore
1510 1220 1610 1251 Bam-

156 1260 253 1300 berg.
270 1266 304 1292 et
321 1262 552 1293 Schoenborn.
569 1265 601 1294 2.
619 1266 712 1294 3.—5
738 1263 881 1303 Cuuing.
898 1273 959 1294 suo
981 1273 1074 1294 inore
1090 1264 1124 1294 πὶ
1139 1264 1224 1304 quid.
1268 1265 1349 1295 Vat.
1368 1262 1468 1294 Rom.
1493 1265 1525 1294 2.
1552 1261 1608 1292 alii

156 1302 258 1334 codd.
273 1312 329 1344 ap.
345 1305 455 1336 Pulm.
471 1305 551 1336 Nic.
567 1305 686 1336 Heins-
703 1305 745 1336 ad
764 1305 868 1336 Ovid.
887 1306 981 1338 Rem.
996 1305 1072 1336 Am.
1091 1308 1168 1337 486.
1191 1306 1333 1338 distinet.
1377 1304 1611 1337 Schoenborn.

155 1347 187 1376 2.
210 1345 289 1377 Vnt.
321 1347 418 1378 Rom.
433 1351 465 1378 5.
498 1357 517 1378 a
533 1357 578 1379 m.
606 1356 656 1387 pr.
685 1348 741 1378 alii
767 1347 866 1379 codd.
897 1358 952 1388 ap.
978 1348 1095 1379 Lamb.
1121 1348 1265 1382 desiinet.
1302 1349 1381 1379 Vat.
1399 1348 1497 1379 Rom.
1525 1349 1558 1377 4.
1574 1350 1611 1377 et

155 1386 312 1429 Angelie.
328 1391 361 1422 2.
381 1389 527 1422 destinae.
572 1389 652 1421 Vid.
669 1398 718 1422 ιν.
737 1389 807 1422 Od.
824 1393 855 1421 5.
873 1393 992 1422 12.-6
1014 1391 1093 1422 Vat.
1113 1389 1209 1422 Rom.
1230 1393 1262 1422 7.
1286 1400 1345 1431 qua
1365 1394 1494 1431 propter
1515 1388 1611 1420 Pari-

810 1496 950 1528 NOTAE

157 1577 213 1599 sus
229 1567 372 1610 quisque
399 1569 521 1600 Lector
540 1567 720 1601 afficiatur.
768 1569 856 1601 Vide

156 1617 333 1650 Plutarch.
362 1618 420 1651 lib.
437 1618 481 1651 de
494 1618 658 1660 Homero,
682 1620 772 1651 Plin.
791 1628 855 1651 vn.

155 1668 289 1699 Ἁλὰς.

199 1717 344 1749 Maxime
359 1718 458 1759 Lolli]
483 1718 575 1750 Huic
591 1718 695 1750 nobili
724 1718 855 1750 adoles-

157 1769 248 1800 centi
277 1769 441 1810 inscripta
465 1774 518 1801 est
543 1779 595 1802 rv.
617 1770 685 1802 Od.
707 1774 738 1802 9.
774 1770 856 1801 item

155 1827 229 1860 seq.
254 1819 365 1859 Epist.
383 1822 435 1850 18.
481 1820 565 1860 Ejus
591 1819 744 1851 meminit
767 1821 856 1851 Veli.

155 1867 294 1900 Paterc-
311 1868 372 1899 lib.
386 1878 428 1901 11.
468 1869 608 1900 Sneton.
621 1869 736 1900 Tiber.
754 1879 785 1901 c.
803 1872 856 1901 12.

155 1922 192 1949 et
209 1920 261 1949 13.
306 1917 374 1950 Dio
389 1917 448 1949 lib.
463 1925 541 1950 ιιν.
585 1919 637 1949 Ex
653 1918 773 1959 quibus
796 1928 856 1959 ap—

154 1973 254 2007 paret
270 1976 332 1998 cur
346 1969 356 1985 ‘
370 1966 552 1999 msximns'
567 1967 714 1999 dicatur.
751 1968 856 1999 Nem-

155 2025 201 2056 pe
217 2016 244 2047 is
260 2015 403 2048 subinde
426 2017 570 2048 militum
584 2017 755 2049 Tribunus
772 2018 855 2049 Caio

158 2065 285 2096 Caesari
301 2065 336 2096 in
352 2065 544 2097 Armeniam
562 2067 718 2106 pergenti
743 2072 857 2097 rector

158 2115 259 2146 datus
288 2120 342 2148 cst
371 2115 414 2146 ab
441 2114 596 2156 Angusto
623 2120 734 2155 patre.
779 2118 858 2149 Quo

158 2164 271 2205 magni
287 2164 414 2206 ingenii
426 2173 634 2205 summaeque
647 2164 857 2206 integritatis

157 2214 287 2247 indicio
311 2225 378 2247 non
405 2220 521 2256 potest
544 2214 658 2247 afferri
682 2216 772 2247 aliud
789 2217 856 2248 cla-

157 2274 240 2297 rius.

198 2317 220 2346 2
245 2315 332 2346 Dum
350 2318 384 2346 tu
398 2313 566 2354 declamas]
589 2313 681 2344 Dum
699 2317 735 2345 tu
759 2324 856 2345 exer-

155 2365 227 2397 citii
243 2374 347 2396 causa
360 2374 401 2397 ex
419 2364 561 2396 Homeri
579 2364 715 2404 scriptis
732 2366 856 2396 recitas

157 2413 300 2455 aliquid,
315 2423 355 2446 ac
372 2413 538 2455 praeclare
561 2413 700 2444 disseris
723 2413 766 2444 de
792 2415 856 2445 vir-

158 2467 243 2494 tute.
277 2463 355 2494 Hoc
372 2462 544 2495 faciebant
562 2463 678 2493 Romae
693 2469 854 2504 praestan-

158 2520 210 2545 tes
221 2513 346 2555 quique
363 2513 438 2545 viri.

201 2562 380 2602 Proeneste]
412 2563 604 2596 Secesserat
630 2563 793 2595 Horatius
821 2564 853 2594 iu

159 2621 232 2644 eam
249 2612 338 2644 Latii
355 2611 473 2643 urbem
489 2613 581 2644 edito
605 2613 683 2644 colli
709 2612 854 2644 inaedifi·

158 2661 474 2704 catam,Tusculum
487 2662 576 2693 inter
587 2667 623 2694 et
631 2663 756 2694 Tibur:
773 2663 853 2694 hod.

158 2712 338 2743 Paesti-ina
352 2710 487 2742 dicitur.
533 2713 614 2743 Eam
639 2712 854 2744 commendat

159 2761 249 2792 Gell-
264 2769 342 2793 xvi.
359 2763 409 2792 13.
427 2760 483 2791 ubi
502 2758 607 2792 refert
624 2762 854 2794 Praenestinos

160 2821 180 2842 a
205 2810 342 2842 Tiberio
368 2810 493 2851 Imper.
522 2811 708 2852 municipes
732 2812 854 2852 factos,

913 1580 975 1610 pro
1003 1569 1183 1602 referenda
1209 1571 1333 1611 gratia,
1348 1569 1436 1610 quod
1465 1568 1528 1599 sub
1555 1576 1611 1598 eo-

912 1631 985 1652 rum
1003 1621 1131 1661 oppido
1154 1630 1196 1651 ex
1221 1620 1362 1661 capitali
1383 1618 1500 1650 morbo
1517 1627 1612 1648 reva-

911 1670 1042 1701 luisset.

953 1722 972 1750 4
999 1719 1189 1760 Chrysippo]
1220 1718 1357 1750 Stoicus
1378 1718 1435 1749 ille
1457 1717 1612 1748 Philoso-

912 1769 1008 1810 phus,
1024 1769 1125 1800 immo
1141 1769 1335 1800 Stoicorum
1352 1767 1553 1808 coryphaeus
1578 1771 1613 1797 et

911 1820 1079 1850 columen.
1127 1819 1183 1850 De
1199 1828 1240 1850 eo
1265 1827 1288 1850 1.
1310 1818 1384 1850 Sat.
1401 1820 1432 1848 3.
1450 1819 1521 1848 12⁷.
1547 1825 1611 1847 nec

911 1878 978 1899 non
995 1877 1037 1899 ιι.
1050 1870 1122 1900 Sat.
1136 1870 1167 1898 3.
1184 1870 1239 1899 44.

956 1917 1125 1957 Crantore]
1149 1916 1375 1948 Academicus
1390 1917 1471 1955 iste,
1493 1916 1614 1947 Plato-

910 1967 962 1997 nis
987 1966 1135 2002 auditor,
1162 1966 1371 1996 Xenocratis
1397 1965 1614 2005 condiscipu-

909 2017 973 2052 lus,
996 2016 1081 2047 mire
1106 2015 1265 2046 laudatur
1288 2025 1307 2046 e
1335 2015 1516 2053 Cicerone,
1541 2020 1611 2046 tum

911 2067 1006 2105 alibi,
1029 2071 1100 2097 tum
1125 2065 1293 2097 Academ.
1317 2066 1385 2098 Qu.
1407 2074 1460 2097 ιν.
1485 2075 1519 2098 ιι.
1539 2068 1613 2097 135.

912 2115 967 2146 ubi
979 2115 1028 2146 sic
1038 2116 1162 2147 habet:
1188 2120 1197 2134 ‘
1210 2115 1368 2155 Legimus
1381 2124 1498 2146 omnes
1507 2115 1614 2146 Cran-

913 2164 996 2195 toris
1030 2165 1158 2196 veteris
1189 2163 1391 2195 Academici
1427 2163 1471 2194 de
1504 2164 1612 2196 luctu.

913 2214 977 2246 Est
1000 2214 1087 2245 enim
1104 2223 1170 2244 nou
1190 2223 1344 2254 maguus,
1361 2223 1478 2245 verum
1494 2224 1613 2245 aureo·

911 2264 963 2295 lus
977 2285 1002 2294 ..
1013 2267 1068 2296 .et
1079 2263 1120 2294 ad
1138 2263 1276 2294 verbum
1292 2262 1497 2295 ediscendus
1514 2263 1613 2296 libel-

911 2313 986 2345 lus.'

954 2366 974 2394 6
1003 2361 1136 2402 Fabula,
1160 2372 1222 2403 qua
1248 2362 1393 2403 Paridis,
1419 2361 1490 2401 ξω]
1528 2361 1612 2392 Ilias

910 2412 1031 2453 viginti
1055 2416 1202 2453 quatuor
1231 2412 1326 2443 libris
1355 2411 1612 2451 comprehensa,

910 2472 994 2502 opus
1025 2463 1115 2493 omni
1146 2461 1246 2492 laude
1281 2461 1403 2500 majus,
1434 2470 1452 2490 a
1482 2469 1610 2491 summo

909 2512 1097 2544 Poetarum
1124 2511 1276 2543 antistite
1302 2510 1545 2550 conscriptum,
1566 2510 1610 2542 de

908 2563 1000 2594 bello
1030 2562 1229 2593 Graecorum
1262 2559 1422 2590 adversus
1450 2559 1611 2600 Trojanos

909 2611 950 2642 ad
989 2609 1229 2641 vindicandam
1268 2608 1426 2648 injuriam
1465 2608 1609 2641 Helenae

909 2660 1060 2691 Menelai
1084 2659 1172 2699 regis
1187 2659 1323 2699 Spartae
1341 2658 1469 2699 uxoris,
1485 2659 1528 2690 ob
1545 2659 1610 2689 sin-

910 2712 1062 2751 gularem
1081 2709 1362 2750 pulchritudinem
1375 2718 1436 2750 per
1448 2709 1607 2740 Paridem

910 2766 1029 2802 rapta‘.

954 2810 1087 2850 Fabula]
1120 2810 1176 2842 Sic
1198 2815 1340 2842 vocatur
1365 2809 1509 2851 Epicutu
1537 2819 1608 2840 cai-
