<?xml version="1.0" encoding="UTF-8"?>
<!DOCTYPE html PUBLIC "-//W3C//DTD XHTML 1.0 Transitional//EN"
    "http://www.w3.org/TR/xhtml1/DTD/xhtml1-transitional.dtd">
<html xmlns="http://www.w3.org/1999/xhtml" xml:lang="en" lang="en">
 <head>
  <title>
</title>
<meta http-equiv="Content-Type" content="text/html;charset=utf-8" />
  <meta name='ocr-system' content='tesseract 3.04.00' />
  <meta name='ocr-capabilities' content='ocr_page ocr_carea ocr_par ocr_line ocrx_word'/>
</head>
<body>
  <div class='ocr_page' id='page_1' title='image "./operazeune02horauoft_0574.png"; bbox 0 0 1890 3256; ppageno 0'>
   <div class='ocr_carea' id='block_1_1' title="bbox 332 283 1289 338">
    <p class='ocr_par' dir='ltr' id='par_1_1' title="bbox 332 283 1289 338">
     <span class='ocr_line' id='line_1_1' title="bbox 332 283 1289 338; baseline 0.008 -15"><span class='ocrx_word' id='word_1_1' title='bbox 332 283 442 325; x_wconf 72' lang='lat'>1114</span> <span class='ocrx_word' id='word_1_2' title='bbox 810 303 852 338; x_wconf 74' lang='lat' dir='ltr'>Q.</span> <span class='ocrx_word' id='word_1_3' title='bbox 882 299 1087 329; x_wconf 59' lang='lat' dir='ltr'>nona-&#39;ru</span> <span class='ocrx_word' id='word_1_4' title='bbox 1120 301 1289 331; x_wconf 62' lang='lat' dir='ltr'>abaco!</span> 
     </span>
    </p>
   </div>
   <div class='ocr_carea' id='block_1_2' title="bbox 812 466 1277 508">
    <p class='ocr_par' dir='ltr' id='par_1_2' title="bbox 812 466 1277 508">
     <span class='ocr_line' id='line_1_2' title="bbox 812 466 1277 508; baseline 0.002 -1"><span class='ocrx_word' id='word_1_5' title='bbox 812 466 1119 508; x_wconf 84' lang='lat' dir='ltr'><strong>EPISTOLA</strong></span> <span class='ocrx_word' id='word_1_6' title='bbox 1165 466 1277 508; x_wconf 91' lang='lat' dir='ltr'>VII.</span> 
     </span>
    </p>
   </div>
   <div class='ocr_carea' id='block_1_3' title="bbox 825 573 1260 606">
    <p class='ocr_par' dir='ltr' id='par_1_3' title="bbox 825 573 1260 606">
     <span class='ocr_line' id='line_1_3' title="bbox 825 573 1260 606; baseline 0.005 -3"><span class='ocrx_word' id='word_1_7' title='bbox 825 573 893 603; x_wconf 84' lang='lat' dir='ltr'>AD</span> <span class='ocrx_word' id='word_1_8' title='bbox 926 574 1260 606; x_wconf 79' lang='lat' dir='ltr'><strong>MAEOENATEM.</strong></span> 
     </span>
    </p>
   </div>
   <div class='ocr_carea' id='block_1_4' title="bbox 333 659 1754 1222">
    <p class='ocr_par' dir='ltr' id='par_1_4' title="bbox 333 659 1754 1222">
     <span class='ocr_line' id='line_1_4' title="bbox 333 659 1750 707; baseline 0.005 -17"><span class='ocrx_word' id='word_1_9' title='bbox 333 659 449 691; x_wconf 89' lang='lat' dir='ltr'>Otium</span> <span class='ocrx_word' id='word_1_10' title='bbox 466 659 719 691; x_wconf 87' lang='lat' dir='ltr'>anteferendum</span> <span class='ocrx_word' id='word_1_11' title='bbox 745 659 885 693; x_wconf 85' lang='lat' dir='ltr'>divitiis.</span> <span class='ocrx_word' id='word_1_12' title='bbox 907 661 1008 693; x_wconf 75' lang='lat' dir='ltr'>Baxt.</span> <span class='ocrx_word' id='word_1_13' title='bbox 1052 662 1229 699; x_wconf 84' lang='lat' dir='ltr'><strong>Horatius,</strong></span> <span class='ocrx_word' id='word_1_14' title='bbox 1252 671 1363 704; x_wconf 87' lang='lat' dir='ltr'>quem,</span> <span class='ocrx_word' id='word_1_15' title='bbox 1387 673 1463 696; x_wconf 83' lang='lat' dir='ltr'>curn</span> <span class='ocrx_word' id='word_1_16' title='bbox 1488 664 1625 704; x_wconf 79' lang='lat' dir='ltr'>dlutius,</span> <span class='ocrx_word' id='word_1_17' title='bbox 1651 673 1750 707; x_wconf 79' lang='lat' dir='ltr'>quam</span> 
     </span>
     <span class='ocr_line' id='line_1_5' title="bbox 373 713 1750 759; baseline 0.004 -16"><span class='ocrx_word' id='word_1_18' title='bbox 373 714 582 753; x_wconf 81' lang='lat' dir='ltr'><strong>promiserat,</strong></span> <span class='ocrx_word' id='word_1_19' title='bbox 604 714 710 744; x_wconf 87' lang='lat' dir='ltr'>Roma</span> <span class='ocrx_word' id='word_1_20' title='bbox 727 713 862 745; x_wconf 81' lang='lat' dir='ltr'>abesset</span> <span class='ocrx_word' id='word_1_21' title='bbox 883 719 918 746; x_wconf 88' lang='lat' dir='ltr'>et</span> <span class='ocrx_word' id='word_1_22' title='bbox 940 716 973 746; x_wconf 89' lang='lat' dir='ltr'>in</span> <span class='ocrx_word' id='word_1_23' title='bbox 989 716 1067 746; x_wconf 86' lang='lat' dir='ltr'>villa</span> <span class='ocrx_word' id='word_1_24' title='bbox 1092 716 1325 757; x_wconf 81' lang='lat' dir='ltr'>rusticaretur,</span> <span class='ocrx_word' id='word_1_25' title='bbox 1340 716 1391 748; x_wconf 86' lang='lat' dir='ltr'>vel</span> <span class='ocrx_word' id='word_1_26' title='bbox 1416 718 1588 750; x_wconf 73' lang='lat' dir='ltr'>Maecenas</span> <span class='ocrx_word' id='word_1_27' title='bbox 1610 718 1682 759; x_wconf 82' lang='lat' dir='ltr'>ipse</span> <span class='ocrx_word' id='word_1_28' title='bbox 1696 719 1750 750; x_wconf 85' lang='lat' dir='ltr'>vel</span> 
     </span>
     <span class='ocr_line' id='line_1_6' title="bbox 373 765 1754 811; baseline 0.006 -17"><span class='ocrx_word' id='word_1_29' title='bbox 373 774 434 804; x_wconf 87' lang='lat' dir='ltr'>per</span> <span class='ocrx_word' id='word_1_30' title='bbox 449 765 548 795; x_wconf 85' lang='lat' dir='ltr'>alium</span> <span class='ocrx_word' id='word_1_31' title='bbox 563 766 741 805; x_wconf 86' lang='lat' dir='ltr'>quendam,</span> <span class='ocrx_word' id='word_1_32' title='bbox 756 771 791 796; x_wconf 91' lang='lat' dir='ltr'>ut</span> <span class='ocrx_word' id='word_1_33' title='bbox 805 767 958 806; x_wconf 83' lang='lat' dir='ltr'>promissi</span> <span class='ocrx_word' id='word_1_34' title='bbox 972 768 1166 808; x_wconf 81' lang='lat' dir='ltr'>reditusque</span> <span class='ocrx_word' id='word_1_35' title='bbox 1182 777 1309 799; x_wconf 90' lang='lat' dir='ltr'>memor</span> <span class='ocrx_word' id='word_1_36' title='bbox 1324 772 1423 806; x_wconf 79' lang='lat' dir='ltr'>esset.</span> <span class='ocrx_word' id='word_1_37' title='bbox 1438 774 1623 810; x_wconf 80' lang='lat' dir='ltr'>monuerat,</span> <span class='ocrx_word' id='word_1_38' title='bbox 1637 771 1754 811; x_wconf 79' lang='lat' dir='ltr'>idque,</span> 
     </span>
     <span class='ocr_line' id='line_1_7' title="bbox 372 816 1752 862; baseline 0.005 -16"><span class='ocrx_word' id='word_1_39' title='bbox 372 820 409 847; x_wconf 85' lang='lat' dir='ltr'>ut</span> <span class='ocrx_word' id='word_1_40' title='bbox 425 816 571 857; x_wconf 82' lang='lat' dir='ltr'>videtur,</span> <span class='ocrx_word' id='word_1_41' title='bbox 584 817 716 857; x_wconf 87' lang='lat' dir='ltr'>gravius</span> <span class='ocrx_word' id='word_1_42' title='bbox 733 821 767 848; x_wconf 90' lang='lat' dir='ltr'>et</span> <span class='ocrx_word' id='word_1_43' title='bbox 782 827 855 849; x_wconf 89' lang='lat' dir='ltr'>cum</span> <span class='ocrx_word' id='word_1_44' title='bbox 871 818 1014 859; x_wconf 86' lang='lat' dir='ltr'>quadam</span> <span class='ocrx_word' id='word_1_45' title='bbox 1029 819 1149 858; x_wconf 85' lang='lat' dir='ltr'>ingrati</span> <span class='ocrx_word' id='word_1_46' title='bbox 1166 820 1266 850; x_wconf 88' lang='lat' dir='ltr'>animi</span> <span class='ocrx_word' id='word_1_47' title='bbox 1280 820 1555 861; x_wconf 81' lang='lat' dir='ltr'>exprobratione,</span> <span class='ocrx_word' id='word_1_48' title='bbox 1567 821 1752 862; x_wconf 85' lang='lat' dir='ltr'>respondet</span> 
     </span>
     <span class='ocr_line' id='line_1_8' title="bbox 372 867 1751 913; baseline 0.005 -15"><span class='ocrx_word' id='word_1_49' title='bbox 372 867 525 907; x_wconf 84' lang='lat' dir='ltr'>liberius,</span> <span class='ocrx_word' id='word_1_50' title='bbox 537 877 599 899; x_wconf 85' lang='lat' dir='ltr'>nec</span> <span class='ocrx_word' id='word_1_51' title='bbox 613 872 721 900; x_wconf 82' lang='lat' dir='ltr'>tamen</span> <span class='ocrx_word' id='word_1_52' title='bbox 735 869 806 900; x_wconf 90' lang='lat' dir='ltr'>sine</span> <span class='ocrx_word' id='word_1_53' title='bbox 818 869 1007 901; x_wconf 85' lang='lat' dir='ltr'>urbanitate</span> <span class='ocrx_word' id='word_1_54' title='bbox 1020 874 1193 910; x_wconf 83' lang='lat' dir='ltr'>consueta,</span> <span class='ocrx_word' id='word_1_55' title='bbox 1203 880 1277 902; x_wconf 88' lang='lat' dir='ltr'>sese</span> <span class='ocrx_word' id='word_1_56' title='bbox 1293 871 1426 912; x_wconf 83' lang='lat' dir='ltr'>quidem</span> <span class='ocrx_word' id='word_1_57' title='bbox 1438 873 1626 913; x_wconf 81' lang='lat' dir='ltr'>gratissimo</span> <span class='ocrx_word' id='word_1_58' title='bbox 1641 874 1751 905; x_wconf 86' lang='lat' dir='ltr'>animo</span> 
     </span>
     <span class='ocr_line' id='line_1_9' title="bbox 372 919 1752 964; baseline 0.004 -14"><span class='ocrx_word' id='word_1_59' title='bbox 372 919 612 951; x_wconf 82' lang='lat' dir='ltr'>liberalitatem</span> <span class='ocrx_word' id='word_1_60' title='bbox 635 921 835 952; x_wconf 67' lang='lat' dir='ltr'>Maecenatis</span> <span class='ocrx_word' id='word_1_61' title='bbox 861 930 1054 961; x_wconf 82' lang='lat' dir='ltr'>agnoscere,</span> <span class='ocrx_word' id='word_1_62' title='bbox 1080 931 1146 962; x_wconf 90' lang='lat' dir='ltr'>qua</span> <span class='ocrx_word' id='word_1_63' title='bbox 1168 922 1318 962; x_wconf 86' lang='lat' dir='ltr'>locuples</span> <span class='ocrx_word' id='word_1_64' title='bbox 1339 923 1384 954; x_wconf 79' lang='lat' dir='ltr'>sit</span> <span class='ocrx_word' id='word_1_65' title='bbox 1407 921 1538 955; x_wconf 84' lang='lat' dir='ltr'>factus:</span> <span class='ocrx_word' id='word_1_66' title='bbox 1569 933 1696 964; x_wconf 84' lang='lat' dir='ltr'>verum,</span> <span class='ocrx_word' id='word_1_67' title='bbox 1723 925 1752 956; x_wconf 89' lang='lat' dir='ltr'>si</span> 
     </span>
     <span class='ocr_line' id='line_1_10' title="bbox 371 971 1751 1015; baseline 0.004 -13"><span class='ocrx_word' id='word_1_68' title='bbox 371 971 542 1003; x_wconf 77' lang='lat' dir='ltr'>Moecenas</span> <span class='ocrx_word' id='word_1_69' title='bbox 563 981 653 1012; x_wconf 88' lang='lat' dir='ltr'>eum,</span> <span class='ocrx_word' id='word_1_70' title='bbox 666 982 755 1004; x_wconf 88' lang='lat' dir='ltr'>nunc</span> <span class='ocrx_word' id='word_1_71' title='bbox 780 973 1033 1012; x_wconf 81' lang='lat' dir='ltr'>ingravescente</span> <span class='ocrx_word' id='word_1_72' title='bbox 1049 978 1164 1013; x_wconf 65' lang='lat' dir='ltr'>aetate,</span> <span class='ocrx_word' id='word_1_73' title='bbox 1183 983 1350 1015; x_wconf 77' lang='lat' dir='ltr'>nunquam</span> <span class='ocrx_word' id='word_1_74' title='bbox 1366 985 1386 1006; x_wconf 87' lang='lat' dir='ltr'>a</span> <span class='ocrx_word' id='word_1_75' title='bbox 1399 985 1436 1006; x_wconf 92' lang='lat' dir='ltr'>se</span> <span class='ocrx_word' id='word_1_76' title='bbox 1451 975 1622 1008; x_wconf 75' lang='lat' dir='ltr'>dimittere</span> <span class='ocrx_word' id='word_1_77' title='bbox 1638 977 1751 1013; x_wconf 80' lang='lat' dir='ltr'>vellet.</span> 
     </span>
     <span class='ocr_line' id='line_1_11' title="bbox 370 1023 1751 1068; baseline 0.004 -15"><span class='ocrx_word' id='word_1_78' title='bbox 370 1032 435 1054; x_wconf 88' lang='lat' dir='ltr'>nec</span> <span class='ocrx_word' id='word_1_79' title='bbox 458 1024 490 1054; x_wconf 91' lang='lat' dir='ltr'>ei</span> <span class='ocrx_word' id='word_1_80' title='bbox 516 1024 688 1063; x_wconf 87' lang='lat' dir='ltr'>pristinam</span> <span class='ocrx_word' id='word_1_81' title='bbox 710 1023 937 1055; x_wconf 83' lang='lat' dir='ltr'>valetudinem</span> <span class='ocrx_word' id='word_1_82' title='bbox 958 1025 1207 1066; x_wconf 84' lang='lat' dir='ltr'>juvenilemque</span> <span class='ocrx_word' id='word_1_83' title='bbox 1228 1026 1376 1066; x_wconf 86' lang='lat' dir='ltr'>vigorem</span> <span class='ocrx_word' id='word_1_84' title='bbox 1400 1026 1574 1066; x_wconf 89' lang='lat' dir='ltr'>redderet,</span> <span class='ocrx_word' id='word_1_85' title='bbox 1594 1036 1631 1058; x_wconf 82' lang='lat' dir='ltr'>se</span> <span class='ocrx_word' id='word_1_86' title='bbox 1655 1037 1751 1068; x_wconf 77' lang='lat' dir='ltr'>aequo</span> 
     </span>
     <span class='ocr_line' id='line_1_12' title="bbox 373 1075 1751 1119; baseline 0.002 -13"><span class='ocrx_word' id='word_1_87' title='bbox 373 1075 495 1114; x_wconf 88' lang='lat' dir='ltr'>animo,</span> <span class='ocrx_word' id='word_1_88' title='bbox 511 1076 668 1117; x_wconf 91' lang='lat' dir='ltr'>quicquid</span> <span class='ocrx_word' id='word_1_89' title='bbox 692 1076 734 1107; x_wconf 91' lang='lat' dir='ltr'>ab</span> <span class='ocrx_word' id='word_1_90' title='bbox 756 1077 829 1116; x_wconf 90' lang='lat' dir='ltr'>ejus</span> <span class='ocrx_word' id='word_1_91' title='bbox 855 1077 1064 1116; x_wconf 77' lang='lat' dir='ltr'>benignitate</span> <span class='ocrx_word' id='word_1_92' title='bbox 1081 1078 1282 1118; x_wconf 83' lang='lat' dir='ltr'>accepisset,</span> <span class='ocrx_word' id='word_1_93' title='bbox 1298 1077 1544 1119; x_wconf 68' lang='lat' dir='ltr'>resignatio-um</span> <span class='ocrx_word' id='word_1_94' title='bbox 1565 1087 1651 1117; x_wconf 84' lang='lat' dir='ltr'>esse,</span> <span class='ocrx_word' id='word_1_95' title='bbox 1670 1087 1751 1118; x_wconf 80' lang='lat' dir='ltr'>qno-</span> 
     </span>
     <span class='ocr_line' id='line_1_13' title="bbox 372 1127 1752 1171; baseline 0.001 -13"><span class='ocrx_word' id='word_1_96' title='bbox 372 1127 460 1158; x_wconf 87' lang='lat' dir='ltr'>niam</span> <span class='ocrx_word' id='word_1_97' title='bbox 475 1127 524 1158; x_wconf 90' lang='lat' dir='ltr'>ita</span> <span class='ocrx_word' id='word_1_98' title='bbox 547 1128 620 1168; x_wconf 84' lang='lat' dir='ltr'>ipse</span> <span class='ocrx_word' id='word_1_99' title='bbox 636 1137 702 1159; x_wconf 88' lang='lat' dir='ltr'>non</span> <span class='ocrx_word' id='word_1_100' title='bbox 725 1129 832 1169; x_wconf 89' lang='lat' dir='ltr'>magis</span> <span class='ocrx_word' id='word_1_101' title='bbox 857 1129 953 1160; x_wconf 85' lang='lat' dir='ltr'>donis</span> <span class='ocrx_word' id='word_1_102' title='bbox 975 1129 1039 1160; x_wconf 88' lang='lat' dir='ltr'>illis</span> <span class='ocrx_word' id='word_1_103' title='bbox 1054 1130 1104 1162; x_wconf 84' lang='lat' dir='ltr'>uti</span> <span class='ocrx_word' id='word_1_104' title='bbox 1125 1133 1251 1170; x_wconf 83' lang='lat' dir='ltr'>posset,</span> <span class='ocrx_word' id='word_1_105' title='bbox 1265 1139 1364 1171; x_wconf 88' lang='lat' dir='ltr'>quam</span> <span class='ocrx_word' id='word_1_106' title='bbox 1385 1130 1603 1161; x_wconf 80' lang='lat' dir='ltr'>Telemachus</span> <span class='ocrx_word' id='word_1_107' title='bbox 1623 1130 1717 1170; x_wconf 84' lang='lat' dir='ltr'>equis</span> <span class='ocrx_word' id='word_1_108' title='bbox 1732 1139 1752 1160; x_wconf 80' lang='lat' dir='ltr'>a</span> 
     </span>
     <span class='ocr_line' id='line_1_14' title="bbox 373 1180 1750 1222; baseline 0.001 -12"><span class='ocrx_word' id='word_1_109' title='bbox 373 1180 530 1211; x_wconf 84' lang='lat' dir='ltr'>Menelao</span> <span class='ocrx_word' id='word_1_110' title='bbox 549 1180 683 1212; x_wconf 87' lang='lat' dir='ltr'>oblatis.</span> <span class='ocrx_word' id='word_1_111' title='bbox 724 1181 806 1212; x_wconf 86' lang='lat' dir='ltr'>Tum</span> <span class='ocrx_word' id='word_1_112' title='bbox 823 1190 892 1212; x_wconf 88' lang='lat' dir='ltr'>rem</span> <span class='ocrx_word' id='word_1_113' title='bbox 914 1190 1005 1212; x_wconf 86' lang='lat' dir='ltr'>more</span> <span class='ocrx_word' id='word_1_114' title='bbox 1028 1191 1101 1218; x_wconf 87' lang='lat' dir='ltr'>suo,</span> <span class='ocrx_word' id='word_1_115' title='bbox 1116 1182 1178 1213; x_wconf 86' lang='lat' dir='ltr'>hoe</span> <span class='ocrx_word' id='word_1_116' title='bbox 1193 1186 1259 1222; x_wconf 89' lang='lat' dir='ltr'>est,</span> <span class='ocrx_word' id='word_1_117' title='bbox 1273 1181 1410 1222; x_wconf 81' lang='lat' dir='ltr'>egregie</span> <span class='ocrx_word' id='word_1_118' title='bbox 1433 1181 1578 1212; x_wconf 78' lang='lat' dir='ltr'>illustrat</span> <span class='ocrx_word' id='word_1_119' title='bbox 1593 1182 1750 1222; x_wconf 83' lang='lat' dir='ltr'>exemplo</span> 
     </span>
    </p>
   </div>
   <div class='ocr_carea' id='block_1_5' title="bbox 372 1231 1750 1325">
    <p class='ocr_par' dir='ltr' id='par_1_5' title="bbox 372 1231 1750 1325">
     <span class='ocr_line' id='line_1_15' title="bbox 372 1231 1750 1274; baseline 0.001 -12"><span class='ocrx_word' id='word_1_120' title='bbox 372 1232 503 1263; x_wconf 89' lang='lat' dir='ltr'>Vulteii</span> <span class='ocrx_word' id='word_1_121' title='bbox 524 1232 696 1272; x_wconf 81' lang='lat' dir='ltr'>cujusdam</span> <span class='ocrx_word' id='word_1_122' title='bbox 722 1231 863 1263; x_wconf 90' lang='lat' dir='ltr'>hominis</span> <span class='ocrx_word' id='word_1_123' title='bbox 889 1233 1010 1272; x_wconf 87' lang='lat' dir='ltr'>tenuis,</span> <span class='ocrx_word' id='word_1_124' title='bbox 1027 1233 1096 1274; x_wconf 84' lang='lat' dir='ltr'>qui,</span> <span class='ocrx_word' id='word_1_125' title='bbox 1112 1243 1131 1264; x_wconf 94' lang='lat' dir='ltr'>a</span> <span class='ocrx_word' id='word_1_126' title='bbox 1155 1233 1305 1274; x_wconf 85' lang='lat' dir='ltr'>Philippi</span> <span class='ocrx_word' id='word_1_127' title='bbox 1331 1232 1537 1265; x_wconf 82' lang='lat' dir='ltr'>liberalitate</span> <span class='ocrx_word' id='word_1_128' title='bbox 1559 1241 1603 1264; x_wconf 85' lang='lat' dir='ltr'>ex</span> <span class='ocrx_word' id='word_1_129' title='bbox 1623 1232 1750 1264; x_wconf 83' lang='lat' dir='ltr'>urbano</span> 
     </span>
     <span class='ocr_line' id='line_1_16' title="bbox 372 1283 1750 1325; baseline 0.001 -11"><span class='ocrx_word' id='word_1_130' title='bbox 372 1284 519 1315; x_wconf 87' lang='lat' dir='ltr'>rusticus</span> <span class='ocrx_word' id='word_1_131' title='bbox 541 1283 664 1320; x_wconf 84' lang='lat' dir='ltr'>factus,</span> <span class='ocrx_word' id='word_1_132' title='bbox 681 1284 804 1315; x_wconf 88' lang='lat' dir='ltr'>donum</span> <span class='ocrx_word' id='word_1_133' title='bbox 821 1284 952 1316; x_wconf 84' lang='lat' dir='ltr'>auctori</span> <span class='ocrx_word' id='word_1_134' title='bbox 965 1284 1165 1325; x_wconf 88' lang='lat' dir='ltr'>reddiderit,</span> <span class='ocrx_word' id='word_1_135' title='bbox 1177 1294 1252 1316; x_wconf 84' lang='lat' dir='ltr'>eum</span> <span class='ocrx_word' id='word_1_136' title='bbox 1273 1284 1418 1325; x_wconf 83' lang='lat' dir='ltr'>priorem</span> <span class='ocrx_word' id='word_1_137' title='bbox 1437 1283 1660 1317; x_wconf 86' lang='lat' dir='ltr'>conditionem</span> <span class='ocrx_word' id='word_1_138' title='bbox 1673 1284 1750 1316; x_wconf 81' lang='lat' dir='ltr'>vitae</span> 
     </span>
    </p>
   </div>
   <div class='ocr_carea' id='block_1_6' title="bbox 371 1335 947 1376">
    <p class='ocr_par' dir='ltr' id='par_1_6' title="bbox 371 1335 947 1376">
     <span class='ocr_line' id='line_1_17' title="bbox 371 1335 947 1376; baseline 0.002 -10"><span class='ocrx_word' id='word_1_139' title='bbox 371 1336 542 1367; x_wconf 81' lang='lat' dir='ltr'>meliorem</span> <span class='ocrx_word' id='word_1_140' title='bbox 556 1335 621 1367; x_wconf 89' lang='lat' dir='ltr'>sibi</span> <span class='ocrx_word' id='word_1_141' title='bbox 636 1345 707 1367; x_wconf 85' lang='lat' dir='ltr'>esse</span> <span class='ocrx_word' id='word_1_142' title='bbox 721 1336 947 1376; x_wconf 82' lang='lat' dir='ltr'>cognovisset.</span> 
     </span>
    </p>
   </div>
   <div class='ocr_carea' id='block_1_7' title="bbox 330 1408 1442 1463">
    <p class='ocr_par' dir='ltr' id='par_1_7' title="bbox 330 1408 1442 1463">
     <span class='ocr_line' id='line_1_18' title="bbox 330 1408 1442 1463; baseline 0.003 -14"><span class='ocrx_word' id='word_1_143' title='bbox 330 1408 531 1459; x_wconf 78' lang='lat' dir='ltr'>QuiNQu</span> <span class='ocrx_word' id='word_1_144' title='bbox 544 1421 568 1449; x_wconf 76' lang='lat' dir='ltr'>E</span> <span class='ocrx_word' id='word_1_145' title='bbox 589 1410 681 1450; x_wconf 88' lang='lat' dir='ltr'>dies</span> <span class='ocrx_word' id='word_1_146' title='bbox 701 1411 781 1451; x_wconf 90' lang='lat' dir='ltr'>tibi</span> <span class='ocrx_word' id='word_1_147' title='bbox 799 1410 1024 1463; x_wconf 86' lang='lat' dir='ltr'>pollicitus</span> <span class='ocrx_word' id='word_1_148' title='bbox 1045 1423 1113 1451; x_wconf 91' lang='lat' dir='ltr'>me</span> <span class='ocrx_word' id='word_1_149' title='bbox 1128 1423 1222 1452; x_wconf 86' lang='lat' dir='ltr'>rure</span> <span class='ocrx_word' id='word_1_150' title='bbox 1241 1410 1442 1461; x_wconf 84' lang='lat' dir='ltr'>futurum,</span> 
     </span>
    </p>
   </div>
   <div class='ocr_carea' id='block_1_8' title="bbox 331 1474 1158 1517">
    <p class='ocr_par' dir='ltr' id='par_1_8' title="bbox 331 1474 1158 1517">
     <span class='ocr_line' id='line_1_19' title="bbox 331 1474 1158 1517; baseline 0.004 -3"><span class='ocrx_word' id='word_1_151' title='bbox 331 1474 544 1515; x_wconf 84' lang='lat' dir='ltr'>Sextilem</span> <span class='ocrx_word' id='word_1_152' title='bbox 565 1479 703 1516; x_wconf 88' lang='lat' dir='ltr'>totum</span> <span class='ocrx_word' id='word_1_153' title='bbox 725 1475 908 1516; x_wconf 84' lang='lat' dir='ltr'>mendax</span> <span class='ocrx_word' id='word_1_154' title='bbox 927 1476 1158 1517; x_wconf 87' lang='lat' dir='ltr'>desideror.</span> 
     </span>
    </p>
   </div>
   <div class='ocr_carea' id='block_1_9' title="bbox 1216 1475 1350 1529">
    <p class='ocr_par' dir='ltr' id='par_1_9' title="bbox 1216 1475 1350 1529">
     <span class='ocr_line' id='line_1_20' title="bbox 1216 1475 1350 1529; baseline 0 -13"><span class='ocrx_word' id='word_1_155' title='bbox 1216 1475 1350 1529; x_wconf 86' lang='lat' dir='ltr'>Atqui</span> 
     </span>
    </p>
   </div>
   <div class='ocr_carea' id='block_1_10' title="bbox 372 1586 1752 1629">
    <p class='ocr_par' dir='ltr' id='par_1_10' title="bbox 372 1586 1752 1629">
     <span class='ocr_line' id='line_1_21' title="bbox 372 1586 1752 1629; baseline -0.001 -12"><span class='ocrx_word' id='word_1_156' title='bbox 372 1587 578 1618; x_wconf 78' lang='lat' dir='ltr'>Promiseram</span> <span class='ocrx_word' id='word_1_157' title='bbox 589 1586 659 1627; x_wconf 79' lang='lat' dir='ltr'>tibi,</span> <span class='ocrx_word' id='word_1_158' title='bbox 675 1587 841 1626; x_wconf 80' lang='lat' dir='ltr'>Moecenas,</span> <span class='ocrx_word' id='word_1_159' title='bbox 850 1588 920 1618; x_wconf 81' lang='lat' dir='ltr'>ruri</span> <span class='ocrx_word' id='word_1_160' title='bbox 933 1598 980 1619; x_wconf 88' lang='lat' dir='ltr'>me</span> <span class='ocrx_word' id='word_1_161' title='bbox 989 1590 1242 1619; x_wconf 77' lang='lat' dir='ltr'>commoraturum</span> <span class='ocrx_word' id='word_1_162' title='bbox 1256 1597 1314 1618; x_wconf 85' lang='lat' dir='ltr'>non</span> <span class='ocrx_word' id='word_1_163' title='bbox 1324 1588 1394 1627; x_wconf 77' lang='lat' dir='ltr'>plus</span> <span class='ocrx_word' id='word_1_164' title='bbox 1406 1588 1536 1629; x_wconf 73' lang='lat' dir='ltr'>quinque</span> <span class='ocrx_word' id='word_1_165' title='bbox 1547 1586 1673 1619; x_wconf 72' lang='lat' dir='ltr'>diebus.-</span> <span class='ocrx_word' id='word_1_166' title='bbox 1687 1596 1752 1617; x_wconf 83' lang='lat' dir='ltr'>ecce</span> 
     </span>
    </p>
   </div>
   <div class='ocr_carea' id='block_1_11' title="bbox 925 1678 1157 1691">
    <p class='ocr_par' dir='ltr' id='par_1_11' title="bbox 925 1678 1157 1691">
     <span class='ocr_line' id='line_1_22' title="bbox 925 1678 1157 1691; baseline 0 -1"><span class='ocrx_word' id='word_1_167' title='bbox 925 1678 961 1691; x_wconf 64' lang='lat' dir='ltr'>Oe</span> <span class='ocrx_word' id='word_1_168' title='bbox 965 1678 1157 1690; x_wconf 60' lang='lat' dir='ltr'>ONNOOOOO</span> 
     </span>
    </p>
   </div>
   <div class='ocr_carea' id='block_1_12' title="bbox 371 1742 1753 1785">
    <p class='ocr_par' dir='ltr' id='par_1_12' title="bbox 371 1742 1753 1785">
     <span class='ocr_line' id='line_1_23' title="bbox 371 1742 1753 1785; baseline 0.001 -11"><span class='ocrx_word' id='word_1_169' title='bbox 371 1743 524 1783; x_wconf 81' lang='lat' dir='ltr'>Epistola</span> <span class='ocrx_word' id='word_1_170' title='bbox 539 1747 657 1775; x_wconf 87' lang='lat' dir='ltr'>octava</span> <span class='ocrx_word' id='word_1_171' title='bbox 672 1742 766 1774; x_wconf 86' lang='lat' dir='ltr'>Libri</span> <span class='ocrx_word' id='word_1_172' title='bbox 791 1743 888 1784; x_wconf 90' lang='lat' dir='ltr'>primi</span> <span class='ocrx_word' id='word_1_173' title='bbox 911 1743 944 1774; x_wconf 93' lang='lat' dir='ltr'>in</span> <span class='ocrx_word' id='word_1_174' title='bbox 970 1743 1024 1775; x_wconf 85' lang='lat' dir='ltr'>ed.</span> <span class='ocrx_word' id='word_1_175' title='bbox 1047 1743 1236 1776; x_wconf 60' lang='grc' dir='ltr'>δεῖκαὶ-2</span> <span class='ocrx_word' id='word_1_176' title='bbox 1258 1743 1378 1785; x_wconf 77' lang='lat' dir='ltr'>Atquin</span> <span class='ocrx_word' id='word_1_177' title='bbox 1392 1745 1471 1776; x_wconf 89' lang='lat' dir='ltr'>Vat.</span> <span class='ocrx_word' id='word_1_178' title='bbox 1486 1747 1516 1776; x_wconf 92' lang='lat' dir='ltr'>l.</span> <span class='ocrx_word' id='word_1_179' title='bbox 1536 1745 1639 1785; x_wconf 75' lang='lat' dir='ltr'>Atque</span> <span class='ocrx_word' id='word_1_180' title='bbox 1654 1743 1753 1775; x_wconf 84' lang='lat' dir='ltr'>codd.</span> 
     </span>
    </p>
   </div>
   <div class='ocr_carea' id='block_1_13' title="bbox 971 1837 1111 1870">
    <p class='ocr_par' dir='ltr' id='par_1_13' title="bbox 971 1837 1111 1870">
     <span class='ocr_line' id='line_1_24' title="bbox 971 1837 1111 1870; baseline 0 -1"><span class='ocrx_word' id='word_1_181' title='bbox 971 1837 1111 1870; x_wconf 80' lang='lat' dir='ltr'>NOTAE</span> 
     </span>
    </p>
   </div>
   <div class='ocr_carea' id='block_1_14' title="bbox 329 1899 1017 2813">
    <p class='ocr_par' dir='ltr' id='par_1_14' title="bbox 329 1899 1016 2127">
     <span class='ocr_line' id='line_1_25' title="bbox 373 1899 1012 1940; baseline 0 -10"><span class='ocrx_word' id='word_1_182' title='bbox 373 1903 390 1931; x_wconf 93' lang='lat'>1</span> <span class='ocrx_word' id='word_1_183' title='bbox 415 1900 530 1940; x_wconf 80' lang='lat' dir='ltr'>Quinq.</span> <span class='ocrx_word' id='word_1_184' title='bbox 545 1899 596 1938; x_wconf 80' lang='lat' dir='ltr'>d.]</span> <span class='ocrx_word' id='word_1_185' title='bbox 618 1901 673 1930; x_wconf 92' lang='lat' dir='ltr'>De</span> <span class='ocrx_word' id='word_1_186' title='bbox 685 1900 746 1931; x_wconf 88' lang='lat' dir='ltr'>hac</span> <span class='ocrx_word' id='word_1_187' title='bbox 757 1900 909 1939; x_wconf 82' lang='lat' dir='ltr'>Epistola</span> <span class='ocrx_word' id='word_1_188' title='bbox 920 1903 1012 1930; x_wconf 87' lang='lat' dir='ltr'>recte</span> 
     </span>
     <span class='ocr_line' id='line_1_26' title="bbox 329 1947 1015 1990; baseline -0.001 -11"><span class='ocrx_word' id='word_1_189' title='bbox 329 1949 461 1990; x_wconf 82' lang='lat' dir='ltr'>quidem</span> <span class='ocrx_word' id='word_1_190' title='bbox 477 1948 647 1987; x_wconf 79' lang='lat' dir='ltr'>Scaliger:</span> <span class='ocrx_word' id='word_1_191' title='bbox 669 1948 679 1965; x_wconf 92' lang='lat'>‘</span> <span class='ocrx_word' id='word_1_192' title='bbox 695 1948 867 1987; x_wconf 84' lang='lat' dir='ltr'>Septima,’</span> <span class='ocrx_word' id='word_1_193' title='bbox 893 1947 1015 1988; x_wconf 86' lang='lat' dir='ltr'>inquit,</span> 
     </span>
     <span class='ocr_line' id='line_1_27' title="bbox 330 1995 1016 2037; baseline -0.006 -8"><span class='ocrx_word' id='word_1_194' title='bbox 330 1997 438 2029; x_wconf 85' lang='lat' dir='ltr'>‘adeo</span> <span class='ocrx_word' id='word_1_195' title='bbox 462 1997 596 2037; x_wconf 85' lang='lat' dir='ltr'>elegans</span> <span class='ocrx_word' id='word_1_196' title='bbox 621 2001 688 2034; x_wconf 88' lang='lat' dir='ltr'>est,</span> <span class='ocrx_word' id='word_1_197' title='bbox 714 1995 797 2026; x_wconf 85' lang='lat' dir='ltr'>adeo</span> <span class='ocrx_word' id='word_1_198' title='bbox 824 1995 962 2033; x_wconf 84' lang='lat' dir='ltr'>urbana,</span> <span class='ocrx_word' id='word_1_199' title='bbox 978 2000 1016 2026; x_wconf 88' lang='lat' dir='ltr'>ut</span> 
     </span>
     <span class='ocr_line' id='line_1_28' title="bbox 329 2043 1015 2084; baseline -0.004 -7"><span class='ocrx_word' id='word_1_200' title='bbox 329 2047 371 2077; x_wconf 84' lang='lat' dir='ltr'>ad</span> <span class='ocrx_word' id='word_1_201' title='bbox 388 2055 442 2077; x_wconf 87' lang='lat' dir='ltr'>eas</span> <span class='ocrx_word' id='word_1_202' title='bbox 459 2046 599 2077; x_wconf 88' lang='lat' dir='ltr'>virtutes</span> <span class='ocrx_word' id='word_1_203' title='bbox 611 2045 691 2075; x_wconf 84' lang='lat' dir='ltr'>nihil</span> <span class='ocrx_word' id='word_1_204' title='bbox 703 2044 780 2074; x_wconf 88' lang='lat' dir='ltr'>addi</span> <span class='ocrx_word' id='word_1_205' title='bbox 793 2053 890 2084; x_wconf 89' lang='lat' dir='ltr'>posse</span> <span class='ocrx_word' id='word_1_206' title='bbox 905 2043 1015 2074; x_wconf 86' lang='lat' dir='ltr'>videa-</span> 
     </span>
     <span class='ocr_line' id='line_1_29' title="bbox 331 2094 408 2127; baseline -0.013 0"><span class='ocrx_word' id='word_1_207' title='bbox 331 2094 408 2127; x_wconf 87' lang='lat' dir='ltr'>tur.&#39;</span> 
     </span>
    </p>

    <p class='ocr_par' dir='ltr' id='par_1_15' title="bbox 330 2141 1015 2333">
     <span class='ocr_line' id='line_1_30' title="bbox 372 2141 1015 2183; baseline -0.003 -7"><span class='ocrx_word' id='word_1_208' title='bbox 372 2144 474 2183; x_wconf 81' lang='lat' dir='ltr'>Rure]</span> <span class='ocrx_word' id='word_1_209' title='bbox 512 2143 553 2174; x_wconf 92' lang='lat' dir='ltr'>In</span> <span class='ocrx_word' id='word_1_210' title='bbox 571 2143 650 2174; x_wconf 85' lang='lat' dir='ltr'>villa</span> <span class='ocrx_word' id='word_1_211' title='bbox 664 2151 737 2173; x_wconf 89' lang='lat' dir='ltr'>mea</span> <span class='ocrx_word' id='word_1_212' title='bbox 752 2141 885 2173; x_wconf 86' lang='lat' dir='ltr'>Sabina.</span> <span class='ocrx_word' id='word_1_213' title='bbox 927 2142 1015 2174; x_wconf 85' lang='lat' dir='ltr'>Vide</span> 
     </span>
     <span class='ocr_line' id='line_1_31' title="bbox 330 2193 1015 2234; baseline -0.004 -8"><span class='ocrx_word' id='word_1_214' title='bbox 330 2194 419 2226; x_wconf 85' lang='lat' dir='ltr'>infra</span> <span class='ocrx_word' id='word_1_215' title='bbox 434 2203 458 2225; x_wconf 77' lang='grc' dir='ltr'>ι.</span> <span class='ocrx_word' id='word_1_216' title='bbox 474 2193 584 2234; x_wconf 87' lang='lat' dir='ltr'>Epist.</span> <span class='ocrx_word' id='word_1_217' title='bbox 601 2195 651 2224; x_wconf 85' lang='lat'>16.</span> <span class='ocrx_word' id='word_1_218' title='bbox 695 2193 749 2222; x_wconf 87' lang='lat' dir='ltr'>De</span> <span class='ocrx_word' id='word_1_219' title='bbox 765 2193 903 2233; x_wconf 86' lang='lat' dir='ltr'>illajam</span> <span class='ocrx_word' id='word_1_220' title='bbox 917 2198 1015 2224; x_wconf 83' lang='lat' dir='ltr'>antea</span> 
     </span>
     <span class='ocr_line' id='line_1_32' title="bbox 330 2241 1015 2276; baseline -0.003 0"><span class='ocrx_word' id='word_1_221' title='bbox 330 2253 356 2276; x_wconf 87' lang='lat'>1.</span> <span class='ocrx_word' id='word_1_222' title='bbox 385 2243 453 2275; x_wconf 88' lang='lat' dir='ltr'>Od.</span> <span class='ocrx_word' id='word_1_223' title='bbox 481 2245 512 2274; x_wconf 90' lang='grc'>7.</span> <span class='ocrx_word' id='word_1_224' title='bbox 542 2251 584 2273; x_wconf 80' lang='grc' dir='ltr'>ιι.</span> <span class='ocrx_word' id='word_1_225' title='bbox 613 2241 680 2273; x_wconf 88' lang='lat' dir='ltr'>Od.</span> <span class='ocrx_word' id='word_1_226' title='bbox 710 2245 761 2272; x_wconf 89' lang='lat'>18.</span> <span class='ocrx_word' id='word_1_227' title='bbox 786 2250 844 2274; x_wconf 87' lang='lat'>111.</span> <span class='ocrx_word' id='word_1_228' title='bbox 870 2242 937 2274; x_wconf 91' lang='lat' dir='ltr'>Od.</span> <span class='ocrx_word' id='word_1_229' title='bbox 965 2245 1015 2274; x_wconf 79' lang='lat'>13.</span> 
     </span>
     <span class='ocr_line' id='line_1_33' title="bbox 330 2292 481 2333; baseline -0.02 -8"><span class='ocrx_word' id='word_1_230' title='bbox 330 2292 440 2333; x_wconf 87' lang='lat' dir='ltr'>Epod.</span> <span class='ocrx_word' id='word_1_231' title='bbox 456 2300 481 2323; x_wconf 86' lang='lat'>1.</span> 
     </span>
    </p>

    <p class='ocr_par' dir='ltr' id='par_1_16' title="bbox 330 2338 1017 2813">
     <span class='ocr_line' id='line_1_34' title="bbox 372 2338 1015 2378; baseline -0.006 -5"><span class='ocrx_word' id='word_1_232' title='bbox 372 2344 393 2373; x_wconf 76' lang='lat'><strong>2</strong></span> <span class='ocrx_word' id='word_1_233' title='bbox 416 2338 582 2378; x_wconf 78' lang='lat' dir='ltr'>Sextilem]</span> <span class='ocrx_word' id='word_1_234' title='bbox 601 2338 664 2370; x_wconf 87' lang='lat' dir='ltr'>Hic</span> <span class='ocrx_word' id='word_1_235' title='bbox 674 2338 809 2377; x_wconf 87' lang='lat' dir='ltr'>mensis,</span> <span class='ocrx_word' id='word_1_236' title='bbox 819 2343 857 2369; x_wconf 88' lang='lat' dir='ltr'>ut</span> <span class='ocrx_word' id='word_1_237' title='bbox 866 2343 900 2369; x_wconf 89' lang='lat' dir='ltr'>et</span> <span class='ocrx_word' id='word_1_238' title='bbox 910 2338 1015 2370; x_wconf 82' lang='lat' dir='ltr'>Quin-</span> 
     </span>
     <span class='ocr_line' id='line_1_35' title="bbox 330 2386 1014 2433; baseline -0.007 -10"><span class='ocrx_word' id='word_1_239' title='bbox 330 2390 414 2431; x_wconf 90' lang='lat' dir='ltr'>tilis,</span> <span class='ocrx_word' id='word_1_240' title='bbox 426 2400 446 2422; x_wconf 81' lang='lat' dir='ltr'>a</span> <span class='ocrx_word' id='word_1_241' title='bbox 460 2397 599 2420; x_wconf 83' lang='lat' dir='ltr'>numero</span> <span class='ocrx_word' id='word_1_242' title='bbox 611 2387 733 2433; x_wconf 79' lang='lat' dir='ltr'>dietus,</span> <span class='ocrx_word' id='word_1_243' title='bbox 752 2386 933 2418; x_wconf 82' lang='lat' dir='ltr'>secundum</span> <span class='ocrx_word' id='word_1_244' title='bbox 950 2387 1014 2418; x_wconf 89' lang='lat' dir='ltr'>Ro-</span> 
     </span>
     <span class='ocr_line' id='line_1_36' title="bbox 330 2435 1015 2475; baseline -0.009 -3"><span class='ocrx_word' id='word_1_245' title='bbox 330 2440 411 2471; x_wconf 87' lang='lat' dir='ltr'>muli</span> <span class='ocrx_word' id='word_1_246' title='bbox 433 2437 689 2475; x_wconf 84' lang='lat' dir='ltr'>ordinationem,</span> <span class='ocrx_word' id='word_1_247' title='bbox 714 2435 840 2467; x_wconf 80' lang='lat' dir='ltr'>Martio</span> <span class='ocrx_word' id='word_1_248' title='bbox 861 2435 939 2466; x_wconf 86' lang='lat' dir='ltr'>anni</span> <span class='ocrx_word' id='word_1_249' title='bbox 967 2440 1015 2467; x_wconf 90' lang='lat' dir='ltr'>te-</span> 
     </span>
     <span class='ocr_line' id='line_1_37' title="bbox 331 2485 1014 2529; baseline -0.009 -8"><span class='ocrx_word' id='word_1_250' title='bbox 331 2493 433 2521; x_wconf 89' lang='lat' dir='ltr'>nente</span> <span class='ocrx_word' id='word_1_251' title='bbox 444 2487 655 2529; x_wconf 85' lang='lat' dir='ltr'>principium,</span> <span class='ocrx_word' id='word_1_252' title='bbox 666 2485 874 2516; x_wconf 86' lang='lat' dir='ltr'>nibilominus</span> <span class='ocrx_word' id='word_1_253' title='bbox 888 2489 1014 2526; x_wconf 87' lang='lat' dir='ltr'>tamen,</span> 
     </span>
     <span class='ocr_line' id='line_1_38' title="bbox 332 2533 1014 2578; baseline -0.009 -8"><span class='ocrx_word' id='word_1_254' title='bbox 332 2538 433 2569; x_wconf 89' lang='lat' dir='ltr'>etiam</span> <span class='ocrx_word' id='word_1_255' title='bbox 449 2541 524 2578; x_wconf 86' lang='lat' dir='ltr'>post</span> <span class='ocrx_word' id='word_1_256' title='bbox 539 2535 736 2576; x_wconf 80' lang='lat' dir='ltr'>praepositos</span> <span class='ocrx_word' id='word_1_257' title='bbox 751 2543 771 2564; x_wconf 88' lang='lat' dir='ltr'>a</span> <span class='ocrx_word' id='word_1_258' title='bbox 787 2534 898 2565; x_wconf 86' lang='lat' dir='ltr'>Numa</span> <span class='ocrx_word' id='word_1_259' title='bbox 911 2533 1014 2565; x_wconf 88' lang='lat' dir='ltr'>Janu-</span> 
     </span>
     <span class='ocr_line' id='line_1_39' title="bbox 333 2584 1016 2623; baseline -0.006 -6"><span class='ocrx_word' id='word_1_260' title='bbox 333 2586 439 2618; x_wconf 85' lang='lat' dir='ltr'>arium</span> <span class='ocrx_word' id='word_1_261' title='bbox 462 2595 501 2617; x_wconf 86' lang='lat' dir='ltr'>ae</span> <span class='ocrx_word' id='word_1_262' title='bbox 523 2584 751 2623; x_wconf 83' lang='lat' dir='ltr'>Februarium,</span> <span class='ocrx_word' id='word_1_263' title='bbox 772 2588 870 2614; x_wconf 85' lang='lat' dir='ltr'>vetus</span> <span class='ocrx_word' id='word_1_264' title='bbox 894 2592 1016 2614; x_wconf 88' lang='lat' dir='ltr'>nomen</span> 
     </span>
     <span class='ocr_line' id='line_1_40' title="bbox 334 2632 1016 2672; baseline -0.003 -7"><span class='ocrx_word' id='word_1_265' title='bbox 334 2634 548 2666; x_wconf 89' lang='lat' dir='ltr'>retinuerunt</span> <span class='ocrx_word' id='word_1_266' title='bbox 588 2633 750 2666; x_wconf 81' lang='lat' dir='ltr'>Quintilis</span> <span class='ocrx_word' id='word_1_267' title='bbox 795 2635 831 2664; x_wconf 89' lang='lat' dir='ltr'>et</span> <span class='ocrx_word' id='word_1_268' title='bbox 865 2632 1016 2672; x_wconf 81' lang='lat' dir='ltr'>Sextilis,</span> 
     </span>
     <span class='ocr_line' id='line_1_41' title="bbox 333 2682 1016 2725; baseline -0.003 -11"><span class='ocrx_word' id='word_1_269' title='bbox 333 2683 483 2725; x_wconf 89' lang='lat' dir='ltr'>quamvis</span> <span class='ocrx_word' id='word_1_270' title='bbox 497 2683 647 2722; x_wconf 87' lang='lat' dir='ltr'>nonjam</span> <span class='ocrx_word' id='word_1_271' title='bbox 671 2682 805 2722; x_wconf 85' lang='lat' dir='ltr'>quintus</span> <span class='ocrx_word' id='word_1_272' title='bbox 831 2685 867 2712; x_wconf 87' lang='lat' dir='ltr'>et</span> <span class='ocrx_word' id='word_1_273' title='bbox 890 2685 1016 2717; x_wconf 83' lang='lat' dir='ltr'>sextus,</span> 
     </span>
     <span class='ocr_line' id='line_1_42' title="bbox 333 2731 1017 2772; baseline -0.003 -9"><span class='ocrx_word' id='word_1_274' title='bbox 333 2733 392 2764; x_wconf 88' lang='lat' dir='ltr'>sed</span> <span class='ocrx_word' id='word_1_275' title='bbox 409 2732 570 2772; x_wconf 82' lang='lat' dir='ltr'>septimus</span> <span class='ocrx_word' id='word_1_276' title='bbox 579 2736 614 2763; x_wconf 88' lang='lat' dir='ltr'>et</span> <span class='ocrx_word' id='word_1_277' title='bbox 626 2735 765 2762; x_wconf 86' lang='lat' dir='ltr'>octavus</span> <span class='ocrx_word' id='word_1_278' title='bbox 780 2734 901 2762; x_wconf 82' lang='lat' dir='ltr'>essent.</span> <span class='ocrx_word' id='word_1_279' title='bbox 919 2731 1017 2761; x_wconf 86' lang='lat' dir='ltr'>Post-</span> 
     </span>
     <span class='ocr_line' id='line_1_43' title="bbox 334 2780 1015 2813; baseline -0.004 0"><span class='ocrx_word' id='word_1_280' title='bbox 334 2791 376 2813; x_wconf 86' lang='lat' dir='ltr'>ea</span> <span class='ocrx_word' id='word_1_281' title='bbox 403 2790 483 2813; x_wconf 88' lang='lat' dir='ltr'>vero</span> <span class='ocrx_word' id='word_1_282' title='bbox 519 2781 552 2811; x_wconf 92' lang='lat' dir='ltr'>in</span> <span class='ocrx_word' id='word_1_283' title='bbox 583 2781 739 2811; x_wconf 86' lang='lat' dir='ltr'>bonorem</span> <span class='ocrx_word' id='word_1_284' title='bbox 764 2780 846 2812; x_wconf 87' lang='lat' dir='ltr'>Julii</span> <span class='ocrx_word' id='word_1_285' title='bbox 873 2780 1015 2811; x_wconf 82' lang='lat' dir='ltr'>Caesaris</span> 
     </span>
    </p>
   </div>
   <div class='ocr_carea' id='block_1_15' title="bbox 1063 1897 1753 2819">
    <p class='ocr_par' dir='ltr' id='par_1_17' title="bbox 1063 1897 1753 2819">
     <span class='ocr_line' id='line_1_44' title="bbox 1063 1897 1750 1938; baseline 0 -8"><span class='ocrx_word' id='word_1_286' title='bbox 1063 1899 1264 1935; x_wconf 88' lang='lat' dir='ltr'>Dictatoris‚</span> <span class='ocrx_word' id='word_1_287' title='bbox 1277 1899 1384 1938; x_wconf 87' lang='lat' dir='ltr'>legem</span> <span class='ocrx_word' id='word_1_288' title='bbox 1395 1897 1528 1930; x_wconf 85' lang='lat' dir='ltr'>ferente</span> <span class='ocrx_word' id='word_1_289' title='bbox 1540 1898 1590 1930; x_wconf 88' lang='lat' dir='ltr'>M.</span> <span class='ocrx_word' id='word_1_290' title='bbox 1602 1898 1750 1930; x_wconf 81' lang='lat' dir='ltr'>Antonio</span> 
     </span>
     <span class='ocr_line' id='line_1_45' title="bbox 1064 1946 1753 1987; baseline -0.001 -9"><span class='ocrx_word' id='word_1_291' title='bbox 1064 1947 1174 1978; x_wconf 90' lang='lat' dir='ltr'>Marci</span> <span class='ocrx_word' id='word_1_292' title='bbox 1200 1947 1269 1978; x_wconf 80' lang='lat' dir='ltr'>filio</span> <span class='ocrx_word' id='word_1_293' title='bbox 1292 1947 1450 1987; x_wconf 87' lang='lat' dir='ltr'>Consule,</span> <span class='ocrx_word' id='word_1_294' title='bbox 1464 1946 1622 1979; x_wconf 82' lang='lat' dir='ltr'>Quintilis</span> <span class='ocrx_word' id='word_1_295' title='bbox 1636 1948 1753 1987; x_wconf 86' lang='lat' dir='ltr'>appel-</span> 
     </span>
     <span class='ocr_line' id='line_1_46' title="bbox 1064 1995 1751 2036; baseline 0.004 -11"><span class='ocrx_word' id='word_1_296' title='bbox 1064 1996 1152 2026; x_wconf 87' lang='lat' dir='ltr'>latus</span> <span class='ocrx_word' id='word_1_297' title='bbox 1169 1999 1220 2026; x_wconf 86' lang='lat' dir='ltr'>est</span> <span class='ocrx_word' id='word_1_298' title='bbox 1232 1995 1353 2034; x_wconf 85' lang='lat' dir='ltr'>Julius,</span> <span class='ocrx_word' id='word_1_299' title='bbox 1367 1995 1455 2036; x_wconf 87' lang='lat' dir='ltr'>quod</span> <span class='ocrx_word' id='word_1_300' title='bbox 1467 2004 1508 2026; x_wconf 87' lang='lat' dir='ltr'>eo</span> <span class='ocrx_word' id='word_1_301' title='bbox 1522 2004 1635 2026; x_wconf 78' lang='lat' dir='ltr'>mense</span> <span class='ocrx_word' id='word_1_302' title='bbox 1645 1995 1686 2026; x_wconf 77' lang='lat' dir='ltr'>ad</span> <span class='ocrx_word' id='word_1_303' title='bbox 1700 2005 1751 2029; x_wconf 78' lang='grc' dir='ltr'>ιν.</span> 
     </span>
     <span class='ocr_line' id='line_1_47' title="bbox 1065 2044 1748 2077; baseline 0.003 -3"><span class='ocrx_word' id='word_1_304' title='bbox 1065 2044 1118 2076; x_wconf 81' lang='lat' dir='ltr'>Id.</span> <span class='ocrx_word' id='word_1_305' title='bbox 1146 2044 1288 2077; x_wconf 83' lang='lat' dir='ltr'>Quintil.</span> <span class='ocrx_word' id='word_1_306' title='bbox 1316 2044 1424 2076; x_wconf 86' lang='lat' dir='ltr'>Julius</span> <span class='ocrx_word' id='word_1_307' title='bbox 1447 2044 1560 2075; x_wconf 82' lang='lat' dir='ltr'>Caesar</span> <span class='ocrx_word' id='word_1_308' title='bbox 1581 2045 1615 2077; x_wconf 81' lang='lat' dir='ltr'>in</span> <span class='ocrx_word' id='word_1_309' title='bbox 1640 2045 1748 2076; x_wconf 86' lang='lat' dir='ltr'>lucem</span> 
     </span>
     <span class='ocr_line' id='line_1_48' title="bbox 1066 2092 1750 2135; baseline 0.001 -12"><span class='ocrx_word' id='word_1_310' title='bbox 1066 2092 1175 2124; x_wconf 85' lang='lat' dir='ltr'>editus</span> <span class='ocrx_word' id='word_1_311' title='bbox 1191 2093 1247 2124; x_wconf 85' lang='lat' dir='ltr'>sit.</span> <span class='ocrx_word' id='word_1_312' title='bbox 1291 2092 1460 2132; x_wconf 85' lang='lat' dir='ltr'>Augustus</span> <span class='ocrx_word' id='word_1_313' title='bbox 1477 2093 1598 2124; x_wconf 85' lang='lat' dir='ltr'>deinde</span> <span class='ocrx_word' id='word_1_314' title='bbox 1612 2099 1679 2134; x_wconf 83' lang='lat' dir='ltr'>est,</span> <span class='ocrx_word' id='word_1_315' title='bbox 1693 2094 1750 2135; x_wconf 89' lang='lat' dir='ltr'>qui</span> 
     </span>
     <span class='ocr_line' id='line_1_49' title="bbox 1066 2142 1751 2182; baseline 0.001 -9"><span class='ocrx_word' id='word_1_316' title='bbox 1066 2142 1203 2174; x_wconf 84' lang='lat' dir='ltr'>Sextilis</span> <span class='ocrx_word' id='word_1_317' title='bbox 1214 2145 1312 2174; x_wconf 82' lang='lat' dir='ltr'>antea</span> <span class='ocrx_word' id='word_1_318' title='bbox 1323 2142 1518 2182; x_wconf 84' lang='lat' dir='ltr'>vocabatur,</span> <span class='ocrx_word' id='word_1_319' title='bbox 1531 2142 1638 2174; x_wconf 85' lang='lat' dir='ltr'>donee</span> <span class='ocrx_word' id='word_1_320' title='bbox 1648 2142 1751 2174; x_wconf 77' lang='lat' dir='ltr'>hono-</span> 
     </span>
     <span class='ocr_line' id='line_1_50' title="bbox 1068 2190 1752 2231; baseline 0 -9"><span class='ocrx_word' id='word_1_321' title='bbox 1068 2191 1095 2222; x_wconf 87' lang='lat' dir='ltr'>ri</span> <span class='ocrx_word' id='word_1_322' title='bbox 1111 2190 1254 2231; x_wconf 85' lang='lat' dir='ltr'>Augusti</span> <span class='ocrx_word' id='word_1_323' title='bbox 1271 2191 1409 2222; x_wconf 86' lang='lat' dir='ltr'>daretur</span> <span class='ocrx_word' id='word_1_324' title='bbox 1423 2201 1464 2222; x_wconf 84' lang='lat' dir='ltr'>ex</span> <span class='ocrx_word' id='word_1_325' title='bbox 1479 2191 1752 2222; x_wconf 81' lang='lat' dir='ltr'>Senatuseonsul-</span> 
     </span>
     <span class='ocr_line' id='line_1_51' title="bbox 1068 2239 1751 2279; baseline 0 -8"><span class='ocrx_word' id='word_1_326' title='bbox 1068 2243 1114 2276; x_wconf 85' lang='lat' dir='ltr'>to,</span> <span class='ocrx_word' id='word_1_327' title='bbox 1129 2240 1222 2279; x_wconf 89' lang='lat' dir='ltr'>cujus</span> <span class='ocrx_word' id='word_1_328' title='bbox 1237 2239 1311 2270; x_wconf 80' lang='lat' dir='ltr'>haec</span> <span class='ocrx_word' id='word_1_329' title='bbox 1325 2244 1403 2270; x_wconf 90' lang='lat' dir='ltr'>sunt</span> <span class='ocrx_word' id='word_1_330' title='bbox 1414 2239 1540 2272; x_wconf 83' lang='lat' dir='ltr'>verba:</span> <span class='ocrx_word' id='word_1_331' title='bbox 1563 2240 1573 2256; x_wconf 92' lang='lat'>‘</span> <span class='ocrx_word' id='word_1_332' title='bbox 1584 2240 1668 2271; x_wconf 86' lang='lat' dir='ltr'>Cum</span> <span class='ocrx_word' id='word_1_333' title='bbox 1682 2239 1751 2271; x_wconf 87' lang='lat' dir='ltr'>Im-</span> 
     </span>
     <span class='ocr_line' id='line_1_52' title="bbox 1068 2287 1750 2328; baseline -0.001 -9"><span class='ocrx_word' id='word_1_334' title='bbox 1068 2292 1204 2328; x_wconf 82' lang='lat' dir='ltr'>perator</span> <span class='ocrx_word' id='word_1_335' title='bbox 1227 2287 1340 2318; x_wconf 78' lang='lat' dir='ltr'>Caesar</span> <span class='ocrx_word' id='word_1_336' title='bbox 1357 2287 1527 2327; x_wconf 87' lang='lat' dir='ltr'>Augustus</span> <span class='ocrx_word' id='word_1_337' title='bbox 1544 2297 1656 2319; x_wconf 80' lang='lat' dir='ltr'>mense</span> <span class='ocrx_word' id='word_1_338' title='bbox 1668 2288 1750 2319; x_wconf 75' lang='lat' dir='ltr'>Sex·</span> 
     </span>
     <span class='ocr_line' id='line_1_53' title="bbox 1064 2335 1750 2377; baseline -0.001 -9"><span class='ocrx_word' id='word_1_339' title='bbox 1064 2337 1117 2372; x_wconf 68' lang='lat' dir='ltr'>,tili</span> <span class='ocrx_word' id='word_1_340' title='bbox 1130 2341 1164 2368; x_wconf 88' lang='lat' dir='ltr'>et</span> <span class='ocrx_word' id='word_1_341' title='bbox 1181 2336 1320 2377; x_wconf 89' lang='lat' dir='ltr'>primum</span> <span class='ocrx_word' id='word_1_342' title='bbox 1341 2335 1555 2367; x_wconf 83' lang='lat' dir='ltr'>Consulatum</span> <span class='ocrx_word' id='word_1_343' title='bbox 1570 2336 1699 2375; x_wconf 85' lang='lat' dir='ltr'>inierit,</span> <span class='ocrx_word' id='word_1_344' title='bbox 1713 2341 1750 2368; x_wconf 85' lang='lat' dir='ltr'>et</span> 
     </span>
     <span class='ocr_line' id='line_1_54' title="bbox 1068 2384 1750 2427; baseline -0.003 -9"><span class='ocrx_word' id='word_1_345' title='bbox 1068 2386 1253 2427; x_wconf 86' lang='lat' dir='ltr'>triumphos</span> <span class='ocrx_word' id='word_1_346' title='bbox 1268 2390 1337 2417; x_wconf 88' lang='lat' dir='ltr'>tres</span> <span class='ocrx_word' id='word_1_347' title='bbox 1352 2385 1384 2416; x_wconf 91' lang='lat' dir='ltr'>in</span> <span class='ocrx_word' id='word_1_348' title='bbox 1397 2384 1511 2416; x_wconf 87' lang='lat' dir='ltr'>urbem</span> <span class='ocrx_word' id='word_1_349' title='bbox 1526 2384 1690 2425; x_wconf 86' lang='lat' dir='ltr'>intulerit,</span> <span class='ocrx_word' id='word_1_350' title='bbox 1713 2390 1750 2416; x_wconf 91' lang='lat' dir='ltr'>et</span> 
     </span>
     <span class='ocr_line' id='line_1_55' title="bbox 1068 2433 1750 2474; baseline -0.001 -8"><span class='ocrx_word' id='word_1_351' title='bbox 1068 2444 1110 2466; x_wconf 88' lang='lat' dir='ltr'>ex</span> <span class='ocrx_word' id='word_1_352' title='bbox 1125 2435 1280 2468; x_wconf 86' lang='lat' dir='ltr'>Janiculo</span> <span class='ocrx_word' id='word_1_353' title='bbox 1304 2433 1451 2474; x_wconf 88' lang='lat' dir='ltr'>legiones</span> <span class='ocrx_word' id='word_1_354' title='bbox 1477 2433 1634 2464; x_wconf 70' lang='lat' dir='ltr'>deductae</span> <span class='ocrx_word' id='word_1_355' title='bbox 1654 2443 1750 2465; x_wconf 87' lang='lat' dir='ltr'>secu·</span> 
     </span>
     <span class='ocr_line' id='line_1_56' title="bbox 1068 2481 1749 2525; baseline -0.001 -11"><span class='ocrx_word' id='word_1_356' title='bbox 1068 2488 1182 2525; x_wconf 85' lang='lat' dir='ltr'>taeque</span> <span class='ocrx_word' id='word_1_357' title='bbox 1203 2483 1271 2514; x_wconf 79' lang='lat' dir='ltr'>sint</span> <span class='ocrx_word' id='word_1_358' title='bbox 1296 2482 1370 2522; x_wconf 84' lang='lat' dir='ltr'>ejus</span> <span class='ocrx_word' id='word_1_359' title='bbox 1403 2482 1554 2522; x_wconf 85' lang='lat' dir='ltr'>auspicia</span> <span class='ocrx_word' id='word_1_360' title='bbox 1573 2491 1614 2514; x_wconf 82' lang='lat' dir='ltr'>ac</span> <span class='ocrx_word' id='word_1_361' title='bbox 1637 2481 1749 2522; x_wconf 84' lang='lat' dir='ltr'>tidem,</span> 
     </span>
     <span class='ocr_line' id='line_1_57' title="bbox 1067 2531 1748 2574; baseline -0.001 -10"><span class='ocrx_word' id='word_1_362' title='bbox 1067 2538 1103 2565; x_wconf 90' lang='lat' dir='ltr'>et</span> <span class='ocrx_word' id='word_1_363' title='bbox 1117 2532 1278 2574; x_wconf 72' lang='lat' dir='ltr'>AEgyptus</span> <span class='ocrx_word' id='word_1_364' title='bbox 1290 2531 1351 2564; x_wconf 84' lang='lat' dir='ltr'>boc</span> <span class='ocrx_word' id='word_1_365' title='bbox 1366 2541 1480 2563; x_wconf 88' lang='lat' dir='ltr'>mense</span> <span class='ocrx_word' id='word_1_366' title='bbox 1494 2531 1529 2562; x_wconf 89' lang='lat' dir='ltr'>in</span> <span class='ocrx_word' id='word_1_367' title='bbox 1544 2534 1748 2572; x_wconf 83' lang='lat' dir='ltr'>potestatem</span> 
     </span>
     <span class='ocr_line' id='line_1_58' title="bbox 1069 2579 1749 2623; baseline -0.004 -10"><span class='ocrx_word' id='word_1_368' title='bbox 1069 2582 1184 2623; x_wconf 88' lang='lat' dir='ltr'>populi</span> <span class='ocrx_word' id='word_1_369' title='bbox 1213 2581 1308 2612; x_wconf 81' lang='lat' dir='ltr'>Rom.</span> <span class='ocrx_word' id='word_1_370' title='bbox 1338 2579 1477 2611; x_wconf 80' lang='lat' dir='ltr'>redacta</span> <span class='ocrx_word' id='word_1_371' title='bbox 1518 2580 1575 2616; x_wconf 87' lang='lat' dir='ltr'>sit,</span> <span class='ocrx_word' id='word_1_372' title='bbox 1606 2579 1749 2620; x_wconf 81' lang='lat' dir='ltr'>finisque</span> 
     </span>
     <span class='ocr_line' id='line_1_59' title="bbox 1068 2627 1750 2669; baseline -0.004 -7"><span class='ocrx_word' id='word_1_373' title='bbox 1068 2631 1129 2662; x_wconf 82' lang='lat' dir='ltr'>hoc</span> <span class='ocrx_word' id='word_1_374' title='bbox 1149 2638 1262 2661; x_wconf 82' lang='lat' dir='ltr'>mense</span> <span class='ocrx_word' id='word_1_375' title='bbox 1287 2628 1384 2660; x_wconf 88' lang='lat' dir='ltr'>bellis</span> <span class='ocrx_word' id='word_1_376' title='bbox 1405 2627 1556 2660; x_wconf 83' lang='lat' dir='ltr'>civilibus</span> <span class='ocrx_word' id='word_1_377' title='bbox 1576 2628 1750 2669; x_wconf 83' lang='lat' dir='ltr'>impositus</span> 
     </span>
     <span class='ocr_line' id='line_1_60' title="bbox 1068 2677 1749 2720; baseline -0.003 -9"><span class='ocrx_word' id='word_1_378' title='bbox 1068 2681 1124 2719; x_wconf 78' lang='lat' dir='ltr'>sit,</span> <span class='ocrx_word' id='word_1_379' title='bbox 1146 2684 1247 2720; x_wconf 88' lang='lat' dir='ltr'>atque</span> <span class='ocrx_word' id='word_1_380' title='bbox 1271 2678 1313 2710; x_wconf 87' lang='lat' dir='ltr'>ob</span> <span class='ocrx_word' id='word_1_381' title='bbox 1331 2679 1389 2710; x_wconf 88' lang='lat' dir='ltr'>has</span> <span class='ocrx_word' id='word_1_382' title='bbox 1413 2687 1530 2710; x_wconf 77' lang='lat' dir='ltr'>causas</span> <span class='ocrx_word' id='word_1_383' title='bbox 1549 2677 1604 2710; x_wconf 85' lang='lat' dir='ltr'>bie</span> <span class='ocrx_word' id='word_1_384' title='bbox 1626 2678 1749 2710; x_wconf 85' lang='lat' dir='ltr'>mensis</span> 
     </span>
     <span class='ocr_line' id='line_1_61' title="bbox 1068 2726 1750 2768; baseline -0.004 -8"><span class='ocrx_word' id='word_1_385' title='bbox 1068 2729 1143 2760; x_wconf 80' lang='lat' dir='ltr'>huie</span> <span class='ocrx_word' id='word_1_386' title='bbox 1158 2728 1298 2768; x_wconf 88' lang='lat' dir='ltr'>imperio</span> <span class='ocrx_word' id='word_1_387' title='bbox 1311 2727 1518 2759; x_wconf 82' lang='lat' dir='ltr'>felicissimus</span> <span class='ocrx_word' id='word_1_388' title='bbox 1526 2727 1570 2758; x_wconf 89' lang='lat' dir='ltr'>sit</span> <span class='ocrx_word' id='word_1_389' title='bbox 1581 2736 1620 2758; x_wconf 85' lang='lat' dir='ltr'>ac</span> <span class='ocrx_word' id='word_1_390' title='bbox 1629 2726 1750 2764; x_wconf 74' lang='lat' dir='ltr'>fuerit3</span> 
     </span>
     <span class='ocr_line' id='line_1_62' title="bbox 1069 2775 1750 2819; baseline -0.004 -11"><span class='ocrx_word' id='word_1_391' title='bbox 1069 2779 1204 2819; x_wconf 85' lang='lat' dir='ltr'>placere</span> <span class='ocrx_word' id='word_1_392' title='bbox 1228 2777 1379 2817; x_wconf 86' lang='lat' dir='ltr'>Senatui,</span> <span class='ocrx_word' id='word_1_393' title='bbox 1392 2781 1429 2808; x_wconf 92' lang='lat' dir='ltr'>ut</span> <span class='ocrx_word' id='word_1_394' title='bbox 1443 2776 1566 2807; x_wconf 89' lang='lat' dir='ltr'>mensis</span> <span class='ocrx_word' id='word_1_395' title='bbox 1581 2775 1750 2816; x_wconf 76' lang='lat' dir='ltr'>Augustus</span> 
     </span>
    </p>
   </div>
  </div>
 </body>
</html>
