1930 3242
378 271 462 316 948
840 286 882 322 Q.
913 281 1117 313 noenu
1151 279 1320 309 nacci

913 439 1146 482 SATIRA
1174 439 1265 481 III.

381 540 508 572 Omnes
523 539 679 578 insanire,
693 539 793 570 etiam
809 538 899 579 ipsos
914 538 1059 577 Stoicos,
1072 536 1151 568 dum
1166 537 1228 568 hoc
1243 536 1377 569 docent.
1390 537 1490 569 Baxe.
1535 537 1585 568 Ut
1599 546 1670 568 rem
1684 535 1802 568 duram

424 596 460 623 et
477 590 666 622 offensionis
683 591 829 631 plenam,
851 599 965 621 omnes
991 589 1149 630 insanire,
1165 593 1251 629 tuto,
1267 593 1358 629 apte,
1379 594 1414 621 et
1438 589 1660 630 probabiliter
1673 588 1805 620 diceret

423 643 596 681 Sathicus,
608 640 864 683 Damasippum,
877 652 919 673 ex
935 642 1077 683 prodigo
1091 642 1240 673 Stoicum
1262 642 1492 683 philosophum
1509 645 1650 682 repente
1663 640 1802 680 factum,

425 703 523 734 quem
545 694 646 734 vulgo
666 694 815 726 insanum
838 694 1019 734 vocabant,
1035 695 1222 735 loquentem
1248 694 1390 725 induxit.
1435 694 1502 725 Hic
1530 694 1672 734 primum
1697 692 1803 732 ipsius

421 745 557 776 Horatii
580 744 613 775 in
638 745 814 777 scribendo
839 746 1015 786 segnitiem
1042 745 1254 786 perstringit:
1287 750 1356 776 tum
1382 745 1493 777 verbis
1520 745 1676 776 Stertinii
1699 742 1804 775 Stoici

422 796 574 835 magistri
600 796 793 830 inductione
814 798 922 830 utitur
945 797 988 829 ad
1014 797 1135 839 dogma
1159 797 1347 828 Stoicorum
1369 796 1568 835 docendum,
1590 805 1704 827 omnes
1729 802 1804 826 esse

422 848 543 879 stultos
565 853 601 879 et
620 848 765 880 insanos·
806 849 859 880 Ad
879 850 940 880 hos
966 849 1067 889 igitur
1090 857 1164 879 esse
1184 847 1378 880 referendos
1402 849 1483 888 ait,‘
1499 847 1653 887 timidos,²
1675 847 1732 888 qui
1754 850 1802 877 te-

425 908 516 930 mere
543 903 712 931 metuant:
734 900 745 918 ‘
761 901 927 940 audaces‚'
948 901 1003 942 qui
1024 901 1205 932 metuenda
1225 910 1291 932 non
1313 900 1557 932 reformident:
1582 899 1691 931 ‘lucri
1710 898 1804 937 cupi·

425 950 572 991 dos,’qui
583 951 807 983 creditoribus
817 953 966 992 incertis,
976 953 1073 984 malae
1085 952 1177 991 fidei,
1187 957 1222 983 et
1237 952 1386 993 prodigis
1399 953 1480 984 deut
1491 957 1607 983 mutuo
1623 950 1781 992 pecunias
1795 959 1803 979 :

424 1003 434 1019 ⁸
448 1002 590 1042 avaros:
607 1007 642 1033 et
656 1003 710 1044 qui
727 1013 795 1035 rem
819 1003 1013 1035 ostentandi
1038 1003 1146 1044 gratia
1167 1003 1358 1042 corradant,
1372 1007 1406 1034 et
1430 1003 1486 1043 qui
1503 1013 1522 1034 a
1538 1002 1680 1034 corrasis
1703 1000 1805 1032 absti-

427 1060 542 1094 neant,
561 1060 595 1085 et
618 1055 682 1095 ipsi
706 1055 933 1086 sordidissime
945 1054 1198 1095 miserrimeque
1221 1055 1355 1085 vivant:
1378 1053 1603 1095 Aristippum,
1618 1054 1671 1094 qui
1688 1061 1805 1083 aurum

426 1106 574 1147 abjicere
589 1115 702 1137 servos
711 1106 872 1147 jusserit:
896 1106 906 1123 ‘
922 1105 1045 1137 saevos'
1061 1115 1141 1145 erga
1159 1113 1296 1136 uxorem
1315 1097 1541 1146 matremque:
1566 1106 1576 1122 ⁸
1593 1101 1806 1141 ambitiosos,'

424 1158 530 1188 veluti
550 1157 845 1198 Agamemnonem,
869 1158 924 1199 qui
947 1157 990 1189 ob
1016 1157 1156 1198 gloriam
1184 1157 1406 1188 immolaverit
1429 1157 1549 1188 filiam:
1573 1157 1583 1174 ‘
1600 1152 1809 1193 luxuriosos,’

424 1210 579 1250 exemplo
605 1210 819 1249 Nomentani,
831 1209 947 1250 AEsopi
970 1210 1042 1250 filii,
1058 1209 1147 1240 Arrii
1172 1208 1336 1240 filiorum:
1360 1209 1369 1226 ‘
1387 1207 1605 1247 libidinosos,'
1625 1207 1683 1248 qui
1704 1215 1809 1237 mere-

424 1261 528 1292 trices
551 1266 741 1292 secteutur:
764 1263 774 1278 ‘
789 1260 1062 1303 superstitiosos,'
1077 1261 1232 1301 exemplo
1254 1260 1403 1292 libertini
1430 1260 1601 1300 cujusdam
1623 1263 1658 1290 et
1679 1258 1808 1290 matris.

423 1313 572 1343 Tandem
589 1318 625 1343 et
646 1313 754 1353 ipsum
783 1313 961 1344 Horatium
983 1323 1055 1344 esse
1081 1313 1230 1344 insanum
1255 1313 1387 1343 insanus
1408 1312 1496 1343 dicit
1522 1311 1564 1343 ob
1588 1310 1807 1342 imitationem

424 1364 626 1394 Maecenatis
641 1365 674 1394 in
690 1364 900 1404 aedificando,
913 1365 955 1396 ob
970 1364 1128 1402 carmina,
1139 1363 1356 1403 iracundiam,
1370 1362 1649 1404 magnificentiam
1665 1362 1698 1392 in
1714 1360 1808 1392 cultu

425 1418 460 1445 et
474 1414 603 1453 habitu,
617 1419 652 1445 et
672 1423 818 1446 amorem
834 1423 1012 1455 puerorum
1029 1415 1293 1454 puellarumque.

388 1497 472 1537 S1c
494 1509 593 1538 raro
615 1498 785 1546 scribis,
806 1502 854 1539 ut
873 1501 966 1540 toto
987 1511 1073 1539 non
1092 1502 1241 1551 quater
1261 1509 1374 1538 anno

385 1561 682 1602 Membranam
701 1575 884 1615 poscas,
906 1564 1167 1616 scriptorum
1188 1575 1369 1614 quaeque
1388 1565 1599 1610 retexens,

429 1668 616 1698 DAMASlP.
641 1667 716 1698 Tam
731 1667 938 1709 infrequenter
952 1667 1074 1704 scribis,
1087 1671 1123 1699 ut
1139 1677 1217 1699 anno
1232 1667 1351 1706 integro
1366 1667 1421 1698 vix
1435 1670 1543 1707 quater
1564 1669 1652 1706 petas
1666 1666 1811 1698 membra-

982 1759 1118 1772 eeeeeee

1121 1759 1216 1771 eeeee

432 1821 545 1851 Satira
559 1820 676 1861 quinta
691 1821 783 1852 Libri
799 1821 895 1861 primi
910 1822 943 1852 in
958 1822 1021 1853 Ed.
1035 1821 1221 1853 Sanad.—l
1250 1821 1288 1852 Si
1303 1831 1373 1852 raro
1397 1821 1495 1852 Gott.
1520 1821 1603 1852 Exc.
1625 1821 1703 1852 Sex.
1729 1831 1811 1853 unus

393 1862 471 1892 Bos.
489 1867 556 1892 tres
574 1861 719 1892 Blandd.
736 1868 771 1893 et
784 1864 869 1893 alter
885 1872 940 1903 ap.
957 1864 1060 1903 Cruq.
1072 1868 1108 1893 et
1124 1863 1188 1892 duo
1204 1863 1391 1893 Pulmanni.
1414 1862 1526 1892 scribes
1540 1867 1608 1892 tres
1620 1863 1716 1892 codd.
1732 1864 1811 1894 Pul-

390 1903 513 1934 manni.
558 1903 654 1933 Unde
669 1903 782 1934 Bentl.
799 1903 919 1941 edidit,
936 1903 973 1934 Si
985 1913 1055 1934 raro
1070 1903 1201 1939 scribes;
1224 1913 1366 1943 eumque
1381 1903 1488 1934 secuti
1505 1903 1640 1934 Francis
1655 1909 1691 1934 et.
1706 1904 1812 1936 Kidd.

391 1945 446 1976 Sic
461 1953 531 1974 raro
545 1943 653 1975 scribis
669 1944 724 1974 alii
738 1953 852 1976 omnes
867 1945 964 1976 codd.
978 1947 1079 1976 etiam
1097 1945 1191 1975 Harl.
1215 1949 1250 1975 et
1264 1944 1342 1975 edd.
1358 1945 1465 1984 antiq.
1488 1945 1497 1961 ‘
1509 1945 1607 1977 Quod
1623 1945 1650 1976 si
1665 1945 1719 1976 Sic
1735 1947 1813 1976 reti-

392 1995 473 2017 nere
489 1985 584 2024 velis,
605 1989 675 2016 tum
691 1995 752 2026 per
769 1986 1065 2028 interrogationem
1082 1985 1202 2017 efferas
1215 1995 1356 2017 censeo:
1381 1986 1435 2017 Sic
1457 1995 1527 2017 raro
1548 1985 1673 2027 scribes,
1693 1990 1728 2017 ut
1750 1991 1813 2019 toto

1027 2079 1168 2112 NOTAE

434 2143 451 2171 1
475 2140 531 2171 Sic
545 2150 627 2180 raro,
641 2140 708 2182 ἅμ’]
725 2142 841 2174 Plures
855 2142 909 2174 hic
924 2142 1078 2183 dialogis-

391 2189 448 2228 ηιὶ,
462 2188 521 2219 sed
534 2189 599 2220 duo
611 2196 688 2221 sunt
701 2192 860 2232 praecipui
874 2204 882 2224 :
907 2192 996 2233 prior
1006 2193 1076 2223 Da-

391 2237 534 2278 masippi
550 2238 743 2278 Philosophi
757 2250 831 2271 curn
848 2241 1002 2279 Horatio,
1022 2250 1076 2271 us-

392 2295 458 2327 que
474 2287 515 2318 ad
533 2296 662 2318 versum
677 2290 728 2318 39.
745 2288 801 2319 ubi
816 2289 902 2320 hunc
918 2289 974 2320 ille
988 2289 1076 2320 Stoi-

393 2345 433 2367 co
461 2335 637 2375 supercilio
667 2336 852 2377 redarguit,
879 2338 968 2378 quod
997 2337 1076 2368 nihil

393 2384 471 2416 novi
507 2384 692 2416 scriberet:
726 2385 811 2417 alter
843 2391 894 2417 est
924 2385 1078 2417 Stertinii

393 2434 474 2464 item
488 2432 594 2463 Stoici
619 2441 694 2464 cum
710 2433 929 2474 Damasippo.
971 2434 1036 2464 Vel
1051 2434 1078 2463 si

393 2481 512 2520 mavis,
529 2481 755 2522 Damasippus
768 2482 838 2523 ipse
851 2481 958 2514 refert
970 2482 1078 2514 Hora-

394 2531 443 2562 tio
459 2530 610 2561 Stertinii
634 2539 745 2562 secum
770 2535 805 2562 et
825 2541 900 2563 cum
924 2532 996 2563 aliis
1011 2531 1082 2572 qui-

396 2578 532 2610 busdam
554 2579 865 2611 sermocinationem
881 2585 935 2612 sat
958 2580 1082 2621 prolix-

398 2636 463 2659 am.
507 2627 622 2668 Atque
644 2629 677 2659 in
696 2629 756 2660 hac
778 2629 942 2661 Satiricus
957 2635 1082 2669 noster,

398 2677 602 2708 excutiendo
617 2678 754 2708 solenne
773 2678 895 2709 Stoicis
910 2678 1083 2719 placitum,

399 2729 496 2756 acute
514 2725 648 2757 vellicat
664 2726 841 2767 plerosque
855 2736 946 2758 vanae
964 2726 1090 2758 mentis.

1128 2141 1289 2178 homines,
1303 2143 1359 2182 qui
1375 2142 1462 2172 solos
1479 2150 1514 2172 se
1530 2150 1648 2182 sapere
1664 2140 1812 2172 vendita-

1127 2190 1222 2221 bant.

1173 2238 1216 2268 Ut
1232 2241 1294 2268 toto
1307 2247 1367 2268 non
1391 2242 1509 2279 quater,
1521 2238 1590 2278 dfe]
1613 2238 1762 2269 Primum
1776 2247 1812 2268 se

1131 2286 1288 2326 castigari
1303 2286 1553 2327 insimularique
1567 2286 1701 2317 desidia:
1715 2296 1735 2317 a
1746 2287 1812 2318 Da-

1130 2336 1281 2376 masippo
1295 2334 1391 2375 fingit
1407 2335 1579 2375 Horatius,
1595 2341 1631 2366 ut
1648 2335 1725 2366 inde
1738 2345 1812 2367 sen-

1131 2385 1192 2416 sim
1221 2394 1259 2416 ac
1289 2383 1493 2424 pedetentim
1527 2384 1568 2415 ad
1605 2385 1811 2425 propositum

1132 2435 1312 2475 subrepat;
1335 2439 1435 2474 atque
1468 2436 1478 2451 ‘
1494 2433 1588 2464 vafer
1613 2433 1751 2465 vitium'
1774 2444 1813 2466 ac

1133 2483 1248 2514 vulnus
1273 2481 1359 2522 quod
1390 2482 1580 2513 rescindere
1610 2483 1694 2521 vult,
1719 2483 1812 2514 ‘tan-

1135 2535 1193 2571 gat
1205 2530 1227 2560 :’
1245 2529 1521 2570 quemadmodum
1538 2531 1585 2562 ait
1602 2531 1736 2562 Persius
1745 2532 1815 2563 Sat.

1135 2588 1160 2610 1·
1176 2581 1248 2610 116.

1176 2631 1197 2659 2
1220 2627 1431 2659 membranam
1447 2630 1568 2670 poscas]
1593 2630 1643 2660 Ex
1662 2629 1815 2661 adversa-

1136 2676 1193 2708 riis
1222 2676 1254 2707 in
1281 2677 1502 2708 membranam
1524 2677 1604 2708 nihil
1622 2678 1814 2709 transcribis

1137 2726 1229 2758 velut
1265 2726 1490 2762 emendatum,
1525 2731 1623 2768 atque
1652 2726 1814 2758 nominum
