1930 3242
695 299 974 336 sannionum
1010 299 1103 330 mn.
1137 299 1189 331 11.
1219 288 1264 331 2.
1622 290 1706 331 931

263 395 411 447 Quam
429 396 601 444 laudas,
622 394 774 448 pluma
789 397 809 436 ‘l
839 398 967 437 cocto
987 407 1090 436 num
1112 393 1240 435 adest
1258 394 1398 435 honor
1417 392 1562 435 idem?

263 462 408 505 Carne
430 467 576 504 tamen
596 462 798 515 quamvis
816 462 954 502 distat
972 461 1080 502 nihil
1098 461 1181 501 hac
1201 461 1338 513 magis
1356 460 1451 511 illa,

263 529 515 583 Imparibus
535 527 688 568 formis
707 527 940 581 deceptum
961 533 1004 569 te
1018 531 1156 581 patet.
1218 527 1324 569 Esto
1343 541 1354 569 :
1653 527 1710 567 30

265 596 393 637 Unde
412 596 561 636 datum
581 595 734 644 sentis,
756 595 886 648 lupus
905 595 978 636 hic
997 595 1246 644 Tiberinus,
1267 607 1323 636 an
1343 594 1433 636 alto

264 662 434 716 Captus
453 662 558 711 hiet,
579 666 797 715 pontesne
817 662 928 702 inter
941 661 1153 716 jactatus,
1175 674 1231 702 an
1253 661 1395 702 amnis

261 799 354 830 quam
367 790 553 822 ‹iamir-aria?
574 801 616 823 an
637 802 696 832 por
719 793 809 823 decor
827 795 970 832 superest
987 794 1093 822 cocto?
1138 791 1391 831 Quandoquidem
1412 791 1528 822 nullum
1546 789 1712 822 discrimen

256 837 309 864 ,ese
324 833 402 864 lianc
413 833 496 864 inter
515 837 544 865 et
560 834 647 865 illum
660 843 795 875 carnem,
811 835 910 875 specie
923 834 1068 865 dissimili
1082 837 1113 864 te
1127 835 1286 873 deceptum
1301 836 1434 864 constat.
1481 832 1576 864 Sane.
1625 832 1712 863 Unde

261 874 485 921 animadvertis
498 879 605 907 utrum
618 876 778 917 appositus
791 877 851 908 iste
866 877 955 917 lupus
973 876 1078 907 Tiberi
1093 876 1140 907 vel
1154 877 1234 907 mari
1248 879 1357 916 captus
1371 886 1404 906 os
1415 876 1555 916 pandat?
1575 884 1617 905 an
1629 873 1714 904 inter

881 970 1116 983 “mo“

261 1033 478 1072 Bersmanui,
500 1044 580 1066 nunc
604 1036 745 1069 vesceris.
793 1037 891 1069 Harl.
906 1041 938 1069 2.
954 1040 986 1068 4.
1008 1048 1068 1068 non
1086 1036 1314 1068 vesceris—28
1332 1036 1493 1068 Glarean.
1509 1038 1544 1066 et
1568 1033 1611 1064 al.
1628 1036 1712 1065 vett.

259 1079 385 1106 coctave
412 1077 511 1107 adest.
555 1081 564 1094 ‘
581 1078 715 1109 Vocula
741 1089 815 1110 mem
844 1090 912 1111 nou
941 1080 1084 1111 eliditur
1109 1080 1163 1110 hic
1195 1079 1228 1109 in
1257 1078 1446 1114 scansione,
1475 1077 1534 1109 sed
1567 1085 1714 1116 pronun-

258 1118 392 1156 -tiatur3
416 1123 455 1149 ut
481 1117 680 1159 frequenter
704 1121 795 1162 apud
819 1122 987 1161 Comicos,
1009 1122 1112 1153 etiam
1142 1121 1251 1152 vocali
1274 1126 1452 1161 sequente.
1495 1119 1552 1150 Sic
1573 1119 1714 1149 Terent.

265 1159 414 1200 Adelph.
431 1162 558 1192 ¹.2.38.
574 1160 681 1193 Andr.
690 1172 725 1193 v.
740 1165 772 1193 4.
785 1166 839 1196 41.
863 1164 992 1196 Heaut.
1010 1173 1066 1195 ιιι.
1079 1166 1175 1195 323.
1210 1163 1251 1194 Id
1269 1162 1438 1194 duntaxat
1453 1159 1716 1199 observandum,

265 1210 435 1242 nunquam
450 1202 514 1233 hoc
531 1202 604 1234 fieri
620 1205 654 1235 in
671 1205 790 1236 ultima
807 1206 902 1246 pedis
916 1207 1059 1247 syllaba,
1073 1206 1169 1246 cujus
1195 1205 1244 1236 rei
1261 1205 1426 1236 rationem
1446 1204 1506 1236 soli
1523 1202 1649 1235 Musici
1666 1202 1716 1233 in-

265 1243 434 1283 telligent.
480 1245 658 1277 Lucretius
675 1256 732 1277 ιιι.
749 1250 843 1280 1095.
883 1249 979 1280 Nihil
995 1258 1076 1288 ergo
1092 1258 1176 1288 opus
1194 1253 1247 1279 est
1263 1247 1472 1287 sagacissimi
1489 1246 1566 1278 Nic.
1581 1243 1716 1276 Heinsii

266 1285 480 1325 conjectura,
490 1287 547 1327 qui
563 1288 604 1318 ad
618 1289 794 1321 Claudiani
810 1299 850 1323 ιι.
861 1291 961 1322 Cous.
973 1291 1049 1322 Stil.
1059 1293 1131 1321 167.
1147 1289 1302 1321 fortassis
1315 1290 1363 1320 ait
1375 1287 1571 1328 legendum,
1584 1288 1718 1318 caccone

264 1328 353 1359 adest
376 1328 587 1366 honor-iaevm
610 1331 681 1361 sine
696 1332 823 1363 voculis
838 1333 990 1364 elisione.
1036 1333 1112 1363 Hoc
1139 1332 1227 1362 enim
1255 1332 1360 1362 multo
1386 1331 1498 1362 adhuc
1522 1329 1638 1360 durius
1662 1333 1716 1359 est

265 1373 303 1401 et
318 1370 506 1401 horridius:
531 1373 656 1412 qnippe
674 1373 799 1404 vocalis
816 1374 929 1405 brevis
951 1384 1114 1415 nusquam
1135 1374 1264 1404 hiatum
1281 1373 1378 1411 facit,
1393 1372 1452 1403 sed
1469 1381 1603 1412 semper
1619 1370 1716 1401 elidi-

266 1416 334 1451 tur,
349 1416 388 1443 ut
402 1411 502 1444 docui
523 1413 564 1443 ad
593 1422 648 1444 ιιι.
663 1414 731 1445 od.
750 1417 800 1446 14.
816 1417 870 1446 ll.
916 1415 1095 1456 Equidem,
1115 1415 1225 1455 siquid
1243 1418 1408 1445 mutatum
1424 1414 1562 1451 vellem,
1586 1413 1634 1444 sic
1659 1421 1717 1451 po-

259 1454 332 1488 ,tiun
347 1453 510 1493 legerem,
531 1454 666 1486 Conone
679 1456 775 1487 etium
788 1460 835 1487 est
848 1457 945 1488 honor
958 1456 1065 1490 idem?
1109 1457 1267 1488 Etiamne
1288 1461 1389 1487 cocto
1404 1456 1512 1487 honor
1535 1454 1624 1485 idem
1642 1455 1715 1485 est?

263 1495 354 1526 Sane
371 1495 481 1526 codex
497 1496 724 1538 Rauennatis,
742 1498 838 1529 Cocco
858 1509 931 1530 num
949 1503 993 1530 est
1013 1499 1127 1531 honor.-
1151 1499 1323 1530 Galeanus
1341 1507 1421 1529 vero
1443 1502 1479 1529 et
1502 1498 1603 1536 alter,
1621 1496 1716 1527 Cocta

263 1547 320 1568 nec
332 1537 443 1568 adest!
465 1538 579 1569 Bentl.
622 1540 632 1556 ‘
651 1540 736 1571 Cum
754 1541 928 1577 Lambiuo,
947 1542 1107 1580 cruquio,
1122 1541 1301 1572 ‘Porrentio
1318 1542 1512 1581 Vetereque
1527 1539 1716 1570 Sclioliaste

264 1579 401 1619 reposui
420 1580 516 1611 Cocio
538 1590 612 1612 num
634 1583 732 1613 adest.
776 1583 906 1614 Sciolus
922 1583 1002 1614 fecit
1021 1585 1162 1620 coctam-e,
1177 1593 1278 1614 causa
1294 1582 1423 1614 Meti-i.¹
1442 1583 1540 1613 Bast.
1590 1579 1718 1611 Coccon'

257 1625 296 1652 vei
309 1623 397 1653 adest
413 1622 559 1662 Cuning.
583 1624 666 1654 color
679 1625 761 1655 idem
779 1625 875 1657 Harl.
891 1628 923 1656 6.
945 1626 1068 1656 Venet.
1087 1630 1123 1656 et
1139 1626 1219 1656 Vet.
1237 1625 1441 1655 Comb.—29
1460 1624 1549 1654 Han.
1567 1625 1596 1652 1.
1620 1623 1719 1652 distat

265 1664 348 1694 color
361 1663 418 1695 hoc
431 1665 532 1704 magis
545 1665 700 1697 ium—30
717 1667 860 1708 Cuning.
883 1671 915 1698 te
934 1671 1021 1708 putee
1043 1668 1215 1698 inoffi—31
1243 1667 1318 1698 Nic.
1337 1666 1458 1698 Heius.
1474 1665 1608 1696 emend.
1627 1664 1718 1695 Unde

922 1763 1063 1796 NOTAE

265 1829 355 1861 vide
372 1828 498 1860 Athen.
513 1839 595 1862 vm.
607 1833 659 1862 12.
703 1831 801 1862 Idem
819 1841 896 1863 xiv.
911 1834 964 1864 20.

265 1889 311 1911 ex
325 1878 571 1912 Anaxandride
587 1891 596 1911 ι
619 1883 628 1899 ‘
640 1880 695 1912 An
717 1891 785 1912 non
800 1881 963 1912 furiosum

265 1930 358 1961 alere
383 1929 472 1961 domi
499 1939 660 1971 parrona,
685 1940 826 1971 quorum
852 1931 963 1970 pretio

267 1983 392 2020 queant
407 1980 472 2010 emi
490 1985 614 2011 statuae
627 1979 650 2010 ?'
695 1979 784 2011 Ibid.
797 1980 959 2011 Strattis:

268 2027 280 2045 ‘
294 2028 398 2060 Tanti
412 2033 491 2060 sunt
505 2029 578 2060 haec
590 2027 761 2067 facienda,
772 2029 891 2071 quanti
905 2040 964 2070 pa-

270 2085 388 2112 vones.
401 2081 437 2107 et
451 2078 518 2108 alia
530 2083 653 2108 vestrae
669 2087 783 2118 nugae,
798 2088 880 2118 quas
905 2079 964 2110 do-

270 2127 318 2159 mi
333 2128 469 2168 pascitis
484 2128 527 2159 ob
542 2137 727 2169 pennarum
745 2128 966 2168 pulchritudi-

215 2206 219 2209 .
270 2176 370 2208 nem.’
411 2177 502 2209 Vide
529 2186 557 2209 1.
583 2177 656 2209 Sat.
685 2179 717 2210 2.
747 2179 821 2208 116.
852 2178 965 2219 ibique

272 2227 358 2259 Not.

314 2278 356 2307 28
381 2277 476 2308 Cocta
489 2286 563 2308 num
576 2277 664 2309 adest
678 2277 774 2308 honor
790 2276 887 2317 idem]
912 2277 966 2308 An

270 2331 370 2358 cocto
395 2326 518 2367 pavoni
543 2331 695 2358 remanet
721 2326 812 2358 idem
838 2336 965 2368 penna-

257 2382 345 2407 ·rum
359 2376 450 2407 nitor
464 2380 500 2407 et
515 2376 698 2417 splendor?

313 2427 356 2457 29
381 2426 484 2458 Came
498 2429 603 2458 eumen
617 2426 770 2468 quonum,
781 2425 850 2465 ξω]
873 2426 967 2467 Ergo

273 2483 346 2506 eum
357 2475 532 2507 discrimen
545 2477 672 2508 nullum
681 2476 718 2507 fit
730 2476 820 2507 inter
831 2485 968 2507 carnem

273 2525 413 2563 pavonis
429 2529 464 2556 et
481 2526 630 2565 gallinae,
643 2530 743 2572 patet
762 2530 796 2557 te
813 2526 965 2557 delusum

276 2573 389 2613 specie
405 2579 441 2605 et
454 2574 562 2607 forma
575 2577 727 2616 pavonis,
740 2581 778 2607 ut
793 2576 880 2607 hunc
893 2585 968 2606 sua-

276 2622 402 2654 viorem
429 2629 539 2665 putes,
566 2626 642 2667 quia
671 2626 830 2667 gallinam
861 2625 968 2656 vincit

277 2672 543 2716 pulchritudine.

268 2726 270 2730 '
319 2724 357 2753 81
388 2722 476 2754 Unde
503 2724 609 2755 datum
636 2726 744 2762 sentis,
772 2725 842 2766 εμπ]
865 2725 966 2756 Unde

278 2772 380 2804 habes
396 2778 434 2804 ut
446 2778 546 2812 gustu
559 2775 723 2816 explores,
732 2776 879 2816 judices,
891 2786 967 2807 sen-

278 2822 341 2854 tias
366 2831 430 2864 quo
457 2822 533 2854 loco
555 2823 598 2855 sit
621 2828 739 2864 captus
765 2825 830 2857 iste
853 2826 968 2867 piscis,

1019 1833 1118 1872 lupus
1134 1842 1258 1873 nempe
1275 1843 1283 1864 :
1309 1842 1350 1863 an
1367 1832 1399 1863 in
1416 1831 1486 1862 ulto
1506 1830 1602 1866 mari,
1625 1840 1665 1861 an
1684 1831 1718 1861 in

1017 1882 1134 1913 Tiberi
1149 1893 1156 1912 ε
1188 1892 1298 1924 neque
1314 1882 1377 1913 hoc
1399 1882 1520 1920 solum,
1537 1880 1596 1911 sed
1612 1881 1717 1911 etiam

1018 1936 1131 1962 utrum
1159 1932 1201 1962 ad
1233 1931 1356 1962 ostium
1385 1930 1530 1966 Tiberis,
1560 1939 1601 1961 an
1631 1930 1719 1961 inter

1018 1981 1165 2022 pontes?
1212 1981 1244 2011 O
1261 1989 1416 2021 sagacem
1444 1985 1480 2011 et
1507 1980 1718 2020 ingeniosam

1018 2030 1292 2071 nimis-profecto
1317 2030 1449 2071 gulam!
1472 2030 1631 2063 Juvenal.
1647 2030 1719 2060 Sat.

1018 2089 1069 2112 lv.
1085 2083 1159 2112 140.
1176 2081 1332 2112 similiter
1354 2080 1469 2111 canit:
1493 2084 1501 2096 ⁴
1515 2079 1646 2110 Circeis
1663 2088 1719 2109 na-

1020 2134 1056 2161 ta
1067 2130 1194 2170 forent,
1205 2140 1247 2161 an
1260 2130 1442 2161 Lucrinum
1453 2129 1495 2160 ad
1509 2138 1641 2166 saxum,
1654 2129 1719 2159 Ru-

1021 2180 1184 2220 tupinove
1194 2180 1287 2210 edita
1303 2178 1408 2210 fundo
1421 2178 1719 2215 Ostrea‚callebat

1022 2229 1129 2269 primo
1151 2228 1365 2269 deprendere
1389 2238 1522 2268 morsu;
1545 2230 1590 2260 Et
1614 2229 1718 2259 semel

1021 2279 1153 2318 aspecti
1169 2278 1263 2309 littus
1279 2278 1419 2310 dicebat
1433 2278 1570 2310 echini.'

1063 2329 1104 2358 32
1129 2327 1222 2368 Hiet]
1246 2328 1357 2359 Piscis
1389 2329 1455 2359 iste
1485 2338 1505 2358 a
1531 2328 1717 2359 voracitate

1020 2376 1133 2408 dictus
1147 2377 1245 2418 lupus
1259 2377 1367 2409 hianti
1381 2387 1439 2408 ore
1451 2378 1539 2408 belle
1557 2376 1716 2416 exprimi·

1021 2431 1093 2458 tur:
1116 2427 1187 2458 sive
1211 2428 1299 2468 quod
1327 2428 1438 2468 pisces
1457 2434 1572 2458 omnes
1598 2434 1716 2456 recens

1021 2477 1114 2517 capti
1127 2486 1164 2508 os
1178 2477 1357 2508 diducunt.

1064 2528 1222 2558 Pontesne
1238 2524 1561 2566 interjactatus,ssc.]
1586 2525 1614 2555 E
1633 2525 1717 2556 mari

1021 2576 1132 2616 pisces
1148 2576 1284 2616 quidam
1301 2575 1412 2605 subire
1426 2573 1563 2605 flumina
1578 2584 1718 2616 cognos-

1020 2630 1167 2658 cuntur:
1192 2630 1294 2666 atque
1318 2625 1377 2655 hos
1398 2625 1488 2655 inter
1503 2625 1602 2665 lupus
1619 2625 1718 2656 mari-

1020 2674 1092 2706 nus'.
1138 2675 1245 2705 Porro
1272 2684 1314 2706 ex
1336 2673 1502 2705 fastidiosi
1525 2674 1717 2706 helluonum

1020 2734 1080 2756 seu
1109 2724 1304 2755 catillouum
1332 2725 1436 2765 palati
1451 2724 1595 2766 judicio,
1611 2725 1718 2756 bouus

1021 2778 1095 2805 erat
1109 2775 1164 2805 ille
1178 2783 1196 2804 e
1213 2774 1324 2805 medio
1341 2775 1444 2813 mari3
1467 2775 1587 2806 melior
1605 2776 1646 2806 ad
1663 2785 1716 2806 os-

1022 2825 1105 2856 tium
1130 2823 1265 2855 Tiberis
1293 2823 1408 2865 fluvii3
1429 2830 1464 2857 at
1484 2826 1630 2866 optimus
1659 2826 1716 2867 qui
