1890 3256
524 297 875 329 EPiS'rOLARUM
911 297 1006 327 nis.
1040 298 1070 326 i.
1099 288 1142 328 7.

109 393 208 435 Nec
229 403 432 434 somnum
453 391 595 445 plebis
614 390 766 441 laud0,
786 394 906 432 satur
926 390 1131 441 altilium,
1147 403 1228 432 ncc

1448 287 1560 328 1119

1502 390 1559 431 35

108 458 216 502 Otia
234 459 405 500 divitiis
426 458 624 508 Arabum
645 458 868 500 liberrima
886 461 1025 500 muto.

108 527 242 581 Saepe
261 526 560 568 verecundum
578 525 769 567 laudasti
786 539 797 577 ;
828 538 992 579 rexque
1009 528 1220 579 paterque

108 591 291 635 Audisti
310 606 455 635 coram
475 606 487 644 3
516 605 600 634 nec
619 593 752 635 verbo
773 592 952 646 parcius
973 592 1160 634 absens:

110 659 306 714 Inspice,
328 661 366 701 si
386 672 572 714 possum
592 659 760 701 donata
779 671 987 714 reponere
1007 659 1150 701 laetuS.

110 725 251 768 Haud
271 726 384 768 male
402 726 708 777 Telemachus,
725 727 876 782 proles
893 727 1102 780 patientis
1125 725 1305 780 Ulyssei
1323 740 1335 778 3

1507 727 1564 768 40

111 793 219 835 Non
238 797 306 836 est
324 797 456 847 aptus
479 795 608 848 equis
628 794 781 836 Ithace
802 794 945 844 locus,
967 799 1016 835 ut
1035 807 1176 848 neque
1195 793 1345 847 planis

110 860 347 902 Porrectus
367 861 539 914 spatiis,
558 873 702 913 neque
723 861 874 902 multae
893 860 1105 914 prodigus
1126 860 1273 902 herbae
1292 873 1302 900 :

110 926 283 977 Atride,
302 928 444 980 magis
466 932 575 982 apta
594 928 675 970 tibi
696 933 773 969 tua
793 929 910 970 dona
929 926 1190 981 relinquam.

107 1056 252 1090 restituo.
298 1057 408 1097 Neque
428 1056 538 1096 plenus
561 1056 691 1096 dapibus
712 1054 880 1096 exquisitis
903 1055 994 1086 laudo
1011 1054 1125 1104 plebis·
1133 1056 1288 1095 quietem.-
1311 1065 1366 1087 nec
1391 1054 1567 1088 libertatem

108 1100 215 1140 opibus
229 1098 370 1130 Arabum
381 1102 560 1138 permutare
571 1098 673 1130 velim.
717 1097 808 1138 Saepe
822 1107 870 1129 me
884 1097 1021 1128 laudasti
1031 1097 1141 1138 paucis
1155 1100 1355 1130 contentum:
1378 1101 1470 1138 tuque
1486 1109 1506 1130 a
1520 1109 1568 1131 me

109 1151 170 1174 rea:
181 1144 210 1172 a
225 1143 316 1181 pater
328 1141 500 1172 celebratus
512 1150 545 1173 es
556 1150 706 1180 praesens,
718 1140 897 1181 pariterque
909 1139 1031 1171 absens.
1078 1140 1234 1180 Expedi-e
1249 1150 1323 1172 nam
1337 1144 1446 1181 sponte
1459 1151 1568 1181 queam

110 1185 274 1215 restituere
287 1193 356 1232 ιιι-κε
369 1183 495 1215 dedisti.
541 1183 632 1216 Bene
644 1183 767 1223 quidem
795 1182 991 1214 Telemachus
1010 1182 1163 1223 patientis
1182 1182 1306 1223 Ulyssis
1325 1182 1425 1232 filius
1441 1183 1567 1215 aiebat.-

111 1225 234 1262 Ithaca
253 1226 341 1266 regio
354 1235 417 1257 non
431 1229 479 1257 est
494 1226 580 1266 equis
593 1226 726 1257 idonea.-
748 1225 859 1266 quippe
873 1234 929 1256 nec
940 1225 1062 1274 'campis
1075 1228 1198 1266 aperta,
1211 1235 1266 1256 nec
1284 1226 1442 1265 graminis
1455 1225 1567 1264 ferax.

114 1268 188 1300 Non
201 1268 349 1310 accipiam
364 1271 419 1300 tua
432 1278 571 1309 munera,
583 1278 601 1299 ο
618 1267 772 1308 Menelais,
788 1266 847 1298 tibi
862 1267 965 1308 magis
979 1267 1101 1300 idonea.
1150 1268 1277 1308 Exiguo
1290 1268 1409 1308 exigua
1427 1268 1569 1300 conveni-

719 1351 758 1364 θ’
761 1351 959 1364 OONOOOOO‘

113 1406 160 1438 H.
183 1406 302 1447 steph.
317 1411 354 1438 et
368 1406 497 1438 Muret.
521 1407 782 1447 compellam—35
805 1406 1037 1438 Schoenborn.
1062 1409 1095 1438 3.
1118 1406 1265 1442 altilium,
1285 1408 1422 1439 ιιι-36
1443 1406 1523 1437 Vat.
1539 1408 1573 1437 l.

111 1458 134 1480 a
159 1458 204 1480 m.
230 1458 282 1489 pr.
304 1449 406 1480 mitto.
408 1451 495 1480 —38
519 1449 666 1489 euning
692 1459 788 1490 neque
808 1449 911 1481 verbo.
957 1449 1139 1488 Bamberg.
1158 1449 1306 1489 partitus.
1311 1451 1396 1480 -39
1418 1448 1570 1480 Schoen-

112 1491 211 1522 born.
227 1493 257 1522 3.
272 1493 306 1522 4.
326 1491 357 1522 si
375 1493 502 1531 possim.
504 1493 589 1522 -40
614 1491 767 1540 Angelic.
785 1495 814 1523 1.
832 1501 852 1523 a
867 1501 912 1522 m.
927 1501 979 1532 pr.
1002 1492 1165 1532 sapientis,
1188 1495 1291 1532 atque
1306 1491 1356 1522 ita
1371 1491 1571 1522 Markland.

113 1533 225 1574 Epist.
241 1533 327 1564 erit.

347 1543 381 1574 p.
397 1535 471 1565 133.
494 1543 539 1564 ex
554 1533 768 1574 conjectura,
792 1534 873 1575 quia
893 1534 1068 1583 proprium
1086 1534 1168 1564 alias
1181 1534 1226 1565 sit
1241 1533 1352 1565 Ulixis
1368 1533 1572 1575 epitheton,

111 1575 201 1617 quod
217 1574 352 1608 falsum.
387 1576 496 1608 Ulixis
509 1576 740 1608 Schoenborn.
753 1579 786 1608 2.
797 1579 829 1608 3.
838 1579 871 1609 4.
887 1576 1039 1624 sapientis
1057 1577 1120 1617 Uly
1122 1576 1183 1607 ssei
1200 1576 1300 1607 Harl.
1316 1578 1348 1607 3.
1351 1578 1434 1607 —41
1451 1557 1572 1607 Ithaca.³

116 1618 301 1658 Bamberg.
316 1622 352 1649 et
367 1617 446 1648 edd.
465 1623 550 1649 vett.
566 1623 602 1650 et
618 1619 667 1649 ita
684 1619 767 1659 legit
781 1618 972 1650 Huschke
964 1628 1000 1649 m
1023 1619 1132 1658 Epist.
1148 1618 1235 1650 Crit.
1251 1618 1292 1648 ad
1307 1618 1450 1649 Santen.
1467 1628 1501 1659 p.
1517 1619 1572 1649 73.

113 1664 151 1690 et
166 1659 304 1691 Beati.
295 1669 330 1691 in
345 1660 402 1692 ed.
419 1670 471 1701 pr.
489 1660 634 1692 Cantab.
645 1663 742 1692 1711.
779 1661 887 1692 Ithace
903 1661 1057 1692 restituit
1072 1661 1186 1691 Bentl.
1202 1661 1235 1691 in
1253 1660 1333 1691 edd.
1350 1659 1462 1691 Amst.
1477 1662 1574 1691 1713.

115 1704 212 1733 1717.
228 1710 375 1743 eumque
391 1703 503 1734 secuti
519 1707 668 1734 recentt.
689 1704 772 1734 locus
783 1703 890 1734 Ithace
903 1703 1136 1734 Schoenborn.
1152 1704 1271 1734 3.-42
1286 1702 1386 1733 Harl.
1402 1705 1432 1733 1.
1447 1705 1479 1734 2.
1494 1705 1525 1734 3.
1539 1704 1573 1733 4.

114 1745 154 1775 6:
169 1746 202 1775 7.
226 1743 408 1784 Bamberg.
433 1745 664 1777 schoenborn.

688 1747 720 1776 2.
743 1747 775 1776 3.
791 1747 824 1777 4.
859 1745 1031 1777 nonnullae
1060 1744 1139 1777 edd.

1169 1749 1253 1776 vett.
1284 1754 1341 1775 nec
1368 1746 1494 1781 multam·
1525 1744 1574 1776 ita

115 1785 232 1818 Bentl.
244 1786 373 1819 sanna.
386 1786 493 1819 Kidd.
511 1787 591 1829 Fea,
607 1791 644 1820 et
660 1788 869 1819 Bothe—43
889 1787 1124 1820 Schoenborn.
1139 1789 1173 1819 3.
1189 1791 1226 1819 et
1242 1786 1321 1820 Vat.
1339 1787 1452 1819 Palat.
1469 1790 1501 1818 l.
1525 1796 1574 1818 re-

774 1871 917 1905 NOTAE

116 1933 156 1974 ti,
174 1932 252 1964 ideo
266 1941 328 1965 nos
343 1942 478 1975 quoque
501 1933 817 1975 ἂνθυπερφρονοῦμεν.

115 1984 256 2022 Quam,
269 1983 408 2025 Lector,
419 1984 454 2015 ἐν
463 1983 586 2025 παρόδῳ
595 1986 738 2017 adverte
748 1986 818 2017 Im-

115 2032 284 2074 peratoris
310 2031 558 2074 benignitatem
586 2038 623 2066 et
647 2035 819 2067 clementi-

118 2092 171 2114 am
186 2092 195 2113 :
219 2091 318 2124 quam
335 2082 498 2114 virtutem
513 2083 732 2124 Principibus
745 2085 819 2116 ido-

116 2141 215 2164 neam
231 2135 271 2164 ut
285 2132 394 2173 magis
409 2132 590 2172 admirere,
604 2142 672 2164 uon
689 2133 822 2174 pigebit

118 2183 260 2223 insuper
281 2181 412 2214 referre
435 2182 526 2224 quod
553 2183 644 2214 idem
667 2183 708 2214 ad
737 2193 821 2214 eun-

118 2232 197 2264 dem
226 2231 421 2264 scribebat:
446 2232 571 2263 ‘Sume
601 2232 664 2264 tibi
695 2231 820 2274 aliquid

113 2283 204 2325 juris
221 2283 311 2325 apud
326 2293 395 2323 me,
418 2289 579 2326 tanquam
595 2284 623 2315 si
645 2285 821 2316 convictor

119 2333 199 2365 mibi
215 2332 332 2366 fueris.
376 2333 488 2366 Recte
514 2334 603 2365 euim
628 2338 664 2366 et
685 2344 750 2366 non
769 2339 819 2367 te-

119 2392 213 2416 mere
227 2383 374 2416 feceris.
365 2395 374 2403 ·
397 2384 556 2426 quoniam
582 2384 615 2416 id
639 2394 718 2417 usus
740 2384 821 2415 milii

120 2437 234 2465 tecum
248 2442 325 2465 esse
341 2433 462 2469 voluit,
477 2434 579 2475 siper
592 2433 820 2466 valetudinem

122 2486 217 2515 tuam
232 2482 307 2515 fieri
322 2482 453 2524 possit!

166 2535 208 2564 85
231 2533 300 2564 Nec
324 2543 461 2565 smmum
479 2534 577 2575 plebis
598 2535 700 2575 laudo,
716 2534 820 2575 satur]

124 2583 250 2625 Neque
267 2592 347 2615 vero
362 2584 571 2624 plebeiorum
587 2587 737 2627 quietam
753 2584 823 2616 fru-

125 2633 300 2674 galitatem
315 2642 403 2665 nuuc
418 2634 533 2673 laudo,
548 2645 626 2667 cum
643 2637 822 2668 sumtuosis

125 2682 237 2722 epulis
259 2681 393 2712 abundo
421 2687 458 2713 et
482 2687 576 2715 satur
611 2694 696 2723 sum,
724 2685 822 2717 aliam

127 2730 332 2762 sententiam
357 2731 528 2773 aliumque
556 2741 743 2766 sermonem
766 2735 823 2766 ha-

126 2781 258 2813 biturus
281 2780 310 2812 si
333 2781 498 2822 egestatis
520 2781 731 2816 incommoda
746 2794 822 2816 seu-

127 2831 222 2863 tiam.
260 2830 367 2864 Immo
382 2831 575 2864 libertatem
591 2833 736 2874 praefero
751 2835 822 2876 qui-

870 1935 1022 1967 buslibet
1038 1935 1179 1968 divitiis.

913 1983 1077 2025 Altilium]
1103 1984 1228 2016 Avium
1259 1993 1336 2025 quae
1363 1983 1454 2015 domi
1480 1984 1575 2016 alun-

872 2037 929 2066 tur
945 2034 1212 2075 saginanturque
1227 2034 1268 2066 ad
1286 2034 1403 2075 epulas
1426 2039 1576 2066 sumtuo-

872 2083 978 2114 siores
995 2092 1036 2114 ac
1050 2083 1223 2115 lautiores.

917 2135 959 2164 36
982 2131 1119 2164 Divitiis
1147 2131 1305 2171 Arabum]
1339 2131 1429 2164 Vide
1453 2141 1479 2164 1.
1507 2132 1576 2165 Od.

874 2183 928 2214 29.

918 2234 959 2264 37
986 2233 1115 2273 Rea-que
1136 2235 1286 2273 paterque
1302 2231 1446 2273 Audisti]
1470 2233 1576 2274 Ellip-

875 2283 938 2314 sis:
973 2283 1082 2320 deest,
1112 2282 1241 2323 ‘dici;'
1263 2283 1328 2314 hoc
1357 2292 1481 2315 sensu:
1507 2283 1576 2315 An-

873 2332 957 2364 disti
973 2333 1040 2365 dici
1056 2338 1091 2366 te
1107 2343 1127 2364 a
1142 2342 1195 2365 me
1210 2334 1220 2351 ‘
1238 2342 1354 2374 regem
1366 2332 1375 2346 ’
1401 2333 1444 2365 ob
1467 2333 1577 2364 inuni-

874 2382 1057 2424 ficentiam,
1072 2385 1082 2402 ‘
1098 2388 1230 2425 patrem
1241 2385 1249 2399 ’
1261 2383 1306 2414 ob
1319 2391 1482 2421 amorem.
1519 2382 1576 2413 Sic

875 2435 977 2476 vulgo
1007 2436 1123 2467 aiunt:
1162 2435 1172 2453 ‘
1192 2435 1279 2466 bene
1317 2434 1372 2465 vel
1402 2434 1490 2465 male
1519 2443 1578 2465 au-

874 2483 975 2516 dire.'

916 2537 958 2566 40
982 2535 1082 2566 Haud
1107 2535 1186 2565 male
1214 2533 1424 2574 Telemachus]
1455 2532 1577 2564 Mene-

875 2584 930 2615 lao
962 2584 1097 2615 scilicet
1126 2592 1229 2625 equos
1253 2583 1334 2614 dare
1362 2582 1490 2614 volenti
1518 2591 1577 2613 re-

877 2633 1017 2675 spondit
1029 2633 1266 2671 Telemachus,
1279 2631 1369 2663 haud
1397 2631 1460 2663 sibi
1477 2637 1576 2673 aptos

876 2693 967 2721 esse,
1002 2685 1067 2715 &c.
1106 2684 1248 2715 Homer.
1283 2682 1412 2723 Odyss.
1442 2686 1480 2713 Δ.
1523 2683 1576 2714 De

877 2734 1003 2775 Ulysse
1027 2742 1069 2767 11.
1092 2734 1165 2766 Sat.
1189 2737 1220 2765 5.
1259 2733 1312 2764 De
1335 2732 1468 2773 Ithaca,
1494 2731 1577 2764 ibid.

877 2794 926 2816 vs.
941 2787 973 2816 4.
