1904 3256
668 271 855 303 EPoDnN
893 271 1052 304 mmm.

1494 264 1579 307 681

364 365 522 419 Neque
541 365 625 407 hoc
647 371 846 421 parentes
865 367 971 422 (heu
986 368 1093 410 mihi
1111 367 1377 422 superstites
1395 368 1427 424 !)

419 431 624 486 Effugerit
640 434 956 487 spectaculum.

129 577 305 619 discerpent
323 580 390 620 lupi
412 583 443 612 et
465 582 604 612 volucres
623 582 804 623 Esquilinoe.
850 581 936 614 Illud
960 592 1031 615 vero
1052 584 1259 624 spectaculum
1269 584 1413 617 videbunt
1431 586 1578 625 parentes

130 621 191 652 mei
205 621 263 652 lma
275 626 346 663 post
361 632 410 654 nte
422 622 563 655 viventes
576 624 591 656 !

739 707 855 721 eeeeee

129 792 215 824 Urb.
232 793 330 827 Rom.
347 802 397 827 ιν.
411 793 475 827 14?
499 795 585 835 Cmq

125 835 210 867 item
226 836 309 868 Exc.
326 837 407 870 Sax.
422 841 459 870 et
471 837 552 869 Vct.
571 838 691 870 Comb-

859 708 974 722 eeeeee

588 797 706 827 .—}o2
720 795 919 837 Effugerint,
936 796 990 828 vel
1008 795 1200 838 Effugerant
1214 796 1290 830 edd.
1302 801 1386 830 vett.
1401 806 1455 838 ap.
1471 796 1579 829 Gesn-

787 934 927 967 NOTAE

172 1021 232 1051 101
258 1019 368 1060 Neque
386 1020 443 1051 hoc
455 1024 613 1060 parentes,
626 1019 696 1061 ssa]
734 1018 828 1051 Hoc·

127 1078 193 1112 que
207 1069 276 1101 illis
291 1069 538 1111 qualecumque
550 1069 720 1103 solatium.
743 1069 829 1101 Pos-

129 1121 260 1153 teriora
281 1121 555 1153 criminationum
578 1118 745 1162 Scaligeri
770 1130 828 1153 ca-

127 1170 204 1211 pita
220 1176 288 1202 tam
305 1170 416 1202 futilia
431 1176 521 1211 sunt,
538 1180 581 1202 ne
598 1171 709 1203 dicam
725 1171 828 1203 insul-

130 1230 178 1257 sa,
195 1226 232 1252 ut
254 1221 313 1253 illa
338 1221 536 1253 describere
560 1221 663 1253 etiam
682 1221 828 1262 pigeret.

130 1270 186 1302 Ne
210 1274 325 1302 tamen
349 1281 391 1303 ea
411 1271 599 1313 desideres,
625 1272 762 1308 Lector,
784 1281 827 1304 en

128 1319 177 1351 ita
199 1319 280 1354 ille:
301 1320 312 1339 ‘
329 1321 339 1338 ‘
357 1320 526 1352 Indormit
550 1321 661 1352 unctis
678 1322 826 1353 omnium

128 1369 298 1401 cubilibus
325 1369 506 1401 oblivione
527 1370 711 1411 pellicum.'
755 1371 826 1402 Ne-

129 1410 196 1460 que
211 1424 387 1451 structura
408 1419 523 1460 placet
538 1431 546 1450 :
575 1424 613 1452 et
626 1421 701 1452 haee
716 1420 826 1460 hiant,

125 1467 297 1510 disjuncta
317 1477 337 1500 a
358 1468 602 1510 superioribus,
621 1474 658 1502 et
685 1469 824 1502 verbum

125 1517 287 1560 findor-nm,
317 1517 456 1551 insuave
490 1523 552 1551 est.
586 1519 666 1551 ‘Ad
692 1528 745 1551 me
771 1529 825 1552 re-

125 1575 264 1600 curres:
287 1577 351 1601 uec
365 1573 527 1601 revocata
541 1577 637 1602 mens
654 1574 712 1602 tua
732 1570 825 1602 Mar-

123 1617 170 1650 sis
198 1617 328 1651 redibit
349 1619 514 1652 vocibus?
556 1619 593 1652 Si
616 1620 678 1653 fiet
700 1630 828 1662 amens,

123 1670 292 1712 quomodo
307 1669 463 1705 fastidiat
474 1673 633 1715 poculum
646 1674 736 1715 quod
747 1677 826 1706 mox

123 1721 297 1754 minatur?
319 1727 357 1755 et
371 1723 507 1755 omnino
519 1723 575 1755 illa
590 1728 669 1755 sunt
684 1723 823 1755 durissi-

122 1778 190 1811 ma,
204 1774 214 1789 ⁴
234 1771 378 1804 Venena
391 1781 552 1814 magnum
565 1771 617 1804 fas
634 1771 824 1814 nefasque,'

123 1822 189 1853 aze.
227 1820 395 1855 Profecto
409 1821 438 1855 si
448 1822 523 1864 jam
534 1821 703 1864 lapidibus
716 1822 824 1855 insec-

121 1875 196 1904 tata
211 1876 266 1904 est
289 1871 398 1913 plebs,
422 1872 451 1904 si
475 1873 668 1905 interemtae
685 1882 782 1914 anus,
798 1874 825 1905 si

123 1923 306 1965 insepulta
321 1932 342 1955 a
356 1923 446 1965 lupis
462 1928 497 1956 et
513 1924 632 1956 avibus
653 1923 826 1966 laceratae,

124 1973 207 2014 qn‘id
231 1973 342 2014 addit,
379 1979 388 1992 ⁸
410 1974 534 2016 Neque
562 1975 627 2007 hoe
660 1979 823 2016 parentes

125 2021 296 2065 Effugerit
310 2025 546 2066 spectaculum
555 2025 578 2057 ?‘
620 2024 713 2058 Quid
734 2024 823 2056 enim

129 2076 234 2113 agant
250 2078 410 2114 parentes
431 2075 542 2106 tunc?
576 2073 822 2107 Animadverte

124 2130 244 2154 vocem
260 2122 359 2163 tnnc,
372 2123 476 2160 alites,
503 2123 619 2156 multis
635 2123 669 2155 in
684 2123 767 2156 locis
779 2123 823 2156 ab

126 2169 274 2204 Horatio
289 2172 497 2213 repetitam:
514 2182 613 2215 quam
630 2173 716 2206 adeo
732 2182 823 2206 ama·

125 2221 189 2263 vit,
201 2227 239 2254 ut
250 2221 472 2255 maluerithic
481 2233 581 2265 quam
594 2223 684 2266 quod
698 2224 823 2266 potuit,

129 2272 300 2305 vultures:
324 2277 361 2306 et
382 2271 526 2314 fugisset
542 2273 716 2306 licentiam
741 2284 822 2316 neg-

123 2322 224 2354 lecta
263 2321 472 2355 collisionis.¹
530 2323 710 2357 Hactenus
751 2324 823 2357 Jul.

124 2371 253 2413 Scalig.

167 2424 215 2454 1⁰.
237 2421 311 2455 Nec
326 2425 512 2463 structura,
526 2433 591 2456 nec
612 2422 754 2457 verbum
773 2424 823 2458 in·

881 1021 1007 1061 dormit,
1021 1021 1174 1053 insuavia
1191 1021 1361 1063 videntur,
1374 1021 1437 1054 nisi
1454 1022 1578 1064 hyper·

881 1071 1014 1103 critico.
1037 1072 1138 1104 Quod
1155 1082 1174 1103 a
1187 1072 1415 1114 superioribus
1426 1073 1577 1114 disjunc-

879 1125 951 1152 tum
974 1126 1039 1161 est,
1055 1130 1121 1153 non
1145 1122 1271 1154 hiatum
1286 1120 1381 1162 facit,
1395 1122 1455 1154 sed
1471 1123 1580 1164 impe-

882 1175 953 1202 tum
965 1171 1068 1203 animi
1080 1171 1232 1204 Canidiae
1245 1172 1386 1204 audacia
1402 1177 1437 1204 et
1449 1173 1580 1204 scelere

882 1220 1029 1252 furentis
1058 1222 1187 1262 optime
1215 1222 1386 1263 depingit,
1419 1232 1496 1264 quae
1526 1232 1581 1254 res

882 1280 948 1302 nou
965 1275 1086 1312 pacate
1105 1271 1234 1312 cogitat
1250 1277 1311 1304 aut
1330 1272 1478 1314 loquitur
1500 1281 1580 1304 con·

882 1326 977 1352 texte
992 1326 1029 1352 et
1043 1321 1275 1363 continenter,
1290 1322 1352 1354 sed
1367 1320 1500 1362 profert
1515 1322 1580 1354 sal-

880 1371 1015 1401 tuatim.

923 1421 970 1450 20.
993 1418 1216 1451 Dormitabat
1237 1428 1318 1451 sane
1339 1419 1448 1451 bonus
1471 1420 1581 1452 Scali-

878 1478 951 1509 ger,
966 1478 1042 1500 cum
1058 1469 1125 1500 ista
1139 1469 1311 1510 culpabat.
1344 1469 1454 1502 Immo
1468 1469 1496 1501 si
1511 1470 1579 1501 Va-

880 1529 937 1551 rus
954 1518 1014 1551 fiet
1029 1529 1158 1560 amens,
1180 1529 1246 1551 non
1268 1519 1335 1551 nisi
1358 1524 1435 1560 post
1455 1524 1492 1552 et
1516 1529 1580 1561 per

877 1571 1020 1611 poculum
1040 1568 1138 1613 quod
1159 1579 1238 1602 mox
1257 1570 1290 1603 ei
1310 1570 1410 1610 ’nujus
1435 1570 1582 1603 Canidia

879 1621 1041 1652 minatur.

922 1669 1032 1701 Porro
1047 1669 1133 1710 haec,
1153 1669 1276 1701 Venena
1289 1669 1510 1709 maguumsm,
1523 1672 1578 1710 dfe.

880 1718 1059 1751 durissima
1073 1719 1209 1751 omnino
1225 1719 1307 1760 sint,
1322 1720 1379 1750 vix
1394 1724 1509 1751 tamen
1527 1729 1579 1752 sa-

881 1768 924 1800 tis
938 1769 980 1800 ad
996 1778 1109 1801 rerum
1125 1768 1287 1801 duritiam
1306 1777 1390 1811 quas
1414 1769 1580 1810 indicant,

879 1823 915 1850 et
944 1827 1063 1860 parum
1091 1817 1134 1850 ad
1160 1817 1388 1861 frangendum
1416 1818 1579 1851 veneficae

879 1868 1109 1909 improbitatis
1123 1868 1352 1902 adamantem.

921 1921 968 1950 3⁰.
986 1917 1151 1951 Profecto
1171 1919 1254 1951 nihil
1269 1919 1438 1960 agendum
1455 1928 1578 1960 paren.

878 1967 990 2008 tibus;
1012 1968 1073 2000 sed
1090 1969 1151 2001 tali
1167 1967 1348 2001 fruendum
1368 1970 1579 2011 spectaculo,

877 2018 921 2050 ad
947 2019 1143 2052 moestitiam
1165 2025 1347 2062 utcumque
1370 2020 1577 2061 leniendam,

876 2068 1036 2111 praedicit
1051 2079 1148 2111 puer.

919 2121 966 2151 4⁰.
992 2119 1141 2152 Vultures
1167 2120 1327 2161 placeant
1348 2120 1476 2152 homini
1504 2130 1577 2152 car-

879 2170 982 2210 pendi
996 2176 1033 2203 et
1048 2171 1231 2203 vellicandi
1251 2170 1370 2203 avido:
1391 2177 1427 2204 at
1442 2182 1575 2214 aequum

877 2220 1118 2254 aestimatorem
1133 2231 1200 2254 non
1215 2220 1392 2254 offendent
1404 2222 1577 2264 Esquilina·

877 2271 988 2303 alites:
1009 2272 1090 2314 quin
1105 2272 1250 2310 collisio,
1265 2277 1300 2304 et
1322 2273 1398 2314 ipsa
1415 2283 1493 2313 vox,
1515 2273 1575 2304 ali-

876 2328 935 2365 tes,
961 2325 1102 2367 pulchra
1116 2335 1211 2368 sane,
1236 2325 1288 2359 vel
1308 2326 1408 2359 decies
1429 2326 1574 2368 repetita,

878 2375 1077 2408 oblectabit.
