1904 3256
632 324 822 356 EPODnN
861 325 1022 356 LIBER.
1461 318 1547 361 ’733

267 421 506 474 Fraterque
527 420 676 472 magni
698 418 910 469 Castoris,
930 420 1039 461 victi
1059 433 1203 474 prece,

265 487 458 529 Ademta
477 486 570 528 vati
589 486 816 528 reddidere
836 487 1015 529 lumina.

267 553 326 595 Et
343 559 391 595 tu
419 553 571 609 (potes
588 552 710 607 nam)
738 555 861 596 solve
880 567 950 595 me
971 554 1205 604 dementia,

267 620 308 662 Ο
329 633 411 662 nec
428 620 624 674 paternis
645 620 851 662 obsoleta
871 621 1093 671 sordibus,

267 687 312 729 N
315 700 367 729 ec
387 688 432 728 in
454 687 672 741 sepulcris
693 699 938 742 pauperum
959 688 1148 742 prudens
1170 700 1279 729 anus

266 753 588 796 Novemdiales
608 754 827 809 dissipare
848 755 1064 810 pulvereS.

263 820 367 863 Tibi
385 820 604 876 hospitale
623 826 798 876 pectus,
818 827 862 864 et
878 835 1004 876 purae
1023 835 1179 864 manus
1196 836 1208 874 ;

265 887 484 942 'l'uusque
505 893 659 931 venter
676 888 991 940 Pactumeius3
1022 892 1066 931 et
1085 894 1160 931 tuo

1490 556 1547 597 45

1492 893 1550 934 50

95 1016 226 1050 Helene
245 1017 378 1056 infamio
392 1020 508 1049 notatoe
521 1018 738 1049 contumeliam
752 1017 833 1050 irati
854 1019 1034 1050 ademerant
1050 1019 1160 1050 Poe'tae
1177 1019 1289 1059 visum,
1303 1029 1393 1059 quem
1406 1019 1436 1050 ei
1455 1020 1551 1051 reali·

94 1063 221 1092 numm
229 1059 354 1092 exorati
367 1059 522 1100 precibus.
549 1060 595 1091 Tu
610 1070 726 1101 quoque
741 1059 829 1102 (nam
842 1061 943 1100 potes)
955 1061 1108 1092 insaniam
1117 1062 1233 1101 depelle
1247 1071 1266 1092 α
1282 1071 1339 1092 me.
1373 1063 1403 1093 Ο
1416 1072 1470 1094 nec
1484 1065 1552 1093 tur·

91 1102 144 1144 pis
165 1112 198 1134 es
215 1101 414 1142 ignobilitate
429 1102 598 1141 mnjorum;
618 1112 674 1134 nec
687 1103 794 1134 vetula
807 1103 909 1134 sciens
923 1103 1101 1144 dispergere
1115 1104 1234 1135 cineres
1247 1104 1440 1136 novendiales
1455 1105 1487 1135 in
1501 1114 1549 1135 se-

93 1145 210 1186 pulcris
229 1154 401 1185 pauperum
412 1143 428 1175 Ι
473 1145 544 1176 Tibi
557 1154 610 1176 cor·
624 1145 809 1184 benignum
831 1148 862 1176 et
878 1155 985 1178 manus
999 1147 1156 1183 innoxioe,·
1179 1149 1343 1188 aternisque
1353 1149 1426 1178 tuus
1444 1147 1550 1187 partun·

702 1239 940 1252 eeeeeeeeee

94 1310 144 1334 vs.
160 1303 300 1336 18.—⁴s
323 1303 334 1321 ‘
350 1302 442 1335 Vide
457 1302 557 1334 modo
574 1301 658 1334 illud
681 1303 880 1344 epitheton:
906 1304 1082 1346 Frater-que
1103 1306 1211 1346 magni
1229 1306 1386 1338 Castoris.
1433 1304 1551 1340 Certe,

95 1344 123 1376 si
138 1344 315 1376 historiam
329 1346 514 1387 sequimur,
530 1346 681 1384 legemus
708 1346 843 1386 potius:
869 1347 1043 1388 Fraterque
1055 1358 1188 1387 magnus
1205 1348 1360 1388 Castoris,
1383 1347 1448 1388 vel,
1470 1347 1552 1378 Fra-

93 1390 201 1428 terfloe
221 1387 330 1426 mqior.
382 1388 522 1419 Terent.
540 1386 679 1418 Phorm.
695 1396 722 1418 1.
737 1390 771 1421 2.
789 1391 841 1419 13.
886 1389 1026 1429 Quippe
1051 1390 1177 1420 Pollux
1203 1395 1280 1421 erat
1306 1389 1414 1421 frater
1440 1389 1551 1428 major

94 1427 270 1468 Castoris;
294 1429 402 1469 major
422 1433 459 1460 et
481 1431 566 1459 natu
582 1433 618 1459 et
635 1429 775 1460 virtute.
820 1429 887 1460 Sed
904 1430 1016 1461 Latini
1032 1435 1165 1462 veteres
1181 1432 1285 1463 etiam
1306 1431 1416 1471 ipsum
1433 1431 1551 1462 Pollu-

91 1478 167 1502 cem
182 1470 318 1502 nomine
330 1469 484 1502 Castoris
500 1469 694 1511 appellasse
710 1470 891 1502 videntur!
906 1472 1100 1505 Beata-47
1116 1473 1226 1513 Neque
1239 1474 1273 1504 in
1288 1473 1439 1514 sepulcris
1453 1473 1554 1505 Harl.

92 1513 126 1544 1.
140 1515 174 1545 4.
188 1514 222 1544 6.
255 1512 372 1544 Bentl.
385 1512 511 1544 Sanad.
527 1516 565 1543 et
578 1512 728 1543 Towers.
772 1513 961 1553 Epitheton
982 1515 1122 1554 prudens
1135 1524 1203 1547 non
1221 1515 1335 1556 placet
1350 1515 1527 1555 Scaligero
1543 1525 1552 1553 ;

91 1553 175 1586 nitu!
200 1553 294 1586 aliud
319 1558 434 1586 tamen
459 1554 723 1595 proponit.—50
746 1554 952 1587 Partumeius
966 1565 1010 1588 ex
1026 1556 1106 1588 Aldi
1130 1557 1331 1598 conjectura
1347 1563 1553 1598 receperunt

90 1595 246 1629 Lambin.
260 1597 422 1628 Torrent.
437 1597 484 1628 H.
498 1601 535 1628 et
550 1597 590 1627 R.
607 1597 727 1636 steph.
741 1597 862 1629 Heius.
877 1598 1051 1631 Schrevel.
1067 1600 1194 1641 Delph.
1209 1605 1245 1631 et
1257 1600 1412 1640 Sandby,
1428 1605 1464 1631 et
1481 1600 1553 1640 pla-

91 1638 165 1671 «mit
175 1639 328 1671 Turneb.
343 1639 431 1670 Adv.
446 1648 536 1670 xxx.
554 1641 607 1670 11.
652 1639 834 1671 Pastuleius
858 1649 944 1672 unus
968 1641 1078 1672 codex
1100 1652 1155 1683 ap.
1168 1643 1326 1673 Torrent.
1351 1642 1553 1673 Pactumeius

88 1680 187 1713 Leid.
217 1681 368 1713 Bentleii
399 1685 435 1713 et
463 1681 608 1712 Locher.
645 1681 836 1712 Paeumeius
867 1682 992 1715 Venet.
1023 1686 1119 1715 1490.
1178 1683 1382 1715 Pactumeius
1411 1684 1552 1724 Cruquii

91 1720 239 1756 Binda.
253 1725 284 1755 1.
300 1725 333 1756 2.
348 1725 381 1756 3.
396 1726 431 1756 4.
453 1724 537 1756 Div.
554 1727 590 1754 et
606 1723 738 1754 Buslid.
754 1724 834 1755 Vet.
849 1724 962 1755 Schol.
985 1725 1138 1756 nonnulli
1154 1735 1211 1766 ap.
1227 1726 1386 1756 Torrent.
1402 1725 1552 1756 Bentleii

91 1764 216 1806 Regin.
232 1770 268 1798 et
286 1765 374 1806 Reg.
389 1766 469 1797 Soc.
492 1775 512 1796 a
530 1774 576 1796 m.
595 1774 646 1806 pr.
672 1769 709 1796 et
725 1775 842 1797 omnes
865 1767 922 1797 alii
946 1767 1113 1807 ejusdem,
1130 1772 1258 1807 praeter
1278 1769 1436 1799 Petrens.
1452 1767 1554 1798 Harl.

93 1809 124 1838 1.
138 1810 171 1840 2.
186 1810 218 1840 ³.
234 1810 266 1840 4.
279 1811 312 1839 6.
335 1808 440 1839 Brod.
460 1806 540 1838 edd.
556 1807 664 1848 antiq.
681 1807 763 1838 item
779 1808 883 1839 Baxt.
901 1809 1016 1841 Bentl.
1033 1810 1176 1849 Cuning.
1193 1810 1302 1842 Gesn.
1319 1811 1427 1841 Zeun.
1445 1810 1550 1841 Fran-

91 1849 154 1891 cis,
170 1849 312 1892 Bipont.
325 1850 466 1883 Mitsch.
483 1849 626 1882 Wetzel.
643 1848 781 1882 Wakef.
798 1850 918 1882 Comb.
941 1856 978 1884 et
1002 1851 1108 1883 Kidd.
1152 1853 1279 1884 Versus
1295 1855 1413 1883 50-52.
1436 1852 1552 1883 omisit

748 1936 894 1969 NOTAE

95 2008 183 2043 dicis
203 2010 358 2044 versibus
384 2010 605 2053 ignominiam
628 2010 798 2044 inusserat

97 2060 256 2102 neten-2,
279 2073 421 2105 eamque
444 2063 606 2095 infamem
634 2063 797 2095 exhibue-

97 2115 163 2143 rat.
205 2110 255 2144 At
279 2111 402 2144 Castor
431 2117 468 2144 et
498 2113 623 2143 Pollux
639 2112 795 2156 'Helenae

96 2160 225 2193 fratres
238 2161 298 2203 (de
311 2161 433 2203 quibus
446 2171 469 2194 1.
481 2161 551 2194 Od.
567 2161 616 2202 3.)
631 2171 705 2194 eam
721 2163 798 2203 ulti,

95 2210 263 2252 injurioso
277 2211 348 2244 vati
363 2212 480 2244 oculos
495 2212 707 2245 ademerunt.
736 2213 799 2244 vi.

96 2270 171 2294 snm
199 2266 315 2294 tamen
342 2263 373 2295 ei
401 2261 637 2303 reddiderunt,
663 2263 797 2295 veniam

94 2311 292 2352 postulanti,
308 2316 345 2344 et
359 2312 566 2354 palinodiam
583 2322 642 2344 aen
660 2322 796 2345 carmen

93 2359 238 2406 alterum
254 2361 296 2392 ad
311 2361 458 2395 Helene
473 2361 609 2394 laudem
624 2364 774 2395 canenti.

136 2413 180 2443 ⁴8
203 2410 354 2444 Polemi-s
377 2411 510 2444 obsoleta
534 2412 692 2453 sordibus]
715 2413 796 2444 Sive

95 2469 139 2494 ex
157 2461 325 2494 adulterio
346 2466 438 2500 nata,
454 2463 524 2494 sive
540 2472 559 2495 e
582 2463 640 2494 vili
653 2467 689 2495 et
701 2463 796 2505 igno-

94 2509 155 2543 bili
169 2512 276 2554 stirpe
292 2517 494 2554 propagata.

137 2563 180 2593 47
203 2561 244 2594 In
264 2562 412 2604 sepulcris
426 2571 610 2604 pauperum,
636 2561 708 2603 ἔξω]
731 2561 797 2593 Di-

97 2609 203 2640 vitnm
225 2611 389 2653 sepulcris
407 2612 566 2644 custodes
583 2610 794 2644 adhibeban-

98 2662 156 2691 tur
167 2658 327 2694 adsersus
339 2672 455 2705 magos
469 2668 506 2696 et
517 2663 699 2696 veneficos.
717 2662 796 2693 Vir-

100 2710 159 2751 gil.
183 2709 314 2743 AEneid.
343 2722 398 2745 xi.
416 2717 492 2747 200.
534 2716 544 2732 ‘
559 2714 794 2755 semiustaque

98 2765 238 2792 servant
258 2761 387 2794 Busta!
429 2763 485 2796 Illi
501 2774 584 2796 vero
608 2773 796 2805 pauperum

100 2810 232 2842 cineres
253 2809 417 2842 eruebant
436 2821 477 2844 ac
497 2813 710 2855 dissipabant
734 2824 795 2846 sua

100 2857 268 2891 veneficia
283 2861 470 2901 peracturi.

892 2014 936 2044 48
959 2012 1191 2054 Novemdiates]
1206 2012 1399 2053 Sepulturae
1406 2011 1479 2051 jam
1494 2011 1551 2043 da-

850 2065 915 2094 tos.
938 2062 1076 2094 Servius
1092 2062 1136 2094 ad
1151 2062 1275 2103 Virgil.
1295 2061 1429 2093 AEneid.
1446 2070 1481 2093 ν.
1496 2064 1550 2093 64.

847 2111 858 2129 ‘
874 2111 978 2153 Apud
995 2112 1165 2154 majores,’
1181 2112 1304 2154 inquit,
1319 2112 1331 2130 ‘
1346 2112 1551 2153 ubicumque

847 2161 966 2203 aliquis
988 2162 1161 2193 extinctus
1182 2161 1317 2200 fuisset,
1346 2161 1386 2192 ad
1415 2161 1551 2192 domum

848 2219 941 2242 suam
974 2209 1214 2248 referebatur;
1262 2209 1380 2251 ibique
1417 2214 1550 2250 septem

847 2264 923 2292 erat
950 2260 1091 2292 diebus:
1116 2264 1239 2291 octavo
1262 2259 1318 2291 die
1343 2259 1551 2291 incendeba-

848 2312 927 2348 tur;
950 2319 1039 2341 nono
1055 2309 1298 2350 sepeliebatur.
1320 2309 1423 2340 Unde
1440 2309 1551 2339 Hora-

846 2358 934 2389 tius:
958 2359 967 2376 ‘
984 2358 1225 2390 Novemdiales
1242 2358 1409 2399 dissipare
1435 2358 1550 2398 pulve-

847 2409 941 2442 res-'¹
964 2410 1055 2442 Vide
1068 2419 1093 2441 r.
1107 2410 1178 2442 Sat.
1196 2412 1228 2440 8.

890 2463 933 2493 49
955 2461 1055 2493 Puroe
1077 2460 1203 2500 monus]
1227 2459 1312 2492 Quae
1329 2458 1454 2489 nemini
1482 2458 1549 2489 vim

849 2515 909 2542 aut
923 2520 1043 2543 necem
1057 2510 1248 2542 intulerint.
1272 2507 1362 2538 Vide
1378 2508 1551 2538 contraria

847 2561 900 2592 his
916 2561 1040 2599 omnia,
1059 2565 1128 2591 tum
1153 2560 1186 2589 in
1205 2557 1313 2599 Epod·
1329 2566 1363 2587 v.
1380 2562 1452 2588 turn
1468 2558 1503 2589 in
1522 2567 1549 2590 1.

847 2610 919 2641 Sat.
935 2613 966 2640 8.

891 2661 932 2689 50
965 2658 1167 2689 Pactumeius
1198 2656 1432 2698 [Partumeius]
1472 2656 1551 2687 Fce-

847 2708 990 2744 enudus,
1020 2709 1072 2739 vel
1100 2708 1252 2748 proprie,
1287 2707 1422 2748 pariens
1451 2706 1549 2748 quasi

846 2759 964 2799 meiat,
987 2758 1116 2800 absque
1140 2758 1259 2790 labore
1282 2763 1340 2789 aut
1362 2756 1548 2788 doloribus.

848 2810 924 2841 Vox
940 2810 980 2840 ad
1004 2808 1201 2848 ludibrium,
1222 2817 1284 2849 per
1299 2816 1399 2849 quam
1423 2816 1547 2847 expro-

848 2860 927 2891 brat
942 2859 1094 2892 Canidiae
1117 2858 1215 2892 fictos
1241 2862 1373 2900 partus,
1398 2858 1488 2889 unde
1512 2862 1549 2888 et
