1890 3256
598 284 951 317 Erisromnum
986 285 1085 317 ms.
1119 288 1150 317 ι.
1179 277 1219 318 3.
1519 277 1631 320 1091

180 379 251 422 Αη
270 382 437 434 tragica
455 381 638 422 desaevit
658 384 703 422 et
724 381 992 435 ampullatur
1012 382 1055 422 in
1076 382 1202 422 arte?

183 447 306 499 Quid
325 448 430 489 mihi
452 447 610 489 Celsus
631 449 751 501 agit?
773 449 968 490 monitus
989 449 1264 503 multumque
1285 449 1544 500 monendus,
1578 449 1634 490 15

181 515 386 557 Privatas
406 520 457 556 ut
475 521 646 570 quaerat
666 529 788 570 opeS,
808 521 854 558 et
873 520 1050 569 tangere
1072 516 1183 558 vitet

182 583 377 636 Scripta,
400 582 630 624 Palatinus
652 597 942 638 quaecumque
963 584 1132 637 recepit
1151 582 1344 638 Apollo;

182 649 272 699 Ne,
291 649 332 690 si
350 649 463 690 forte
484 662 589 690 suas
609 651 847 704 repetitum
867 652 1038 692 venerit
1056 651 1164 693 olim

182 716 309 758 Grex
329 715 478 757 avium
498 717 688 770 plumas,
709 721 889 760 moveat
908 719 1135 760 cornicula
1154 718 1294 758 risum

181 781 378 825 Furtivis
396 782 562 824 nudata
580 784 820 825 coloribus.
881 783 987 838 Ipse
1007 784 1113 838 quid
1135 784 1271 826 audes
1283 785 1302 824 't

182 849 296 901 Quae
317 849 646 890 circumvolitas
666 850 799 902 agilis
821 851 1001 904 thyma?
1032 863 1119 891 non
1139 851 1218 891 tibi
1238 863 1424 904 parvum

181 915 428 970 Ingenium,
448 928 534 956 non
555 915 766 958 incultum
783 920 854 958 est
869 929 952 958 nec
973 917 1158 971 turpiter
1177 916 1353 958 hirtum.

1582 785 1639 826 20

181 1056 303 1088 laborat
313 1067 324 1088 .-
346 1067 388 1089 απ
400 1059 545 1097 graviter
558 1057 640 1098 agit,
660 1058 859 1099 assur-gitque
880 1058 1038 1089 scribendo
1056 1056 1267 1097 Trcrgoedias?
1313 1059 1399 1094 Quid
1415 1059 1524 1090 Celsus
1536 1058 1643 1097 facit?

183 1099 359 1130 admonitus
375 1100 547 1140 iterumque
557 1102 774 1139 admonendus,
786 1104 821 1131 ut
835 1101 978 1140 proprias
990 1101 1051 1131 sibi
1065 1100 1196 1132 divitias
1216 1105 1395 1141 comparem
1418 1104 1524 1132 caveat
1539 1104 1642 1131 autem

182 1140 339 1172 desumere
353 1151 368 1172 e
383 1142 508 1182 libellis,
523 1152 598 1182 quos
610 1146 715 1173 servat
729 1143 840 1183 Apollo
856 1143 1046 1174 Palatinus.-
1062 1152 1102 1174 πε
1116 1143 1145 1174 si
1157 1143 1262 1174 avium
1278 1143 1369 1174 turba
1383 1153 1457 1174 suas
1475 1143 1642 1182 aliquando

183 1182 289 1214 veniat
300 1184 422 1223 plumas
435 1194 598 1224 resumere,
613 1185 713 1216 risum
728 1185 845 1215 excitet
859 1185 971 1216 cornix
985 1185 1119 1226 spoliata
1133 1185 1285 1225 surreptis
1300 1184 1465 1216 coloribus.
1512 1185 1559 1216 Tu
1570 1193 1642 1215 vero

187 1225 262 1263 quid
276 1225 370 1266 agis?
391 1236 459 1267 quoe
474 1227 582 1268 thyma
596 1227 824 1259 circumvolitas
837 1224 986 1258 sedulus?
1030 1227 1200 1259 Enimvero
1220 1237 1281 1259 non
1303 1227 1468 1268 exiguum,
1480 1237 1541 1258 non
1555 1228 1642 1262 rude,

792 1320 1031 1333 eenaemooee

188 1398 227 1427 13
251 1396 434 1436 Bamberg.
450 1398 552 1438 aspice
570 1398 760 1430 Mum-14
786 1397 939 1438 Angelic.
955 1401 987 1429 2.
1003 1398 1035 1428 in
1050 1401 1219 1429 αντα-15
1239 1398 1349 1429 Celsus
1359 1401 1435 1437 agat
1451 1398 1532 1429 Vat.
1547 1398 1644 1429 Rom.

185 1441 219 1469 2.
258 1438 367 1469 celsus
387 1439 434 1470 ait
462 1439 616 1480 Angelie.
632 1442 664 1471 2.
687 1442 852 1471 movendus
866 1441 946 1471 Vat.
965 1441 1060 1471 Rom.
1076 1443 1109 1471 9.
1131 1444 1167 1471 et
1183 1439 1335 1480 Angelic.
1352 1443 1472 1471 3.-Ιὸ
1496 1440 1594 1471 Harl.
1613 1443 1645 1471 2

185 1490 225 1511 an
239 1483 455 1521 quaerat—18
470 1481 549 1512 Vat.
562 1482 698 1513 Rom.7.
714 1482 835 1513 tenerit
850 1482 1056 1522 hospes.—l9
1071 1482 1302 1513 Schoenborn.
1313 1485 1343 1513 3.
1358 1485 1477 1513 moreat
1490 1482 1646 1513 cornicula

185 1523 366 1554 risum—22
390 1527 399 1541 ¹
414 1523 508 1554 Editi
524 1524 661 1564 quidem
678 1533 794 1556 omnes
812 1525 885 1564 jam
903 1524 982 1555 inde
999 1524 1042 1555 ab
1066 1524 1280 1556 incunabulis
1305 1524 1562 1565 typographiae:
1587 1534 1647 1555 non

187 1564 247 1595 tibi
259 1574 392 1605 parvum
419 1566 587 1605 Ingenium
610 1576 670 1597 non
691 1566 843 1598 incultum
858 1570 919 1607 est,
934 1576 990 1597 nec
1003 1567 1143 1607 turpiter
1156 1567 1284 1598 hirtum.
1321 1566 1367 1598 At
1393 1568 1426 1597 in
1448 1565 1645 1597 melioribus

187 1607 326 1648 nostris,
341 1607 537 1645 Graeviano,
554 1609 733 1649 vossiano,
749 1609 945 1649 Reginam,
960 1618 1038 1641 cum
1054 1609 1128 1640 aliis
1151 1609 1318 1649 pluribus,
1329 1609 1522 1649 elegantius
1539 1612 1574 1639 et
1591 1617 1647 1640 ve-

843 1704 991 1738 NOTAE

233 1771 273 1801 14
298 1769 456 1809 Desoevit]
491 1769 682 1802 Saevientes
721 1779 817 1810 reges
854 1774 891 1801 et

188 1817 364 1860 principes
399 1825 662 1860 repraesentans,
700 1829 890 1861 gravesque

189 1877 302 1900 rerum
318 1873 355 1899 et
377 1869 564 1900 animorum
590 1870 784 1910 exprimens
809 1880 889 1901 con-

189 1918 361 1950 versiones
375 1923 412 1950 et
427 1924 556 1951 motus:
583 1924 619 1951 ut
644 1921 744 1961 vulgo
762 1920 795 1950 in
810 1921 889 1951 Tra-

192 1967 325 2009 goediis.

227 2017 443 2059 Ampullatur]
458 2018 574 2050 Debet
583 2029 722 2058 magnus
731 2022 766 2050 et
778 2019 890 2060 splen·

193 2066 292 2099 didus
303 2076 376 2098 esse
389 2067 581 2108 Tragoediae
597 2069 719 2107 stylus.
743 2069 845 2100 Unde
855 2073 892 2100 et

195 2126 287 2157 saepe
316 2115 527 2156 significatur
559 2117 724 2147 cothurno
755 2117 892 2148 sublimi

193 2166 414 2207 Tragicorum
441 2166 688 2198 calceamento.
734 2166 822 2197 Vide
850 2167 893 2197 E-

195 2217 276 2258 pist.
291 2217 333 2248 ad
347 2216 420 2248 Pis.
436 2226 483 2247 vs.
501 2219 554 2247 80.

239 2269 278 2298 15
305 2265 428 2306 Celsus]
461 2265 557 2296 Pedo
573 2264 807 2296 Albinovanus
821 2266 894 2305 ipse

195 2320 261 2356 est,
289 2316 344 2347 cui
373 2320 427 2347 est
454 2315 583 2355 scripta
609 2323 755 2354 sequeus
784 2315 895 2354 Epist.

196 2369 230 2398 8.
273 2365 375 2397 Hunc
398 2369 514 2396 monet
540 2369 579 2395 ut
602 2364 750 2404 plagium
775 2365 898 2403 evitet,

195 2426 283 2449 neve
299 2416 410 2448 aliena
424 2415 550 2456 scripta
567 2418 710 2455 usurpet
726 2413 896 2446 venditet-

198 2474 266 2507 que
281 2466 377 2506 quasi
393 2475 465 2497 sua.
489 2465 567 2497 Quo
584 2464 706 2495 iratum
723 2463 787 2495 sibi
803 2468 896 2504 poet-

201 2523 242 2546 ea
256 2514 433 2555 redarguit
456 2514 620 2546 Horatius
639 2513 789 2555 oblique,
805 2514 898 2545 velut

199 2572 382 2596 morosum.

245 2615 287 2644 16
309 2612 457 2644 Privatos
469 2616 505 2644 ut
518 2617 637 2654 querat
652 2614 737 2655 opes]
761 2613 810 2645 Ut
821 2623 897 2654 pro-

202 2661 292 2704 prio,
305 2662 394 2703 quod
410 2662 517 2702 aiunt,
538 2670 648 2696 marte
663 2663 791 2705 aliquid
808 2664 898 2694 inve-

202 2712 276 2744 niat
303 2716 339 2743 et
369 2717 572 2754 componat:
604 2723 678 2756 quae
710 2724 791 2746 vero
822 2717 900 2745 sunt

205 2763 348 2794 aliorum
379 2772 421 2794 ue
457 2763 618 2803 compilet
646 2764 774 2806 sibique
804 2765 903 2796 attri-

210 2812 303 2843 bunt.

990 1772 1028 1800 17
1054 1770 1224 1801 Palatinus
1238 1767 1363 1810 Apollo]
1397 1768 1570 1808 Augustus
1597 1767 1648 1799 bi—

946 1820 1151 1852 bliothecam
1180 1821 1214 1850 in
1244 1824 1361 1852 monte
1390 1819 1548 1851 Palatino
1573 1828 1649 1850 con-

944 1871 1083 1910 struxit,
1109 1870 1333 1911 adjunxitque
1362 1869 1533 1910 Apollinis
1564 1873 1649 1900 tem·

945 1921 1014 1960 plo.
1059 1920 1114 1951 Ibi
1145 1920 1404 1960 deponebantur
1430 1918 1650 1949 asservaban-

946 1973 1068 2010 turque
1095 1969 1224 2009 scripta
1248 1977 1473 2010 quaecumque
1492 1967 1650 2007 judicata

945 2017 1083 2050 fuerant
1099 2017 1204 2049 cedro
1219 2022 1255 2049 et
1267 2017 1522 2049 immortalitate
1535 2016 1648 2057 digna.

990 2071 1031 2098 19
1062 2069 1191 2099 Movent
1219 2068 1377 2098 cornicula
1404 2066 1519 2106 n'sum]
1557 2067 1651 2098 Nota

947 2116 1063 2157 AEsopi
1086 2117 1213 2152 fabula,
1236 2120 1353 2148 notum
1376 2115 1532 2156 adagium
1550 2116 1649 2147 Eras-

947 2166 1004 2204 mi‚
1041 2166 1241 2206 ‘AEsopicus
1277 2165 1458 2205 graculus!
1511 2165 1652 2202 Cornix,

948 2216 1016 2254 vel,
1034 2224 1167 2256 gracus,
1184 2219 1222 2246 ut
1240 2215 1296 2246 alii
1315 2216 1445 2256 volunt,
1459 2216 1651 2256 plumarum

949 2275 1084 2296 suarum
1121 2270 1268 2306 pertaesa
1303 2266 1385 2297 alias
1424 2265 1651 2307 undequaque

950 2319 1104 2346 mutuata
1122 2319 1188 2346 est.
1232 2314 1280 2347 At
1308 2325 1383 2347 curn
1407 2325 1443 2347 se
1463 2316 1581 2346 alienis
1596 2326 1652 2347 co-

950 2365 1078 2396 loribus
1095 2370 1247 2396 ornatam
1273 2369 1310 2396 et
1334 2365 1521 2406 fulgentem
1546 2365 1651 2396 admi—

950 2418 1095 2455 raretur,
1109 2424 1192 2446 ecce
1209 2424 1289 2446 aves
1306 2425 1382 2456 quae
1395 2425 1454 2446 sua
1472 2419 1570 2445 erant
1586 2415 1653 2446 sin-

951 2466 1039 2506 gulae
1076 2471 1272 2506 repetentes
1303 2464 1428 2496 nudam
1458 2464 1548 2495 haud
1579 2464 1653 2496 sine

953 2515 1098 2546 ludibrio
1115 2515 1339 2555 reliquerunt.

994 2569 1035 2597 20
1058 2565 1128 2605 lpse
1139 2564 1213 2605 quid
1226 2563 1336 2604 audes]
1351 2564 1403 2595 Tu
1416 2563 1552 2606 quidem
1565 2564 1653 2605 ipse,

950 2615 1021 2648 Juli
1044 2615 1158 2653 Flore,
1180 2614 1306 2644 nihilne
1331 2622 1472 2654 operum
1496 2614 1654 2644 moliris?

953 2675 1028 2706 qnae
1044 2664 1186 2705 scripta,
1211 2673 1293 2704 quos
1321 2668 1479 2695 auctores
1508 2663 1653 2695 imitaris

953 2718 1011 2746 aut
1027 2714 1167 2751 evolvis,
1191 2712 1280 2744 unde
1297 2713 1420 2745 eximia
1435 2722 1578 2755 quoeque
1595 2713 1654 2744 de-

956 2773 1089 2804 cerpas,
1113 2764 1207 2794 velut
1230 2763 1302 2803 apis
1326 2771 1464 2795 succum
1493 2773 1513 2795 e
1538 2763 1653 2803 thymo

957 2819 991 2846 et
1007 2813 1145 2845 floribus
1165 2812 1324 2854 optimis?
