1930 3242
538 303 813 334 strumosum
851 303 941 333 nis.
973 302 1023 333 11.
1052 292 1096 333 3.

94 399 254 448 Mater,
276 402 318 439 te
340 397 534 452 appello,
556 397 863 438 clamantibus.

1457 292 1543 333 957

923 396 1047 438 Huic
1067 409 1147 450 ego
1166 395 1344 449 vulgum

95 467 241 509 Errori
263 466 446 507 similem
469 467 671 505 cunctum
692 465 888 506 insanire
909 463 1097 506 docebo.

95 533 266 575 Insanit
285 535 460 573 veteres
481 534 651 572 statuas
673 531 980 585 Damasippus
999 530 1209 572 emendo:

96 601 275 654 Integer
293 601 359 640 est
376 597 537 639 mentis
563 598 823 652 Damasippi
847 597 1066 646 creditori
1098 601 1222 649 esto3

95 664 406 720 Accipequod
425 677 649 718 nunquam
670 664 830 705 reddas
851 663 972 713 mihi,
999 665 1038 705 si
1059 665 1139 706 tibi
1161 665 1321 714 dicam,

95 734 222 775 Tune
241 733 424 774 insanus
444 731 545 781 eris,
564 731 602 772 si
625 731 853 784 acceperis
869 731 889 771 ‘l
921 743 976 771 an
995 732 1135 783 magis
1156 743 1330 780 excors,

98 799 287 855 ReJecta
306 797 474 852 praeda,
493 810 626 852 quam
647 809 844 852 praesens
867 796 1114 837 Mercurius
1132 797 1244 839 fert'l

97 939 179 961 voco.
215 929 320 961 Porro
331 930 490 961 ostendam
503 929 643 960 homines
658 929 819 960 universos
833 928 907 959 huic
918 928 988 968 pari
1003 928 1127 959 insania
1142 928 1292 960 laborare.
1329 926 1457 968 Desipit
1471 930 1553 959 certe

96 971 308 1013 Damasippus
322 973 484 1003 mercando
499 972 645 1012 antiquas
660 971 825 1010 imagines.
870 970 925 1001 An
947 979 1017 1001 vero
1038 971 1119 1011 sapit
1143 971 1197 1011 qui
1218 971 1318 1002 credit
1334 968 1555 1010 Damasippo?

97 1013 172 1054 Age
181 1023 194 1051 ‚⁸
214 1016 244 1046 si
259 1014 318 1046 tibi
332 1014 434 1045 dicam
444 1025 454 1045 .·
476 1014 590 1055 Accipe
609 1015 687 1055 quod
708 1023 863 1054 nunquam
879 1013 957 1044 milti
970 1014 1094 1050 reddat,
1108 1023 1149 1044 an
1163 1018 1198 1044 tu
1213 1013 1350 1054 desipere
1365 1013 1554 1044 existimeris

98 1057 128 1087 si
151 1057 305 1098 accipias?
325 1067 366 1088 an
388 1057 541 1097 insanior,
566 1054 595 1088 si
616 1057 755 1097 praedum
778 1055 989 1098 repudiaveris
1014 1066 1033 1086 a
1054 1056 1214 1087 Mercurio
1235 1055 1372 1096 propilio
1394 1052 1555 1086 oblatam?

702 1161 779 1173 eece
785 1161 946 1173 “eece'‘

103 1224 223 1257 docti:
245 1228 327 1257 nota
343 1234 424 1266 gens
448 1225 590 1262 ‘Fnfia,'
615 1235 682 1258 non
701 1227 784 1258 item
808 1232 817 1245 ¹
833 1226 978 1267 Fusia,”
994 1228 1057 1258 διο.
1083 1227 1268 1259 Gema—62
1291 1226 1435 1266 Cuniug.
1458 1225 1555 1256 incla-

102 1267 268 1299 mantibus.
293 1267 391 1299 Harl.
403 1270 435 1299 3.
451 1270 482 1299 4.
497 1271 529 1299 6.
545 1269 644 1300 Gott.
656 1269 724 1300 dno
737 1270 836 1300 codd.
851 1270 1046 1310 Pulnianni‚
1060 1270 1137 1301 Gal.
1155 1279 1209 1311 ap.
1223 1271 1340 1301 Bentl.
1353 1275 1389 1300 et
1401 1268 1556 1309 quaedam

103 1309 183 1341 edd.
199 1319 254 1349 ap.
272 1310 419 1349 Cuning.
435 1310 518 1341 itern
532 1310 609 1341 edd.
623 1311 735 1342 Bentl.
750 1311 895 1352 Cuning.
910 1313 1033 1343 Sanad.
1054 1313 1204 1351 Francis,
1217 1311 1402 1346 Heindorf,
1413 1310 1557 1341 Wetzel.

103 1351 239 1383 Wakef.
251 1357 287 1382 et
310 1352 415 1384 Kidd.
434 1353 556 1391 vulgus.
576 1354 585 1370 ⁸
599 1353 689 1384 Mire
714 1354 890 1385 Bentleius
914 1354 1089 1395 conjunxit
1115 1356 1225 1393 uulgus
1248 1359 1283 1386 et
1309 1354 1456 1390 similem,
1479 1361 1557 1383 cum

102 1394 178 1434 ipse
195 1395 362 1435 repererit
378 1394 412 1424 in
430 1394 540 1425 Libris
553 1396 680 1434 vngum
695 1401 731 1426 et
746 1396 876 1427 similem
899 1396 932 1426 in
958 1397 1078 1427 eodem
1102 1405 1250 1435 genere3
1273 1406 1381 1437 neque
1395 1396 1508 1433 vulgus
1523 1399 1559 1425 et

103 1437 216 1468 similis
232 1436 361 1476 possint
385 1436 531 1475 Syutaxi
551 1437 735 1467 convenire
757 1437 820 1468 hoc
838 1437 936 1469 loco!
960 1438 1061 1469 Baxt.
1107 1437 1271 1468 ‘Similem
1297 1438 1406 1468 intell.
1421 1445 1560 1467 errorem

103 1478 176 1510 huic
189 1479 290 1509 errori
303 1479 453 1517 insanire,
468 1478 540 1508 sive
555 1479 665 1517 volgus
680 1479 774 1509 malis
787 1481 861 1510 sive
876 1480 1017 1518 tulgum,
1038 1484 1149 1520 potest
1167 1480 1306 1519 docere,
1326 1480 1422 1510 salva
1438 1478 1560 1509 Gram-

103 1520 243 1560 matica,
257 1520 456 1552 Stertinius.

501 1520 622 1552 Lectio
640 1521 842 1553 Bentleiana
872 1521 989 1563 itaque
1017 1527 1131 1562 potest
1157 1522 1245 1554 bona
1274 1531 1362 1561 esse,
1384 1522 1468 1553 licet
1492 1530 1559 1552 non

761 1617 902 1650 No'rAE

106 1681 162 1713 vel
179 1680 343 1713 Catienus
359 1680 487 1721 pluries
500 1680 644 1712 iterasse
660 1690 700 1713 ac
711 1690 808 1721 repe-

38 1730 47 1735 “
106 1730 354 1769 tiisse,Mater,
367 1735 401 1761 te
415 1731 808 1772 appello,accipiendus;

107 1780 162 1812 vel
187 1780 244 1811 alii
258 1779 454 1819 histriones,
470 1781 523 1811 vel
545 1781 658 1821 potius
673 1786 808 1822 specta-

107 1834 198 1863 tores
213 1838 364 1861 errorem
381 1829 614 1870 intelligentes
627 1830 810 1871 suggillan-

109 1885 230 1922 tesque
240 1880 494 1912 succlamarunt
508 1890 517 1918 ;
541 1884 644 1921 atque
657 1885 694 1910 ιιι
710 1885 762 1911 est
776 1880 810 1910 in

110 1930 222 1972 Epist.
237 1929 278 1962 ad
306 1930 463 1966 Pisones,
486 1930 496 1948 ‘
513 1929 653 1961 Romani
677 1929 811 1970 pedites

112 1980 314 2022 equitesque
345 1979 546 2011 cachinnum
570 1978 816 2011 Sustulerunt.'

114 2029 238 2060 Errant
247 2029 306 2070 qui
321 2029 460 2061 chorum
468 2029 651 2069 Tragicum
667 2029 813 2068 intelligi

114 2087 217 2119 posse
250 2077 454 2118 opinantur:
486 2082 559 2109 tum
590 2078 681 2118 quod
714 2078 813 2109 unius

117 2127 252 2159 Actoris
276 2131 393 2167 partes
415 2127 562 2158 sustinet
585 2127 719 2165 chorus,
742 2132 813 2158 tum

116 2177 310 2218 praesertim
332 2177 422 2218 quod
436 2177 591 2209 videatur
604 2187 680 2209 esse
696 2183 816 2209 contra

115 2226 293 2267 decorum,
308 2231 347 2258 ut
360 2231 503 2258 matrem
524 2227 677 2268 appellet
693 2227 814 2259 chorus

115 2277 272 2308 similiter
299 2286 376 2309 cum
408 2277 595 2318 Polydoro,
622 2282 658 2309 et
680 2277 816 2309 accinat

117 2327 260 2367 umbrae,
272 2337 349 2368 quoe
366 2327 437 2359 sola
453 2327 517 2359 soli
532 2336 698 2369 apparere
715 2332 750 2359 et
765 2329 814 2360 lo-

118 2378 176 2420 qui
190 2377 415 2418 supponenda
428 2383 494 2410 est.

161 2429 203 2459 ⁶2
225 2427 346 2468 Mater,
361 2431 392 2459 te
405 2427 540 2469 appello]
574 2427 644 2460 Cic.
665 2428 767 2460 Tusc.
794 2437 820 2459 1.

121 2485 155 2509 n.
170 2478 244 2509 106.
266 2478 277 2494 ‘
290 2477 381 2508 Ecce
397 2477 482 2508 alins
497 2477 651 2509 exoritur
674 2487 693 2508 e
716 2482 824 2517 terra,

123 2526 181 2568 qui
193 2531 339 2558 matrem
349 2525 496 2559 dormire
509 2537 576 2559 non
590 2527 701 2559 sinat:
724 2532 732 2546 ⁴
746 2528 821 2559 Ma-

126 2579 193 2615 ter,
207 2580 243 2606 te
259 2576 409 2616 appello,
422 2581 460 2608 tu
477 2587 553 2619 quoe
569 2587 684 2610 curam
703 2587 820 2609 somno

125 2631 321 2664 suspensam
345 2624 452 2665 levas,
468 2628 589 2669 Neque
613 2633 648 2660 te
669 2627 736 2659 mei
759 2628 821 2659 mi-

125 2677 229 2718 seret.
264 2672 386 2714 Surge,
398 2678 435 2706 et
444 2677 551 2717 sepeli
565 2682 693 2718 natum,
704 2677 820 2709 Prius-

126 2732 227 2765 quam
253 2721 335 2754 ferae
366 2725 705 2768 volucresque,’'&c.
751 2728 820 2759 Pro

126 2773 170 2804 Ρ.
199 2772 332 2812 Sextio,
365 2782 400 2804 n.
419 2777 493 2806 126.
526 2777 536 2795 ⁸
554 2777 637 2808 Cum
674 2778 820 2817 veniret,

127 2821 326 2862 emergebat
349 2822 475 2863 subito,
499 2834 572 2856 cum
597 2827 660 2859 sub
687 2827 820 2859 tabulas

862 1681 1096 1722 subrepserat,
1119 1685 1170 1720 ιιι,
1193 1684 1202 1700 ‘
1218 1681 1334 1712 Mater
1352 1683 1384 1710 te
1400 1677 1562 1719 appello,'

863 1730 1017 1762 dicturus
1047 1729 1242 1761 videretur!
1295 1728 1406 1760 Acad.
1432 1729 1498 1761 Qu.
1522 1736 1564 1758 11.

863 1784 872 1798 ¹
886 1779 978 1813 Quid
995 1780 1102 1812 Iliona
1117 1789 1234 1811 somno
1256 1780 1335 1810 illo?
1365 1780 1375 1796 ‘
1387 1779 1504 1810 Mater
1529 1782 1563 1810 te

865 1830 1027 1871 appello!
1053 1831 1178 1862 Nonne
1194 1830 1252 1861 illa
1268 1828 1381 1861 credit
1395 1828 1503 1860 filium
1516 1828 1564 1859 lo-

863 1885 994 1916 cutum,
1009 1885 1046 1912 ut
1059 1889 1138 1912 vere
1155 1883 1357 1921 experrecta
1372 1878 1475 1910 etiam
1492 1886 1565 1908 cre-

861 1929 961 1960 deret
974 1928 996 1959 ?'

905 1978 993 2010 Huic
1021 1987 1078 2017 ego
1102 1979 1242 2018 vulgum,
1269 1977 1343 2018 εμπ]
1377 1975 1565 2009 Ostendam

862 2037 927 2069 ego
943 2028 1063 2068 vulgus
1079 2037 1177 2060 omne
1194 2034 1287 2060 tanto
1303 2028 1428 2059 erroris
1443 2035 1566 2066 sopore

864 2078 1035 2117 obrutum,
1052 2078 1158 2109 veluti
1173 2079 1335 2110 Catienus
1355 2078 1424 2115 ille,
1440 2082 1478 2108 ιιι
1494 2077 1568 2108 nul-

862 2127 906 2158 lis
935 2127 1224 2159 admonitionibus
1254 2128 1384 2160 retrahi
1417 2132 1520 2169 queat
1548 2136 1569 2158 a

867 2175 980 2207 studio
995 2177 1098 2208 lucri:
1122 2177 1224 2208 immo
1241 2186 1336 2218 saepe
1356 2186 1423 2208 non
1447 2176 1568 2208 adver-

869 2230 921 2257 tat
947 2227 1058 2258 omnia
1086 2236 1145 2257 sua
1171 2226 1338 2267 perdendi
1368 2227 1570 2268 periculum,

868 2275 948 2307 dum
965 2276 1007 2307 ad
1023 2277 1172 2316 speciem
1189 2281 1340 2318 quaestus
1354 2276 1476 2309 fertur.

910 2331 950 2359 65
970 2328 1159 2369 Damasippi
1170 2329 1320 2370 creditor]
1343 2329 1515 2370 Perissius,
1525 2328 1569 2360 de

868 2387 934 2419 quo
949 2387 1040 2418 mox,
1056 2379 1112 2419 qui
1139 2379 1244 2410 stulte
1265 2379 1478 2420 Damasippo
1495 2388 1570 2409 ver·

870 2427 982 2469 sipelli
1006 2432 1042 2459 et
1065 2428 1180 2460 doloso
1204 2429 1315 2461 credit
1342 2438 1401 2460 seu
1429 2433 1570 2463 statuas,

868 2487 960 2514 vasa,
976 2478 1104 2519 domos,
1119 2488 1178 2509 sen
1193 2478 1370 2519 pecuniam
1388 2477 1440 2508 bis
1455 2486 1570 2508 emen-

870 2528 943 2560 dis:
969 2529 1074 2560 stulte
1101 2537 1235 2569 quoque
1259 2533 1292 2558 et
1316 2526 1445 2557 frustra
1465 2536 1572 2567 opera

872 2577 971 2609 Nerii
997 2577 1193 2617 argentarii,
1219 2580 1256 2607 et
1277 2576 1418 2608 solertia
1442 2576 1572 2609 Cicutae

872 2626 978 2658 astuti
994 2626 1211 2657 foeneratoris
1226 2625 1279 2656 vel
1302 2625 1494 2657 tabellionis
1507 2627 1573 2658 uti·

874 2681 931 2707 tur
947 2674 990 2706 ad
1005 2673 1209 2706 nectendum
1232 2674 1322 2705 belle
1339 2684 1378 2706 ac
1393 2675 1459 2707 rite
1477 2675 1573 2707 debi-

875 2731 997 2757 torem.
1042 2724 1179 2764 Quippe
1204 2724 1230 2755 is
1250 2724 1345 2756 velut
1360 2724 1506 2758 Proteus
1522 2725 1573 2758 ef-

875 2774 984 2815 fugiet
1001 2774 1218 2814 creditorem‚
1231 2784 1270 2806 ac
1289 2779 1341 2806 tot
1356 2776 1487 2808 artibus
1503 2777 1574 2808 elu-

877 2827 950 2867 det,
966 2831 1003 2858 ut
1018 2826 1167 2859 debitum
1184 2835 1355 2868 nunquam
1372 2827 1504 2859 reddat.
